1945 3235
572 121 755 163 LIBER
789 122 1116 163 SECUNDUS.
1489 127 1567 169 219

142 244 315 275 eausam
345 228 568 280 accedunt,
598 236 642 269 et
662 241 718 268 ex
750 226 936 270 nominis
966 226 1009 267 vi
1040 226 1230 267 nascitur
1260 228 1568 270 controversia.

143 303 243 330 narn
280 302 324 329 et
364 287 598 341 relinquere
637 298 806 335 navem,
838 292 882 324 et
917 297 1134 324 remanere
1165 284 1208 323 in
1238 286 1351 335 navi,
1383 286 1568 340 denique

145 346 265 387 navis
284 346 376 402 ipsa
395 343 498 399 quid
520 343 589 393 sit,
616 341 938 383 definitionibus
963 340 1183 395 quaeritur.
1245 339 1403 381 Iisdem
1426 351 1568 382 autern

144 417 199 444 ex
222 403 326 444 locis
348 400 560 450 omnibus,
581 399 736 455 quibus
759 398 981 439 definitiva
1010 397 1278 448 constitutio,
1301 398 1567 438 tractabitur.

203 460 346 510 Nunc,
373 457 581 513 expositis
613 456 665 497 iis
696 455 1155 511 argumentationibus,
1177 469 1273 509 quae
1305 455 1347 495 in
1364 454 1569 509 judiciale
1583 461 1656 498 155

144 530 365 558 causarum
388 529 522 571 genus
543 513 937 562 accommodantur,
956 512 1156 568 deinceps
1179 512 1222 551 in
1244 511 1571 553 deliberativum

143 588 277 629 genus
296 581 338 613 et
355 571 754 620 demonstrativum,
786 569 1114 624 argumentandi
1147 568 1263 609 locos
1291 578 1334 610 et
1355 578 1572 625 praecepta

143 631 353 680 dabimus,
375 643 461 669 non
492 642 577 683 quo
599 641 687 668 non
718 626 762 667 in
794 627 936 681 aliqua
968 626 1278 668 constitutione
1299 627 1438 667 omnis
1461 640 1572 666 sem-

144 702 219 743 per
249 701 376 728 causa
399 695 615 736 versetur3
648 683 721 724 sed
743 684 893 739 84quia
921 684 1083 740 proprii
1114 693 1257 724 tamen
1289 684 1439 724 harum
1469 697 1571 724 cau-

143 758 284 785 sarum
312 742 486 797 quidam
519 742 602 783 loci
637 749 749 792 sunt,
772 755 859 781 non
881 756 906 781 a
934 740 1245 782 constitutione
1275 741 1472 797 separati,
1496 739 1567 780 sed

142 801 194 841 ad
217 800 321 840 fines
345 800 495 841 horum
518 813 722 855 generum
740 799 1069 839 accommodati.
1132 797 1245 838 Nam
1264 798 1417 854 placet,
1437 798 1480 838 in
1495 797 1569 851 ju·
1583 801 1656 836 156

143 857 285 898 diciali
309 871 464 912 genere
490 856 620 898 finem
641 870 732 896 esse
754 856 1016 910 aequitatem,
1039 856 1123 896 1100
1151 864 1230 906 est,
1252 866 1416 911 partem
1438 869 1572 910 quan-

141 914 240 956 dam
261 914 513 955 honestatis.
533 914 578 955 in
599 913 879 954 deliberativo
898 922 1042 953 autem
1072 912 1295 953 Aristoteli
1327 913 1466 968 placet
1488 912 1573 952 uti-

141 971 321 1023 litatem,
343 972 468 1013 nobis
500 980 544 1012 et
576 971 861 1021 honestatem,
888 979 931 1010 et
962 970 1208 1011 utilitatem.
1230 970 1274 1011 in
1308 970 1574 1011 demonstra-

143 1029 248 1080 tivo,
286 1029 570 1070 honestatem.
641 1028 785 1075 Quare
819 1028 863 1068 in
903 1027 987 1068 hoc
1024 1041 1195 1082 quoque
1237 1042 1391 1083 genere
1432 1040 1574 1068 causae

142 1087 342 1142 quaedam
373 1086 766 1143 argumentationes
797 1085 1097 1134 communiter,
1120 1099 1170 1124 ac
1200 1085 1395 1126 similiter
1417 1093 1574 1124 tracta·

142 1144 323 1185 buntur:
356 1143 553 1198 quaedam
575 1141 808 1198 separatius
830 1141 882 1182 ad
905 1140 1049 1192 finem,
1071 1156 1157 1196 quo
1178 1141 1325 1182 referri
1347 1145 1387 1172 85
1401 1155 1574 1181 omnem

142 1201 380 1241 orationem
400 1209 584 1256 oportet,
601 1199 907 1255 adjungentur.
950 1197 1094 1254 Atque
1115 1198 1451 1254 uniuscujusque
1469 1213 1573 1239 con-

143 1258 378 1299 stitutionis
400 1257 645 1313 exemplum
668 1270 908 1312 supponere
938 1271 1024 1297 non
1054 1270 1342 1312 gravaremur,
1363 1256 1445 1296 nisi
1468 1254 1573 1296 illud

143 1315 394 1366 videremus,
407 1314 769 1370 quemadmodum
790 1328 854 1354 res
869 1313 1063 1354 obscurae
1087 1313 1268 1354 dicendo
1288 1314 1437 1353 fierent
1450 1327 1573 1368 aper-
1582 1342 1613 1372 p.
1629 1333 1679 1362 82.

144 1372 294 1424 tiores;
326 1373 387 1413 sic
408 1386 472 1413 res
506 1381 689 1427 apertaS‚
712 1371 982 1412 obscuriores
1010 1371 1101 1412 fieri
1125 1371 1333 1412 oratione.
1366 1370 1496 1411 Nunc
1517 1370 1568 1411 ad
1582 1385 1612 1405 a.

143 1429 459 1470 deliberationis
477 1438 695 1486 praecepta
715 1442 959 1484 pergamus.

197 1487 358 1527 Rerum
391 1486 728 1542 expetendarum
760 1486 842 1526 tria
873 1500 1031 1542 genera
1059 1495 1183 1529 sunt:
1213 1501 1290 1543 par
1314 1494 1457 1527 autem
1488 1500 1567 1526 1111-
1581 1481 1650 1530 52

140 1558 280 1586 merus
302 1544 574 1584 vitandarum
604 1558 659 1584 ex
685 1543 900 1584 contraria
924 1552 1056 1599 parte.
1117 1545 1231 1586 Nam
1264 1554 1327 1584 est
1349 1543 1567 1599 quiddam,
1582 1554 1657 1592 157

139 1601 256 1657 quod
278 1602 407 1642 865113
426 1601 466 1643 vi
488 1616 566 1642 nos
599 1600 733 1642 allicit
762 1601 814 1641 ad
838 1615 941 1651 sese,
964 1617 1049 1642 11011
1080 1602 1370 1643 emolumento
1393 1609 1570 1656 captans

140 1659 298 1714 aliquo,
321 1659 393 1700 sed
413 1658 582 1699 trahens
605 1673 680 1698 sua
701 1658 937 1713 dignitate:
969 1659 1083 1714 quod
1107 1674 1240 1715 genus
1263 1659 1412 1709 virtus,
1435 1658 1575 1699 scien-

141 1716 215 1768 tia,
240 1716 392 1756 veritas
414 1725 494 1757 est.
553 1714 682 1756 Aliud
705 1725 849 1756 autem
871 1731 956 1756 non
980 1727 1155 1772 propter
1182 1731 1301 1757 suam
1326 1716 1410 1756 vim
1433 1724 1476 1756 et
1496 1730 1572 1755 na·-

142 1782 294 1824 turam,
328 1773 400 1813 sed
432 1782 606 1829 propter
635 1772 838 1823 fructum,
876 1782 1004 1828 atque
1034 1774 1279 1825 utilitatem,
1313 1772 1569 1829 petendum:

139 1830 256 1885 quod
288 1844 422 1885 genus
456 1829 637 1886 pecunia
676 1838 754 1870 est.
824 1829 901 1870 Est
934 1845 1060 1886 porro
1093 1831 1297 1886 quiddam
1331 1845 1386 1872 ex
1417 1830 1573 1870 horum

141 1887 334 1943 partibus
349 1887 567 1942 junctum,
589 1887 703 1942 quod
727 1896 770 1927 et
801 1902 876 1927 sua
898 1888 953 1938 vi,
972 1897 1016 1928 et
1036 1888 1249 1943 dignitate
1271 1903 1348 1929 nos
1371 1887 1572 1928 inductos

140 1945 275 1996 ducit,
297 1955 341 1985 et
363 1959 450 2000 prae
482 1958 525 1984 se
558 1944 772 1999 quandam
806 1945 918 2000 gerit
949 1945 1195 1996 utilitatem,
1224 1961 1311 2001 quo
1334 1945 1471 2000 magis
1492 1958 1568 1985 ex—

140 2011 324 2057 petatur,
359 2011 407 2042 ut
435 2002 640 2053 amicitia,
675 2002 788 2042 bona
819 2002 1099 2044 existimatio.
1158 2002 1303 2058 Atque
1324 2018 1379 2044 ex
1401 2002 1469 2043 his
1489 2001 1568 2042 ho-

139 2073 232 2099 rum
263 2059 477 2100 contraria
504 2058 643 2109 facile,
678 2059 920 2099 tacentibus
952 2060 1092 2111 nobis,
1116 2060 1422 2117 intelligentur.
1482 2059 1566 2100 Sed
1581 2070 1653 2113 153

139 2125 187 2157 ut
204 2116 447 2172 expeditius
470 2116 579 2157 ratio
602 2115 807 2168 tradatur,
829 2130 893 2167 ea,
915 2131 1011 2172 quae
1031 2118 1266 2174 posuimus,
1291 2119 1407 2159 brevi
1429 2117 1569 2159 nomi-

139 2174 370 2214 nabuntur.
433 2173 547 2214 Nam
577 2173 621 2214 in
654 2173 793 2229 primo
823 2188 978 2230 genere
1011 2190 1107 2230 quae
1142 2186 1255 2226 sunt,
1287 2176 1466 2217 honesta
1494 2190 1570 2231 ap-

137 2230 423 2287 pellabuntur.
448 2245 545 2285 quae
568 2241 712 2271 autem
733 2231 778 2271 in
801 2232 1003 2284 secundo,
1026 2232 1161 2274 utilia.
1194 2232 1287 2274 haec
1316 2242 1458 2274 autem
1486 2242 1570 2273 ter-—

142 2289 216 2339 tia‚
234 2288 338 2343 quia
358 2297 523 2344 partem
545 2288 782 2329 honestatis
810 2289 1038 2330 continent
1067 2299 1111 2331 et
1138 2291 1240 2345 quia
1260 2290 1399 2345 major
1419 2300 1484 2331 est
1505 2290 1568 2335 vis

136 2344 386 2396 honestatis,
393 2360 412 2400 J
422 2354 561 2387 unctae
575 2360 639 2386 res
653 2346 830 2386 omnino
844 2361 897 2387 ex
908 2347 1069 2404 duplici
1084 2362 1238 2412 genere
1251 2347 1543 2403 intelligentur
1558 2364 1567 2388 z

137 2403 209 2444 sed
238 2403 282 2443 in
317 2404 537 2443 meliorem
570 2412 737 2459 partem
767 2405 965 2445 vocabuli
994 2408 1283 2457 conterantur,
1314 2415 1357 2445 et
1388 2406 1570 2447 honesta.

178 2534 219 2563 84
240 2533 332 2573 Quia
347 2533 474 2573 proprii
488 2536 598 2563 tamen
613 2533 733 2562 harum
750 2532 824 2573 δια]
913 2536 952 2567 85
979 2533 1117 2567 Omnem
1139 2536 1343 2576 orationem]
1369 2537 1420 2568 Sic
1436 2547 1495 2577 pro
1513 2546 1570 2567 rw·

137 2575 188 2604 Sic
201 2574 270 2605 edd.
284 2585 331 2614 pr.
344 2575 506 2619 ’ΔΙ-551010.
520 2580 554 2605 at
568 2574 693 2614 vulgati
704 2574 778 2605 inde
788 2575 828 2606 ab
871 2577 989 2608 tionem
1013 2577 1125 2607 iisdem
1148 2578 1238 2609 libris
1265 2580 1452 2611 auctoribus
1475 2578 1568 2616 dedi3

134 2616 231 2653 Amo,
254 2621 402 2647 tantum:
425 2618 513 2648 Cass
538 2621 723 2653 tantarum,
744 2618 829 2656 quod
871 2619 957 2658 quod
971 2625 1004 2649 et
1025 2620 1094 2650 sine
1115 2620 1204 2651 libris
1224 2621 1294 2652 fieri
1311 2627 1452 2662 poterat.
1468 2621 1570 2652 Aldus

138 2670 156 2689 e
183 2663 293 2690 tamen
309 2661 427 2689 harum
451 2664 568 2690 natum
583 2659 720 2690 videtur.
738 2664 774 2690 tn
795 2665 830 2692 et
872 2662 1013 2692 induxit.

137 2705 185 2730 tm
210 2701 245 2731 in
270 2701 362 2731 libris
380 2701 474 2732 facile
495 2707 738 2742 permutantur.
782 2703 828 2735 Et
914 2704 954 2736 86
978 2703 1050 2735 Sua
1071 2705 1103 2734 vi
1125 2715 1182 2737 nos
1207 2706 1339 2746 allicit]
1365 2706 1499 2737 Correxi
1524 2707 1570 2736 sie

136 2743 199 2772 hoe
231 2743 369 2782 intelligi
393 2748 513 2783 potest,
542 2743 713 2784 vulgatum
750 2754 828 2775 non.
871 2747 1045 2787 vulgatum
1059 2748 1206 2778 alliciat.-
1221 2749 1348 2780 namin
1360 2749 1570 2788 sequentibus

132 2784 216 2816 Mox
229 2785 369 2816 alterum
382 2791 492 2816 antem
501 2791 575 2826 post
586 2787 621 2816 in
630 2787 830 2819 demonstra-
872 2790 918 2820 sie
930 2794 996 2820 est:
1021 2793 1066 2820 est
1083 2791 1368 2831 quiddam—quod
1390 2801 1451 2822 sua
1470 2792 1503 2822 vi
1515 2800 1569 2820 nos

136 2829 213 2863 tivo,
233 2827 420 2858 auctoribus
435 2828 514 2859 Mss.
528 2829 648 2860 nostris
663 2830 828 2868 omnibus,
873 2833 974 2869 ducit,
990 2836 1020 2862 et
1028 2842 1102 2872 prce
1113 2843 1146 2864 se
1160 2835 1247 2866 gerit
1261 2834 1318 2864 ἃς.

134 2875 169 2899 et
183 2869 265 2908 aliiS,
280 2874 312 2902 et
328 2868 397 2901 edd.
416 2880 463 2911 pr.
479 2870 593 2911 delevi.
1157 2866 1174 2872 ⁹
