1945 3235
326 149 377 184 52
804 148 885 188 AD
912 148 1297 189 HERENNIUM

328 264 416 306 quo
438 249 523 302 ille,
542 254 582 286 ³7
596 252 670 308 qui
693 252 905 308 laudetur,
928 254 1071 306 fuerit,
1095 264 1170 297 aut
1188 255 1258 307 sit,
1277 268 1448 312 sperare
1466 268 1544 296 nos
1563 253 1690 298 facile
1707 253 1776 308 iis,

329 308 487 363 quibus
512 309 707 363 velimus,
729 311 860 368 hujus
883 312 999 354 facta
1020 314 1292 369 probaturos.
1355 311 1587 354 Contraria
1606 313 1778 369 vitupe-

330 366 463 408 ratio:
497 368 704 423 quoniam
735 370 896 421 norint,
929 386 1068 426 pauca
1097 371 1150 412 de
1185 369 1379 426 nequitia
1409 369 1503 426 ejus
1525 371 1565 400 38
1579 384 1658 411 nos
1684 383 1778 411 esse

330 422 549 466 dicturos:
572 426 689 481 quod
713 427 746 468 si
767 427 983 483 ignorent,
1008 437 1202 484 petemus
1225 441 1274 469 ut
1293 435 1578 484 cognoscant,
1601 427 1665 468 uti
1686 441 1780 468 ma-

330 480 471 523 litiam
494 483 628 524 vitare
659 485 848 540 possint:
872 486 1077 541 quoniam
1100 485 1328 527 dissimiles
1360 486 1461 537 sint,
1484 484 1558 541 qui
1580 484 1778 536 audiunt,

331 548 462 595 atque
496 540 580 591 ille,
611 541 684 597 qui
720 542 1003 598 vituperatur,
1026 558 1104 584 nos
1136 557 1320 599 sperare,
1354 543 1466 584 illius
1491 543 1626 584 vitam
1647 540 1779 584 vehe-

287 598 318 631 b·
332 606 499 638 menter
522 598 857 654 improbaturOS.
920 600 990 642 Ab
1021 601 1147 642 rebus
1182 601 1301 658 ipsis,
1331 601 1518 642 incertos
1540 613 1647 650 esse,
1673 598 1780 656 quid

333 655 610 711 potissimum
642 656 886 700 laudemus:
909 662 950 693 39
973 658 1121 710 vereri,
1144 672 1213 710 ne,
1235 673 1335 700 curn
1364 659 1502 700 multa
1522 657 1778 721 dixerimus,

335 711 457 767 plura
471 721 791 769 p1·aetereamus‚
810 724 854 757 et
867 730 964 771 quae
979 715 1137 758 similes
1157 716 1391 757 sententias
1410 715 1660 757 habebunt:
1683 728 1781 779 qul-

287 776 319 830 7
337 770 417 810 bus
435 771 658 813 sententiis
679 773 897 815 contraria
914 782 1141 815 sumuntur
1159 789 1184 815 a
1205 774 1537 830 vituperatione.
1596 775 1639 804 40
1655 771 1782 813 Prin-

274 844 320 883 13
335 827 451 883 cipio
480 836 618 870 tracto
639 830 694 871 ab
717 830 861 887 aliqua
890 830 1056 883 haruin,
1078 846 1185 887 quas
1206 841 1307 873 ante
1327 829 1781 880 commemoravimus,

332 885 565 936 rationum,
588 889 776 930 narratio
806 903 893 929 non
915 889 998 930 erit
1024 889 1123 940 ulla,
1144 904 1243 944 quae
1270 890 1511 931 necessario
1541 901 1781 943 consequa-

333 952 427 985 tur:
452 942 524 984 sed
549 944 582 984 si
617 959 703 1000 qua
725 946 940 997 inciderit,
963 961 1064 988 curn
1096 946 1272 1002 aliquod
1294 946 1460 988 factum
1483 946 1593 1002 ejuS‚
1616 945 1670 986 de
1691 958 1779 1001 quo

331 999 571 1056 loquemur,
595 1003 721 1044 nobis
745 1003 1005 1045 narrandum
1025 1004 1080 1045 sit
1109 1019 1210 1046 eum
1235 1004 1376 1056 laude,
1398 1012 1474 1045 aut
1493 1002 1782 1060 vituperatio-

331 1071 399 1108 ne,
424 1059 661 1115 praeceptio
684 1062 884 1102 narrandi
906 1061 958 1103 de
977 1061 1118 1118 primo
1131 1061 1243 1103 libro
1264 1070 1498 1118 repetetur.
1550 1060 1781 1103 Divisione

331 1114 412 1157 hac
443 1126 629 1158 utemur.
688 1121 726 1150 41
747 1118 894 1160 Primo
924 1134 1210 1176 exponemus,
1233 1133 1339 1175 quas
1369 1132 1435 1160 res
1464 1117 1679 1160 laudaturi
1709 1132 1782 1159 su-

330 1186 440 1224 mus,
463 1183 539 1215 aut
572 1175 877 1233 vituperatur-i:
912 1177 1082 1229 deinde,
1113 1186 1162 1219 ut
1190 1191 1391 1233 quaeque,
1414 1190 1558 1233 quove
1585 1184 1785 1232 tempore

331 1244 397 1272 res
426 1231 509 1273 erit
535 1241 672 1289 gesta,
695 1235 845 1276 ordine
865 1235 1072 1286 dicemus,
1095 1243 1156 1286 ut,
1184 1235 1304 1292 quid,
1323 1248 1541 1291 quamque
1564 1241 1657 1276 tute
1677 1248 1780 1275 cau-

331 1297 459 1345 teque
494 1291 646 1347 egerit,
679 1292 960 1348 intelligatur.
1022 1293 1107 1334 Sed
1137 1307 1357 1349 exponere
1390 1292 1614 1349 oportebit
1645 1291 1780 1332 animi

332 1346 513 1388 virtutes
535 1358 611 1389 aut
633 1350 764 1393 vitia:
789 1351 943 1392 deinde
973 1351 1205 1392 commoda
1226 1359 1302 1392 aut
1324 1350 1604 1392 incommoda
1624 1363 1783 1405 corpo-

329 1404 402 1456 ris,
424 1413 499 1446 aut
519 1420 659 1448 rerum
679 1417 971 1459 externarum,
991 1409 1211 1464 quomodo
1234 1409 1288 1450 ab
1306 1408 1453 1449 animo
1477 1416 1661 1449 tractata
1677 1407 1781 1459 sint,

330 1461 640 1505 demonstrare.
703 1466 913 1508 Ordinem
955 1466 1072 1508 hunc
1111 1466 1318 1508 adhibere
1360 1466 1405 1507 in
1443 1465 1781 1507 demonstranda

326 1519 419 1561 vita
437 1521 659 1564 debemus.
720 1524 792 1564 Ab
814 1525 1005 1566 externis
1028 1524 1181 1568 rebus:
1202 1528 1244 1557 42
1259 1539 1411 1581 genus,
1425 1523 1470 1564 in
1488 1522 1639 1565 laude:
1663 1522 1780 1578 [qui-

329 1576 409 1618 bus
432 1578 672 1634 majoribus
698 1589 821 1622 natus
848 1582 903 1622 sit
919 1582 948 1635 t]
973 1582 1008 1622 si
1036 1582 1152 1623 bono
1175 1596 1350 1638 genere,
1370 1594 1517 1638 parem
1540 1589 1615 1622 aut
1635 1579 1780 1623 excel-

329 1636 485 1677 siorem
510 1637 664 1680 fuisse:
690 1640 723 1680 si
759 1639 911 1681 humili
948 1654 1119 1696 genere,
1143 1640 1286 1696 ipsum
1316 1640 1358 1680 in
1385 1639 1488 1691 suis,
1509 1653 1599 1680 non
1621 1638 1667 1680 in
1687 1652 1780 1680 ma-

320 1692 470 1748 jorum
495 1694 729 1738 virtutibus
762 1696 964 1738 habuisse
994 1698 1269 1754 praesidium:
1294 1699 1338 1739 in
1369 1696 1716 1753 vituperatione3
1743 1695 1779 1736 si

330 1751 446 1792 bono
477 1765 648 1808 genere,
671 1754 872 1797 dedecori
896 1755 1135 1810 majoribus
1159 1755 1313 1798 fuisse:
1337 1754 1372 1796 si
1393 1755 1524 1806 malo,
1544 1763 1690 1796 tamen
1713 1752 1780 1795 his

326 1809 431 1865 ipsis
454 1810 715 1853 detrimento
739 1812 886 1854 fuisse.
920 1813 1149 1864 Educatio,
1169 1813 1373 1864 inlaude3
1396 1813 1506 1853 bene
1525 1821 1570 1854 et
1585 1811 1782 1863 honeste,

326 1865 370 1908 in
392 1867 517 1909 bonis
539 1868 780 1927 disciplinis
803 1885 880 1927 per
902 1886 1075 1913 omnem
1099 1871 1332 1929 pueritiam
1351 1875 1393 1904 43
1406 1870 1640 1912 educatum
1661 1884 1779 1912 esse:

367 2010 407 2042 37
431 2009 503 2050 Qui
516 2011 697 2052 laudetur]
724 2012 787 2043 Pro
802 2012 939 2053 vulgato
956 2015 1028 2043 lau-

322 2051 426 2081 datur
455 2052 516 2083 hoe
541 2053 690 2085 dedimus
718 2064 736 2085 e
767 2056 846 2086 Mss.
879 2055 1028 2096 pluribus

323 2093 412 2135 apud
424 2094 509 2125 Oud.
525 2100 559 2126 et
571 2096 621 2126 ed.
637 2097 772 2129 Mediol.

366 2139 406 2168 38
432 2138 505 2168 Nos
518 2139 608 2178 essa]
634 2139 760 2172 Delent
774 2140 854 2171 Mss.
878 2140 970 2171 Cort.
993 2144 1027 2171 et

322 2177 378 2209 alii
394 2179 481 2220 apud
495 2181 646 2212 Oudend.
661 2192 736 2214 cum
753 2183 802 2213 ed.
820 2183 954 2214 Mediol.
970 2193 1030 2213 nec

323 2221 484 2262 displicet.
501 2223 617 2254 Paullo
634 2230 708 2264 post
722 2225 802 2256 Mss.
814 2226 912 2256 multi
928 2227 1030 2257 etiam

324 2264 416 2295 Cort.
431 2270 466 2296 et
487 2266 537 2297 ed.
557 2269 647 2300 1474.
674 2268 812 2306 habent,
827 2270 1032 2300 veliementer

321 2317 479 2348 eoszmpr.

365 2353 406 2384 39
431 2350 571 2392 Vetera]
598 2350 719 2383 Deleto
741 2362 810 2391 nos,
826 2364 843 2384 e
859 2353 922 2384 Ms.
939 2353 1031 2383 Cort.

320 2396 355 2465 {t
373 2394 490 2424 multis
505 2405 558 2435 ap.
575 2394 727 2426 Oudend.
750 2396 800 2427 ed.
828 2399 919 2431 1474.
942 2395 1032 2426 Med.

345 2441 418 2465 unt.

364 2481 407 2508 40
431 2477 602 2519 Principio
622 2485 764 2511 tractato
785 2481 852 2522 ab]
878 2481 965 2522 Quia
976 2491 1029 2512 su-

323 2530 383 2560 pra
408 2526 475 2550 est:
494 2523 699 2563 principium
726 2529 877 2555 sumetur
903 2524 944 2555 ab
971 2524 1031 2555 διο.

325 2572 386 2593 nec
401 2568 451 2593 est
465 2562 535 2594 ha’e
558 2564 665 2596 latina
678 2566 803 2598 forma:
833 2567 976 2599 tractari
990 2567 1031 2596 ab

323 2606 452 2636 ratione
463 2607 588 2646 aliqua,
596 2609 698 2639 statui
710 2609 847 2646 dudum,
855 2609 1030 2649 legendum

325 2652 440 2678 tracto.
457 2648 566 2680 Verba
579 2649 650 2681 haec
665 2655 697 2681 et
714 2651 792 2682 alibi
805 2652 943 2683 confusa
953 2657 1033 2683 sunt

325 2689 360 2719 in
375 2695 552 2730 utramque
567 2698 706 2732 partem.

365 2736 404 2764 41
438 2733 558 2764 Primo
582 2736 802 2775 exponemus]
830 2736 948 2767 Primo
973 2737 1028 2767 de-

323 2774 395 2806 lent
410 2775 489 2806 Mss.
506 2781 540 2807 ct
555 2776 626 2807 edd.
642 2782 722 2808 vett.
738 2780 794 2808 ,ει-[1
810 2780 932 2816 nescio,
949 2790 1029 2819 quo-

324 2818 422 2848 modo
437 2828 550 2849 sensus
563 2829 655 2849 mens
671 2828 844 2861 repugnat,
861 2822 927 2857 cui,
950 2822 1027 2852 sub-

324 2861 392 2889 l‘rto
409 2861 465 2890 illo
490 2861 599 2898 verbo,
616 2863 740 2901 aliquid
762 2864 870 2894 deeese
886 2865 1027 2898 videtur.

322 2902 364 2932 Et
380 2903 463 2934 solet
479 2909 591 2935 noster
607 2915 780 2937 numerare
796 2911 915 2947 partes.

1113 2015 1156 2044 42
1184 2013 1308 2051 Genus,
1322 2014 1358 2044 in
1374 2013 1472 2044 laude
1483 2026 1492 2043 :
1507 2013 1624 2054 quibus
1645 2014 1780 2056 majori-

1073 2055 1130 2085 bus
1156 2060 1257 2087 natus
1280 2056 1348 2096 sit.]
1373 2056 1494 2087 Nescio
1517 2066 1618 2096 quare
1640 2055 1782 2088 addatur

1071 2099 1187 2138 quibus
1207 2099 1287 2140 maj.
1317 2103 1388 2129 nac.
1409 2099 1463 2129 sit.
1485 2108 1565 2129 nam
1587 2098 1650 2130 hoc
1672 2104 1723 2130 est
1745 2099 1781 2130 in

1072 2141 1172 2171 verbo
1183 2150 1308 2180 genus,-
1332 2144 1367 2172 et
1381 2147 1432 2172 est
1456 2140 1565 2172 alieno
1579 2141 1666 2179 loeo,
1684 2141 1781 2173 debe-

1074 2187 1187 2222 retque
1202 2193 1270 2214 esse
1283 2187 1358 2225 post
1371 2193 1486 2222 genus.
1509 2190 1559 2215 est
1572 2193 1671 2225 porro
1690 2194 1780 2215 com·

1074 2235 1174 2256 mune
1187 2226 1276 2258 laudi
1288 2229 1322 2257 et
1334 2226 1588 2267 vituperationi:
1604 2226 1658 2258 hic
1667 2231 1782 2259 autem

1074 2267 1289 2306 desideratur,
1312 2268 1400 2308 quod
1422 2268 1510 2300 laudi
1532 2269 1704 2310 proprium
1725 2270 1782 2302 sit.

1075 2309 1145 2341 Nec
1159 2310 1299 2352 denique
1314 2321 1393 2342 mox
1407 2313 1442 2342 in
1467 2313 1707 2352 vituperatione
1720 2312 1781 2344 ali-

1075 2353 1154 2392 quid
1167 2353 1311 2385 additur.
1334 2354 1451 2393 ltaque
1473 2356 1623 2395 spurium
1637 2358 1687 2385 est
1708 2355 1780 2387 sine

1075 2395 1187 2433 dubio,
1202 2407 1221 2427 e
1235 2396 1343 2437 glossa
1365 2401 1497 2434 natum,
1512 2401 1611 2438 atque
1625 2396 1706 2428 adeo
1720 2398 1782 2439 eji-

1075 2438 1239 2469 ciendum.
1265 2439 1367 2470 Uncis
1381 2439 1510 2470 inclusi.

1115 2483 1157 2511 43
1181 2481 1376 2512 Educatum
1387 2491 1453 2512 esse
1461 2494 1471 2511 .·
1482 2483 1519 2512 in
1529 2481 1782 2522 vituperatione,

1074 2523 1215 2563 contra]
1269 2524 1372 2555 Valde
1394 2524 1447 2554 hic
1482 2525 1613 2556 variant
1641 2525 1779 2556 codices.

1075 2566 1223 2597 Graevius
1237 2567 1316 2598 fecit
1337 2577 1377 2597 ex
1392 2567 1458 2597 ista
1475 2568 1655 2599 varietatez
1677 2577 1781 2608 quam

1073 2609 1150 2640 bene
1162 2613 1194 2639 et
1209 2611 1336 2640 honeste
1350 2611 1385 2640 in
1400 2610 1488 2640 bonis
1501 2610 1680 2651 disciplinis
1700 2606 1782 2641 tebn-

1068 2661 1149 2692 pore
1162 2653 1422 2692 totiuspuen'tz'oe
1431 2651 1557 2692 siam-it.
1579 2653 1676 2684 male.
1701 2661 1781 2684 nam

1074 2695 1280 2726 constructio
1303 2699 1466 2732 mutatur,
1481 2705 1556 2734 quae
1570 2706 1591 2726 a
1604 2695 1780 2736 preceden-

1070 2741 1105 2768 te
1122 2746 1190 2768 non
1210 2736 1308 2767 debet
1333 2737 1527 2778 discrepare.
1571 2738 1644 2778 Ego
1665 2737 1780 2778 vulga—

1071 2785 1146 2811 tum
1159 2780 1294 2811 servavi.
1309 2780 1372 2810 Sed
1385 2789 1443 2820 pro
1455 2789 1472 2810 e
1484 2780 1779 2819 contran'meMss.

1070 2827 1104 2853 et
1120 2821 1193 2852 edd.
1207 2832 1257 2862 pr.
1284 2821 1358 2854 dedi
1380 2827 1514 2856 contra,-
1539 2823 1628 2863 quod
1649 2826 1778 2854 rectum

1069 2870 1104 2897 et
1119 2865 1153 2896 in
1168 2865 1230 2898 tali
1243 2865 1351 2897 forma
1365 2865 1527 2898 usitatum
1541 2870 1602 2898 est.
