1945 3235
409 149 484 185 ⁴92
996 146 1269 185 BRUTUS.

410 263 538 303 quam
558 248 736 290 bellator
759 248 865 291 fnit:
897 248 1142 301 effrenatus,
1164 260 1206 292 et
1228 264 1324 291 acer
1348 249 1488 302 nimis,
1510 251 1582 293 sed
1606 251 1714 295 bene
1735 251 1850 309 jurie'

412 306 574 362 publici
602 307 713 361 leges
735 317 864 362 atque
887 307 1084 349 instituta
1105 317 1382 363 cognoverat.

472 363 571 405 Hoc
594 364 687 404 loco
721 363 908 414 Atticus,
937 365 1135 406 Putarem
1170 377 1223 415 te,
1258 365 1411 418 inquit,
1434 364 1710 406 ambitiosum
1740 379 1847 419 esse,

412 420 446 461 si
469 425 537 472 (ut
549 422 718 470 dixisti)
743 423 905 477 ii,quos
921 421 1087 474 jamdiu
1112 422 1294 476 colligis,
1312 421 1516 463 viverent.
1556 421 1718 464 Omnes
1731 423 1846 466 enim

413 493 738 525 commemoras,
758 480 829 534 qui
851 480 939 519 ausi
964 479 1192 534 aliquando
1210 489 1310 519 sunt
1331 488 1490 519 stantes
1516 478 1648 535 loqui,
1670 488 1719 520 ut
1739 479 1848 537 mihi

329 531 400 586 78
416 535 661 592 imprudens
696 536 761 576 M.
799 536 1023 576 Servilium
1066 537 1319 592 praeteriisse
1363 536 1543 577 videare.
1622 536 1740 588 Non,
1782 536 1848 579 in-

321 603 555 647 250quam.
579 608 660 648 ego
695 594 804 634 istnc
828 593 995 649 ignoro,
1020 592 1250 649 Pomponi,
1283 593 1439 634 multos
1477 592 1622 645 fuisse,
1644 594 1718 649 qui
1753 608 1844 645 νει-ε

414 650 513 691 bum
539 665 771 704 numquam
796 651 837 690 in
873 649 1047 705 publico
1083 650 1298 701 fecissent,
1321 665 1419 691 cum
1441 650 1592 691 melius
1623 651 1845 708 aliquanto

407 718 598 763 possent,
632 722 759 761 quam
796 707 863 747 isti
899 717 1102 759 oratores,
1136 722 1243 762 qnos
1276 707 1448 763 colligo,
1482 708 1647 750 dicere:
1681 708 1755 750 sed
1777 707 1843 750 his

405 765 794 805 commemorandis
828 764 955 805 ctiam
992 764 1094 805 illud
1129 778 1345 819 assequor,
1375 774 1423 805 ut
1464 764 1714 822 intelligatis
1756 766 1843 821 pri-

405 836 522 862 mum
553 836 605 862 ex
639 821 754 861 omni
790 836 982 872 numero,
1011 837 1138 876 quam
1170 836 1252 862 non
1289 821 1410 862 multi
1446 823 1535 863 ausi
1569 823 1655 863 sint
1685 823 1844 874 dicere,

314 879 558 920 271deinde
579 893 632 919 ex
658 879 708 919 iis
733 879 848 934 ipsis,
870 894 996 935 quam
1023 879 1147 934 pauci
1172 878 1330 919 fuerint
1352 878 1475 919 laude
1505 879 1640 936 digni.
1700 883 1736 911 8¹
1754 879 1843 921 Ita-

402 950 486 991 que
520 951 572 978 ne
606 936 683 976 hos
717 936 891 990 quidem
921 937 1086 991 equites
1122 935 1357 985 Romanos,
1379 935 1540 977 amicos
1562 945 1745 987 nostros»,
1768 937 1842 992 qui

400 1007 539 1049 nuper
578 994 734 1033 mortui
769 1002 881 1044 sunt,
918 993 967 1034 P.
989 993 1238 1034 Cominium
1272 992 1560 1048 Spoletinum,
1591 1007 1678 1049 quo
1715 1008 1842 1035 accu-

400 1062 523 1092 sante
544 1050 715 1092 defendi
741 1050 791 1092 C.
814 1050 1087 1092 Cornelium:
1121 1051 1162 1091 in
1187 1066 1272 1106 quo
1294 1060 1337 1091 et
1359 1050 1648 1106 compositum
1669 1049 1839 1094 dicendi

400 1121 551 1164 genus,
571 1121 612 1150 et
629 1122 740 1158 acre,
761 1119 802 1148 et
825 1108 1075 1164 expeditum
1101 1107 1206 1149 fuit:
1239 1107 1290 1148 T.
1314 1106 1497 1149 Accium
1522 1107 1839 1160 Pisaurensem,

398 1165 468 1221 cuj
479 1181 524 1206 us
547 1165 809 1208 accusationi
835 1166 1034 1222 respondi
1058 1181 1135 1222 pro
1150 1165 1203 1206 A.
1219 1165 1448 1217 Cluenti03
1479 1165 1551 1220 qui
1575 1174 1619 1207 et
1641 1172 1841 1207 accurate

396 1223 585 1274 dicebat,
616 1233 659 1264 et
682 1223 783 1263 satis
805 1223 1005 1279 copiose:
1038 1233 1212 1278 eratque
1235 1233 1442 1278 praeterea
1470 1223 1623 1264 doctus
1655 1221 1841 1264 Herma-

397 1294 515 1337 gorae
540 1281 793 1337 praeceptis:
826 1281 982 1336 quibus
1004 1281 1082 1321 etsi
1107 1291 1357 1321 ornamenta
1374 1295 1460 1321 non
1483 1280 1585 1322 satis
1607 1279 1755 1336 opima
1774 1280 1841 1321 di-

395 1338 536 1390 cendi,
567 1348 725 1389 tamen,
756 1347 803 1378 ut
825 1338 960 1379 hastae
995 1338 1195 1379 velitibus
1217 1347 1462 1388 ament-atae,
1497 1337 1558 1378 sic
1590 1346 1692 1393 apta
1719 1351 1838 1393 quae-

394 1396 509 1446 darn,
531 1405 574 1437 et
597 1406 745 1452 parata
763 1395 942 1451 singulis
973 1410 1192 1436 causarum
1227 1395 1456 1451 generibus
1476 1403 1733 1451 argumenta
1750 1403 1837 1436 tra-

395 1453 579 1495 duntur:
613 1453 755 1493 studio
788 1464 932 1493 autem
966 1452 1197 1502 neminem,
1221 1467 1298 1492 nce
1334 1452 1543 1493 industria
1575 1451 1739 1507 majore
1760 1466 1835 1493 co-

304 1513 382 1553 272
396 1512 543 1568 gnovi.
604 1511 878 1565 Quamquam
899 1524 952 1550 ne
975 1509 1149 1564 ingenio
1180 1509 1354 1563 quidem
1385 1509 1456 1564 qui
1487 1509 1750 1565 praestiterit,
1773 1507 1837 1550 fa-

260 1575 294 1608 1⁹·
312 1567 476 1610 190·eile
494 1568 693 1618 dixerim,
715 1567 766 1608 C.
792 1566 955 1618 Pisoni,
976 1580 1133 1622 genero
1157 1580 1267 1607 meo.
1287 1565 1450 1606 nullum
1471 1575 1639 1622 tempus
1661 1565 1720 1606 illi
1741 1580 1835 1606 um-

353 1617 523 1681 a'quam
549 1626 730 1667 vacabat
751 1634 826 1665 aut
847 1639 871 1664 a
894 1623 1052 1665 forensi
1078 1623 1284 1674 dictione,
1307 1631 1380 1664 aut
1411 1637 1436 1663 a
1467 1622 1834 1666 commentatione

392 1683 644 1734 domestica,
667 1691 743 1723 aut
763 1697 788 1722 a
810 1681 1051 1731 scribendo,
1074 1690 1147 1722 aut
1178 1696 1202 1721 a
1231 1679 1481 1737 cogitando.
1513 1679 1659 1736 itaque
1689 1688 1833 1723 tantos

390 1756 616 1798 processus
652 1739 884 1790 efficiebat,
918 1748 965 1779 ut
1004 1737 1188 1789 evolare,
1220 1752 1306 1779 non
1339 1751 1565 1779 excurrere
1598 1737 1830 1780 videretur.

390 1808 566 1854 eratque
589 1798 817 1839 verborum
839 1806 882 1838 et
915 1795 1103 1836 delectus
1136 1795 1322 1851 eleganS,
1345 1805 1388 1836 et
1418 1805 1520 1851 apta
1550 1803 1594 1836 et
1621 1794 1742 1850 quasi
1765 1808 1835 1836 ro-

390 1858 527 1898 tunda
556 1854 847 1897 constructio:
880 1867 1064 1908 cumque
1096 1862 1351 1909 argumenta
1381 1851 1745 1908 excogitabantur
1776 1851 1832 1894 ab

389 1929 442 1956 eo
461 1913 609 1964 multa,
631 1923 675 1954 et
697 1912 820 1953 firma
845 1911 907 1952 ad.
922 1910 1204 1967 probandum,
1234 1920 1323 1951 tum
1356 1909 1581 1951 concinnae
1604 1916 1831 1965 acutaeque'

390 1971 641 2013 sententiae:
686 1979 917 2026 gestusque
959 1978 1110 2008 natura
1143 1968 1203 2008 ita
1245 1976 1462 2018 venus-tm,
1501 1975 1550 2008 ut
1581 1981 1647 2008 ars
1682 1966 1830 2018 etiam,

388 2044 486 2084 quae
511 2043 596 2070 non
620 2037 724 2078 erat,
747 2036 790 2067 et
812 2040 834 2067 e
853 2024 1081 2081 disciplina
1099 2035 1242 2066 motus
1264 2024 1439 2081 quidam
1474 2023 1687 2065 videretur
1707 2037 1837 2065 acce-¹

387 2088 502 2128 dere.
525 2100 687 2135 vereor,
719 2099 771 2125 ne
805 2097 950 2124 amore
983 2083 1127 2124 videar
1159 2082 1292 2138 plura,
1317 2096 1444 2137 quarn
1476 2080 1636 2122 fuerint
1665 2081 1708 2121 in
1740 2079 1829 2132 illo,

388 2144 554 2187 dicere:
587 2142 703 2198 quod
726 2156 812 2182 non
836 2141 896 2182 ita
916 2149 994 2180 est.
1017 2140 1100 2181 alia
1120 2140 1232 2181 enim
1266 2140 1318 2180 de
1340 2138 1411 2180 illo
1435 2138 1600 2194 majora
1619 2137 1705 2180 clici
1729 2153 1829 2194 pos-7

391 2213 504 2243 sunt.
528 2216 625 2241 nam
649 2215 726 2241 nec
748 2197 1030 2248 continentia,
1054 2210 1131 2238 nec
1155 2197 1327 2253 pietate,
1351 2210 1428 2237 nec
1454 2195 1538 2237 ullo
1561 2209 1716 2252 genere
1739 2195 1826 2237 vir-

390 2260 493 2301 tutis
515 2271 771 2314 quemquam
793 2255 985 2311 ejusdem
1007 2254 1148 2295 aetatis
1164 2269 1262 2295 cum
1284 2253 1356 2294 illo
1375 2252 1683 2295 conferendum
1703 2261 1825 2308 puto.

307 2308 379 2363 79
393 2317 486 2359 Nec
509 2331 607 2357 vero
631 2315 698 2355 M.
721 2314 912 2355 Coelium
945 2311 1287 2362 praetereundum
1321 2310 1519 2361 arbitror,
1536 2318 1824 2365 quaecumque

299 2379 375 2418 273
390 2375 481 2430 ejus
505 2374 547 2415 in
577 2373 698 2415 exitu
732 2370 798 2412 vel
834 2363 1019 2420 fortu‘na,
1052 2369 1116 2410 vel
1144 2383 1263 2410 niens
1286 2367 1392 2409 fuit:
1425 2368 1499 2422 qui
1521 2367 1724 2422 quamdiu
1747 2381 1823 2407 au-

387 2432 579 2474 ctoritati
603 2445 709 2471 meae
733 2428 889 2484 paruit,
910 2427 1004 2468 talis
1025 2426 1220 2467 tribunus
1243 2425 1379 2482 plebis
1401 2424 1560 2475 fuit,ut
1574 2437 1700 2465 nemo
1717 2437 1822 2464 con-

384 2498 452 2530 tra
471 2489 632 2530 civium
668 2486 931 2543 perditorum
966 2484 1217 2540 popularem
1250 2481 1626 2536 turbulentamque
1646 2479 1822 2522 demen-

384 2548 504 2596 tiam,
535 2561 559 2586 a
587 2554 752 2594 senatu,
781 2552 825 2583 et
855 2557 880 2582 a
916 2542 1127 2582 bonorum
1161 2556 1289 2581 causa
1324 2539 1490 2581 steterit
1524 2537 1818 2580 constantius:

382 2619 512 2661 quam
535 2602 627 2658 ejus
661 2602 891 2650 actionem,
912 2598 1095 2640 multum
1121 2608 1262 2639 tamen
1285 2606 1329 2639 et
1349 2595 1586 2653 splendida,
1620 2603 1664 2637 et
1693 2609 1819 2652 gran-

423 2766 458 2795 81
491 2762 604 2801 Itaque
622 2770 662 2790 ne
683 2761 737 2790 hos
754 2759 881 2799 quidem
897 2767 923 2787 e.
939 2756 998 2796 R]
1024 2756 1078 2786 In·
1121 2765 1172 2796 pr.
1185 2765 1243 2785 nec
1254 2765 1328 2786 vero
1339 2754 1388 2787 M
1409 2754 1541 2785 (hlium
1552 2752 1819 2793 praetereundum

379 2805 451 2837 ten.
471 2810 654 2846 praetere0‚;
666 2812 684 2833 e
709 2801 939 2841 superioribuS,
969 2799 1078 2830 Servi·
1121 2799 1284 2845 arbitror..
1298 2796 1496 2845 Paullolpost
1508 2799 1702 2843 ornamenta
1711 2795 1820 2835 opima

379 2847 675 2890 kumpraeeeriisse.
720 2843 879 2876 Similiter
892 2842 968 2873 infr.
983 2852 1011 2872 c.
1024 2845 1075 2877 79.
1120 2845 1200 2872 sunt
1213 2851 1234 2872 a
1246 2839 1358 2879 Rwio;
1382 2838 1463 2871 olim
1477 2843 1550 2872 erat
1571 2842 1705 2885 aptum,
1719 2836 1820 2872 male.
