1945 3235
689 104 951 153 TOPICA.
1473 115 1549 152 5⁹1

92 210 208 252 sunt.
271 210 500 254 Refutatio
533 219 679 254 autem
713 210 1020 262 accusationis,
1054 211 1099 252 in
1130 227 1218 268 qua
1249 223 1316 256 est
1347 214 1548 273 depulsio
1560 228 1621 264 93⁷

92 267 304 323 criminis,
326 286 426 327 quae
450 270 608 313 Graece
629 276 728 320 ςέο-ις
747 270 921 320 dicitur,
946 268 1101 310 Latine
1124 272 1365 327 appelletur
1382 283 1548 318 status:

91 324 138 367 in
174 342 261 381 quo
295 330 485 386 primum
520 329 683 372 insistit
719 328 842 386 quasi
870 327 923 368 ad
958 329 1292 384 repugnandum
1317 346 1552 388 congressa

88 383 304 429 defensio.
364 387 512 444 Atque
528 389 660 429 etiam
684 389 728 429 in
750 384 1137 428 deliberationibus
1160 395 1204 426 et
1226 386 1551 432 laudationibus

91 441 225 486 iidem
248 445 467 487 exsistunt
499 455 651 487 status.
712 445 829 487 Nam
863 452 908 484 et
932 452 1151 500 negantur
1182 459 1299 501 saepe
1317 460 1368 487 ea
1389 447 1551 501 futura,

90 514 192 555 quae
215 503 270 544 ab
293 503 440 560 aliquo
463 504 507 545 in
530 503 746 544 sententia
777 501 896 543 dicta
918 511 1019 542 sunt
1052 501 1160 553 fore,
1194 502 1229 543 si
1261 512 1338 544 aut
1370 506 1550 547 omnino

90 557 185 600 fieri
208 574 296 602 non
321 570 517 618 possunt,
540 570 616 602 aut
636 561 729 602 sine
761 574 932 601 summa
960 559 1219 601 difficultate
1241 574 1328 602 non
1352 573 1548 617 possunt.

92 614 147 658 In
176 633 263 675 qua
297 619 677 675 argumentatione
710 628 847 661 status
882 618 1190 674 conjecturalis
1221 619 1410 661 exsistit.
1471 620 1614 673 At‚94

89 689 192 718 cum
217 676 380 733 aliquid
402 677 456 719 de
478 676 682 730 utilitate,
705 677 950 727 honestate,
974 676 1182 732 aequitate
1213 677 1451 730 disseritur,
1474 679 1550 720 de-

86 747 175 788 que
198 733 250 775 iis
273 735 415 786 rebus,
438 750 537 791 quae
561 736 613 777 iis
636 745 738 778 sunt
759 734 1015 777 contrariae:
1049 735 1277 775 incurrunt
1300 745 1452 788 status,
1474 746 1551 779 aut

82 790 212 846 juris,
235 800 312 834 aut
332 793 548 836 nominis:
581 794 699 850 quod
730 794 845 835 idem
873 792 1095 849 contingit
1129 792 1173 833 in
1209 792 1549 837 laudationibus.

91 848 205 890 Nam
227 859 303 892 aut
325 851 476 908 negari
500 861 659 909 potest,
684 851 727 894 id
750 852 917 893 factum
943 865 1050 902 esse,
1073 851 1193 906 quod
1219 850 1439 894 laudetur:
1472 863 1551 895 aut

87 920 177 949 non
215 922 268 950 eo
300 909 479 951 nomine
521 910 816 961 afficiendum,
858 924 946 964 quo
988 908 1188 950 laudator
1223 909 1434 962 affecerit,
1471 923 1550 953 aut

87 966 270 1008 omnino
292 981 379 1009 non
402 982 494 1010 esse
516 968 746 1020 laudabile,
765 968 883 1024 quod
899 981 988 1008 non
1002 976 1133 1019 recte,
1155 968 1359 1024 nonjure
1382 967 1547 1011 factum

90 1023 161 1065 sit.
223 1025 398 1072 Quibus
423 1028 627 1069 omnibus
651 1026 883 1083 generibus
907 1040 1008 1066 usus
1033 1035 1098 1066 est
1120 1025 1249 1067 nimis
1272 1027 1549 1083 impudenter

89 1080 240 1124 Caesar
261 1093 416 1126 contra
429 1085 643 1128 Catonem
666 1098 826 1127 meum.
888 1083 974 1125 Sed
990 1099 1089 1140 quae
1111 1098 1165 1125 ex
1185 1093 1298 1125 statu
1322 1088 1548 1128 contentio
1560 1101 1612 1136 95

86 1140 292 1194 efficitur,
315 1156 411 1184 eam
435 1143 581 1186 Graeci
603 1146 778 1202 κρινόμενον
803 1151 977 1184 vocant.
1009 1141 1118 1183 mihi
1142 1141 1284 1199 placet
1307 1143 1366 1194 id,
1390 1147 1429 1175 35
1441 1159 1550 1200 quo-

87 1198 206 1241 niam
230 1201 406 1256 quidem
428 1202 482 1244 ad
505 1211 549 1244 te
571 1201 730 1252 scribo,
752 1216 841 1257 qua
870 1201 924 1243 de
955 1214 1000 1242 re
1030 1200 1191 1257 agitur,
1216 1202 1376 1243 vocari.
1438 1203 1552 1250 Qui-

89 1256 171 1298 bus
193 1267 340 1301 autem
364 1260 462 1312 hoc,
485 1276 572 1316 qua
593 1261 646 1302 de
668 1273 714 1301 re
730 1259 891 1317 agitur,
913 1259 1178 1310 continetur,
1194 1273 1256 1300 eae
1277 1260 1553 1303 continentia

90 1326 315 1369 vocentur,
337 1319 461 1374 quasi
483 1319 758 1361 firmamenta
778 1316 1061 1369 defensionis,
1083 1318 1242 1373 quibus
1266 1318 1447 1360 sublatis
1475 1320 1553 1361 de-

0 1379 1 1452 l
88 1371 229 1417 fensio
251 1375 369 1417 nulla
391 1377 462 1418 sit.
515 1378 616 1429 Sed,
638 1376 847 1432 quoniam
865 1375 961 1432 lege
983 1375 1150 1416 firmius
1174 1376 1218 1418 in
1241 1378 1550 1419 controversiis

86 1428 383 1490 disceptandis
406 1449 498 1477 esse
517 1435 626 1477 nihil
649 1435 796 1486 debet,
818 1434 962 1476 danda
983 1441 1049 1475 est
1071 1449 1217 1491 opera,
1241 1443 1289 1475 ut
1310 1434 1452 1491 legem
1475 1436 1552 1478 ad-

79 1489 291 1546 jutricem
314 1502 358 1534 et
381 1502 538 1535 testem
558 1492 861 1536 adhibeamus.
925 1491 978 1533 In
998 1507 1085 1548 qua
1105 1507 1150 1533 re
1172 1492 1245 1534 alii
1265 1494 1387 1549 quasi
1412 1504 1549 1537 status

85 1549 306 1593 exsistunt
347 1551 466 1603 novi,
507 1552 583 1608 qui
622 1550 897 1607 appellantur
938 1549 1149 1607 legitimae
1192 1551 1548 1608 disceptationes.

84 1605 199 1649 Tum
223 1609 339 1650 enim
362 1609 611 1652 defenditur
627 1624 716 1651 non
739 1609 780 1650 id
801 1608 944 1665 legem
966 1608 1124 1660 dicere,
1141 1609 1259 1665 quod
1278 1610 1612 1660 adversarius96

83 1665 204 1718 velit,
228 1667 301 1709 sed
333 1666 465 1709 aliud.
528 1667 579 1710 Id
603 1676 751 1708 autem
784 1666 1020 1723 contingit,
1043 1681 1143 1708 cum
1169 1667 1382 1724 scriptum
1406 1670 1547 1710 ambi-

83 1738 220 1779 guum
244 1735 324 1778 est,
344 1734 394 1767 ut
409 1726 506 1768 duae
527 1725 778 1768 differentes
801 1725 1030 1767 sententiae
1055 1725 1196 1782 accipi
1218 1726 1402 1782 possint.
1434 1726 1548 1769 Tum

84 1783 324 1839 opponitur
347 1784 510 1841 scripto
534 1784 735 1827 voluntas
758 1783 999 1841 scriptoriS,
1022 1793 1071 1825 ut
1099 1793 1336 1839 quaeratur,
1361 1786 1548 1828 verbane

83 1840 195 1896 plus,
220 1851 296 1884 aut
317 1842 533 1884 sententia
566 1842 708 1885 valere
737 1842 910 1884 debeat.
972 1841 1085 1883 Tum
1119 1842 1205 1899 legi
1236 1842 1306 1884 lex
1330 1845 1550 1886 contraria.

85 1897 279 1942 affertur.
341 1899 411 1942 Ita
433 1909 534 1943 sunt
557 1901 639 1943 tria
661 1915 836 1958 genera,
859 1915 957 1956 quae
982 1902 1325 1943 controversiam
1359 1901 1546 1944 inomni

83 1957 248 2015 scripto
282 1957 423 2000 facere
457 1969 654 2016 possunt,
688 1959 961 2016 ambiguum,
996 1959 1289 2016 discrepantia
1322 1960 1472 2017 scripti
1501 1971 1546 2003 et

85 2015 338 2069 voluntatis,
360 2026 404 2059 et
436 2018 597 2074 scripta
627 2018 860 2059 contraria.
919 2017 1021 2059 Jaul
1056 2016 1138 2059 hoc
1162 2018 1441 2075 perspicuum
1463 2029 1544 2071 est,
1558 2010 1631 2066 26

82 2087 172 2116 non
195 2075 337 2132 magis
368 2076 412 2117 in
435 2076 622 2133 legibus,
644 2091 775 2132 quam
798 2076 844 2117 in
869 2076 1158 2127 testamentis,
1181 2077 1225 2118 in
1249 2076 1545 2133 stipulationi-

83 2132 180 2185 bm,
203 2134 248 2175 in
268 2133 443 2190 reliquis
476 2135 618 2185 rebus,
640 2149 739 2190 quae
770 2148 825 2176 ex
862 2134 1027 2191 scripto
1061 2144 1266 2191 aguntur,
1290 2150 1417 2192 posse
1438 2151 1545 2178 con-

84 2192 315 2233 troversias
337 2192 509 2234 easdem
532 2193 755 2234 exsistere.
819 2191 993 2234 Horum
1022 2193 1306 2235 tractationes
1327 2193 1426 2234 861„
1448 2194 1543 2236 aliis
1555 2203 1590 2234 b.

84 2248 207 2291 libris
230 2250 522 2307 explicantur.
564 2251 659 2292 Nec
682 2250 1063 2307 solum‘perpetuae
1087 2253 1296 2303 actiones,
1320 2252 1394 2293 sed
1411 2253 1542 2294 etiam
1555 2260 1609 2300 97

83 2317 228 2364 partes
263 2309 472 2350 orationis
507 2309 662 2351 iisdem
694 2309 801 2350 locis
835 2309 1115 2365 adjuvantur,
1149 2311 1307 2366 partim
1343 2312 1544 2367 propriis,

83 2367 244 2423 partim
279 2367 608 2410 communibus:
643 2376 692 2409 ut
718 2367 761 2409 in
799 2368 1042 2424 principiis,
1071 2368 1230 2424 quibus
1267 2379 1313 2409 ut
1338 2370 1544 2421 benivoli,

80 2435 129 2466 ut
151 2425 328 2477 dociles,
352 2435 399 2466 ut
423 2426 580 2467 attenti
605 2426 706 2477 sint,
729 2426 804 2482 qui
827 2427 1023 2475 audiant,
1046 2426 1326 2468 efficiendum
1358 2439 1423 2468 est
1446 2443 1546 2484 pro-

82 2484 186 2539 priis
209 2484 330 2526 loeis.
394 2483 594 2540 Itemque
616 2484 901 2536 narrationes,
921 2493 970 2525 ut
992 2484 1044 2526 a‘l
1068 2500 1167 2526 suos
1201 2484 1307 2526 fines
1332 2496 1546 2541 spectent,

80 2541 124 2582 id
148 2553 227 2594 est,
249 2552 298 2583 ut
320 2542 461 2598 planae
487 2543 587 2591 sint,
611 2552 658 2583 ut
681 2543 848 2594 breves,
882 2552 931 2584 ut
959 2542 1199 2594 evidentes,
1223 2552 1271 2584 ut
1302 2543 1547 2597 credibiles,

79 2609 128 2640 ut
162 2601 413 2652 moderatae,
449 2610 497 2642 ut
537 2616 637 2643 cum
669 2600 900 2657 dignitate.
935 2616 1034 2657 quae
1072 2616 1338 2658 quamquain
1374 2602 1418 2643 in
1453 2614 1547 2645 tota

120 2736 160 2764 85
191 2734 348 2773 quoniam
374 2734 504 2773 quidem
535 2733 581 2763 ad
609 2738 639 2763 te
668 2731 787 2772 scribo]
834 2734 960 2765 Eodem
978 2735 1148 2775 pertinent
1171 2734 1229 2765 illa
1252 2735 1365 2774 paullo
1392 2734 1546 2765 inferius:

77 2777 138 2806 int.
168 2776 208 2806 ad
230 2777 365 2813 1Ctum,
383 2787 506 2806 nomen
531 2778 560 2807 ei
583 2776 668 2807 dabo
685 2786 702 2806 e
725 2777 791 2808 for·
833 2778 1017 2808 dictumest
1032 2779 1067 2808 in
1082 2779 1134 2816 iis,
1157 2779 1191 2808 in
1216 2779 1333 2818 quibus
1356 2778 1413 2808 ἃς.
1429 2778 1486 2808 ubi
1501 2779 1548 2809 vi-

76 2818 278 2859 mulajuris,
288 2830 318 2860 q.
328 2820 361 2859 d.
377 2830 406 2850 r.
418 2831 450 2850 a.
466 2830 495 2850 v.
516 2820 619 2851 Faber
631 2821 788 2852 Semestr.
833 2820 932 2851 detur
953 2820 1110 2851 excidisse
1134 2822 1245 2852 libris.-
1269 2820 1410 2860 deniqne
1433 2831 1547 2860 suppe-

77 2862 104 2899 Ι,
128 2865 175 2893 ll.
400 2899 403 2902 ,
833 2864 988 2895 ditantur
1001 2865 1036 2894 in
1052 2865 1130 2896 aliie
1144 2865 1246 2902 libris,
1262 2871 1299 2895 ut
1314 2863 1355 2894 de
1370 2864 1428 2894 Or.
1439 2863 1472 2894 iu
1484 2864 1544 2896 Or.

119 2905 159 2936 86
175 2906 207 2935 in
223 2906 300 2937 aliis
315 2905 420 2945 libris]
440 2907 502 2938 int.
520 2905 559 2938 de
577 2906 787 2938 Inventione,
836 2909 894 2938 dte.
