1914 3220
274 102 438 153 xxxvi
768 101 812 155 P
824 99 1223 158 RAEFATIO.

271 246 380 280 non
421 228 593 301 magis
627 229 875 293 traditur,
904 246 1075 300 quam
1115 231 1170 284 in
1207 233 1573 303 superioribus
1612 232 1713 286 illis

269 312 502 366 duabus.
583 313 814 368 Secutus
853 322 952 378 est,
989 324 1051 370 ut
1093 317 1424 371 conferendo
1464 311 1714 388 cognovi,

266 399 323 451 in
352 400 663 454 universum
692 401 938 471 quidem,
960 398 1174 475 textum
1205 402 1602 457 Manutianum
1629 404 1714 456 vel

267 482 722 557 Stephanianum.
814 485 967 538 Nam
1030 486 1140 540 fere
1204 489 1462 542 lectiones
1528 488 1713 551 habet,

268 586 406 639 quas
445 571 652 642 primus
693 571 901 625 invexit·
933 571 1220 626 Manutius
1260 582 1593 644 secutusque
1631 580 1714 627 est

264 652 578 726 Stephanus.
658 655 927 711 Professio
954 657 1173 711 editoris
1201 665 1283 711 est
1320 658 1376 710 in
1416 659 1601 729 eapite
1640 658 1710 710 le-

263 741 509 794 ctionum
551 742 841 806 variarum,
876 760 1003 814 quae
1044 752 1171 797 sunt
1211 743 1281 796 ad
1316 744 1525 797 calcem
1551 744 1714 799 Tomi

261 826 551 897 cujusque,
584 846 630 880 e.
673 846 719 880 c.
747 827 809 880 T.
842 828 887 881 I.
929 847 984 900 p.
1025 832 1150 883 315.
1192 829 1429 881 maluisse
1470 848 1521 882 se
1564 830 1710 882 codd.

258 919 491 964 veterum
534 913 882 985 (scriptorum
935 933 1005 966 an
1058 914 1330 967 editorum
1348 915 1388 981 ?)
1445 916 1711 969 lectionem

258 999 530 1060 adnotare,
585 1017 742 1069 quam
799 1018 900 1069 per
936 1000 1179 1070 ¹singula
1232 1000 1342 1051 loca
1396 1002 1706 1060 emendare,-

256 1082 437 1135 relicto
468 1083 743 1136 lectoribus
764 1084 1010 1153 judicio:
1052 1086 1142 1137 sed
1168 1085 1255 1137 nbi
1283 1085 1389 1137 tria
1418 1093 1512 1156 aut
1543 1086 1708 1158 plura

253 1168 572 1238 exemplaria
614 1171 994 1233 concurrerint,
1038 1178 1106 1233 et,
1159 1189 1215 1222 re
1269 1171 1384 1240 ipsa
1431 1170 1586 1222 etiam
1639 1171 1709 1222 lo-

251 1261 462 1324 quente,
503 1255 666 1307 locum
706 1256 969 1327 corrigere
1016 1256 1359 1308 necessarium
1387 1255 1608 1326 fuisset,
1650 1256 1709 1308 id

251 1356 314 1391 ea
349 1357 400 1392 36
440 1339 553 1411 lege
579 1340 793 1411 fecisse,
821 1348 882 1393 ut
921 1341 1004 1393 liic
1032 1360 1234 1413 quoque
1271 1349 1494 1392 veterem
1533 1339 1706 1394 lectio-

251 1442 364 1476 nem
392 1426 705 1478 adnotaret.-
749 1443 875 1496 quae
906 1425 1165 1497 professio
1193 1425 1322 1479 satis
1355 1425 1447 1477 illa
1476 1425 1703 1496 quidem

247 1507 479 1562 honesta
505 1518 604 1573 est,
631 1511 727 1564 sed
755 1510 1175 1582 ambiguitatem
1215 1511 1270 1563 in
1309 1511 1402 1564 illo
1430 1529 1706 1564 concursu

247 1594 488 1666 plurium
530 1596 792 1649 librorum
831 1596 1027 1650 habet:
1070 1596 1242 1667 quod,
1269 1614 1336 1649 ea
1365 1596 1703 1668 exemplaria

247 1696 375 1751 quae
415 1680 634 1744 fuerint,
671 1687 769 1734 aut
809 1682 1013 1753 qualia,
1055 1701 1165 1734 non
1194 1689 1428 1744 constat,
1457 1688 1513 1734 et
1552 1700 1702 1753 saepe

246 1765 495 1837 plerique
548 1765 765 1819 codices
829 1767 886 1819 in
938 1767 1133 1820 vitiosa
1183 1766 1419 1819 lectione
1472 1761 1701 1820 consen-

244 1850 420 1904 tiunt:
477 1851 718 1921 denique
765 1870 894 1915 non,
942 1869 1115 1922 quam
1161 1851 1339 1914 multi,
1387 1851 1481 1903 sed
1525 1847 1698 1922 quam

243 1934 376 1989 boni
407 1935 526 1988 libri
556 1937 920 2000 consentiant,
950 1938 1228 2009 quaeritur.
1309 1936 1418 1989 Sed
1458 1937 1698 2007 pessime

240 2020 684 2074 administratum
711 2040 826 2075 esse
861 2022 966 2076 hoc
1005 2023 1306 2094 negotium,
1334 2040 1415 2074 res
1456 2022 1575 2093 ipsa
1604 2040 1694 2076 me

240 2106 446 2159 docuit.
527 2105 680 2159 Nam
721 2108 1004 2178 permultis
1044 2108 1174 2160 locis
1217 2106 1301 2160 vel
1330 2108 1563 2178 expulsa
1591 2115 1718 2170 est,

241 2190 455 2243 (ludum
509 2199 655 2254 ante,
712 2192 978 2245 bonorum
1030 2193 1291 2245 librorum
1344 2192 1692 2256 auctoritate,

238 2285 494 2329 revocata
545 2276 725 2339 lecti0,
778 2277 863 2329 vel
913 2277 1144 2330 inducta
1196 2296 1355 2339 nova,
1409 2294 1581 2348 quam
1631 2277 1690 2331 in

236 2362 387 2414 nulla
425 2361 554 2415 inde
591 2362 662 2413 ab
698 2361 1052 2415 Ascensiana-
1079 2362 1255 2434 prima
1286 2363 1479 2433 reperi,
1507 2355 1721 2435 eaque

235 2447 564 2519 plerumque
606 2446 754 2500 haud
799 2447 966 2500 dubie
1011 2447 1245 2501 deterior
1280 2448 1519 2519 vulgata.
1602 2436 1714 2502 Ut*

235 2531 395 2602 periti
432 2532 684 2605 judicare
731 2532 943 2603 possint
995 2533 1116 2604 ipsi,
1158 2533 1419 2586 lectiones
1473 2533 1719 2603 aliquot.

234 2617 481 2687 capitum
522 2617 682 2669 unius
710 2618 967 2671 orationis
1007 2636 1306 2690 apponam.
1387 2617 1454 2669 In
1496 2617 1682 2670 Divin.

231 2702 395 2774 igitur
433 2701 488 2753 in
529 2700 713 2754 Caecil.
743 2720 790 2755 c.
825 2709 870 2755 1.
916 2721 1012 2774 pro
1041 2705 1350 2756 descendere
1390 2701 1560 2756 habet
1598 2704 1685 2755 de-

232 2787 1011 2858 scenderim,—prceponendum
1052 2809 1154 2842 esse
1200 2789 1343 2852 mihi,
1396 2806 1495 2860 pro
1533 2807 1599 2841 m.
1637 2807 1679 2841 e.
