1945 3235
297 783 370 817 188

380 153 457 190 55⁶

960 149 1246 190 ORATOR.

294 266 368 305 187
382 252 552 301 Quodsi
575 262 618 295 et
635 263 818 312 angusta
835 256 1033 311 quaedam
1057 265 1186 311 atque
1199 253 1393 306 concisa3
1423 261 1467 294 et
1485 251 1568 294 alia
1587 259 1652 294 est
1672 250 1811 294 67001-

378 311 512 353 latata
533 321 577 352 et
597 312 754 354 diffusa
774 314 934 355 oratio:
967 328 1138 354 necesse
1166 322 1230 353 est
1251 311 1293 352 id
1317 326 1402 352 non
1436 310 1671 351 litterarum
1691 309 1812 363 68130-

378 369 522 410 cidere
559 379 723 421 natura,
747 371 818 411 sed
854 370 1172 412 intervallorum
1209 369 1436 425 longorum
1458 377 1501 408 et
1525 367 1718 408 brevium
1739 381 1814 408 va·

379 426 556 469 rietate:
589 427 744 482 quibus
769 427 988 483 implicata
1009 437 1137 482 atque
1161 427 1363 483 permista
1383 424 1537 476 oratio,
1555 425 1596 459 69
1608 423 1814 480 quoniam

379 494 473 524 tum
497 484 660 526 stabilis
692 494 770 534 est,
794 492 884 524 tum
909 484 1121 535 volubilis,
1151 498 1321 525 necesse
1357 492 1422 523 est
1454 482 1664 537 ejusmodi
1689 489 1814 522 natu-

379 554 470 581 ram
504 543 690 583 numeris
732 541 958 582 contineri.

1035 542 1147 582 Nam
1181 541 1385 582 circuitus
1424 539 1507 590 ille,
1535 553 1660 594 quem
1699 550 1815 594 saepe

375 597 470 652 jam
490 598 695 648 diximus,
718 598 938 639 incitatior
960 612 1136 639 numero
1162 599 1254 654 ipso
1277 597 1410 638 fertur
1424 606 1467 638 et
1489 596 1661 646 labitur,
1675 594 1817 651 quoad

380 656 604 711 perveniat
627 656 679 696 ad
704 655 847 706 finem,
867 665 911 696 et
931 655 1114 696 insistat.

1176 655 1457 710 Perspicuum
1479 664 1544 695 est
1565 653 1712 710 igitur,
1735 666 1815 694 nu·

381 713 509 753 meris
529 713 777 754 adstrictam
800 712 1039 753 orationem
1062 726 1152 753 esse
1173 712 1342 763 debere,
1364 726 1506 753 carere
1532 710 1739 751 versibus.

442 769 525 809 Sed
550 769 593 810 hi
613 769 794 819 numeri,
817 769 1036 826 poeticine
1058 770 1158 821 sint,
1184 783 1235 809 an
1260 783 1314 809 ex
1336 769 1419 810 alio
1439 783 1593 825 genere
1612 767 1816 824 quodam,

381 826 584 882 deinceps
617 835 681 868 est
715 827 962 868 videndum.
1024 827 1177 868 Nullus
1210 835 1275 867 est
1300 825 1433 881 igitur
1460 839 1661 867 numerus
1693 834 1819 866 extra

380 883 603 939 poeticos3
636 894 863 940 propterea
884 884 998 940 quod
1022 884 1200 925 definita
1221 893 1320 924 sunt
1343 897 1499 939 genera
1527 896 1815 923 numerorum.

379 944 421 974 70
434 955 533 981 nam
556 942 696 982 omnis
720 941 813 982 talis
834 952 912 993 est,
935 953 981 983 ut
1013 956 1121 982 unus
1151 942 1206 981 sit
1227 955 1251 981 e
1272 940 1424 981 tribus.
1486 939 1567 981 Pes
1588 939 1718 990 enim,
1740 939 1815 994 qui

380 997 612 1039 adhibetur
647 999 700 1040 ad
733 1013 947 1050 numeros,
983 999 1220 1056 71partitur
1252 998 1295 1038 in
1331 998 1425 1048 tria,
1459 1006 1508 1038 ut
1540 1010 1711 1037 necesse
1745 997 1816 1048 sit,

382 1065 549 1110 partem
573 1056 693 1111 pedis
724 1066 799 1097 aut
833 1057 1037 1113 aequalem
1062 1059 1103 1090 72
1116 1055 1234 1096 alteri
1272 1055 1397 1111 parti,
1418 1063 1493 1095 aut
1523 1054 1657 1095 altero
1680 1061 1817 1105 tanto,

339 1116 459 1153 b-aut
491 1113 630 1168 sesqui
664 1128 755 1154 esse
789 1114 1010 1168 majorem.
1043 1114 1104 1154 ita
1134 1113 1183 1154 fit
1211 1112 1386 1169 aequalis
1416 1111 1626 1167 dactyluS‚
1655 1110 1817 1166 duplex

384 1168 568 1221 iambus,
591 1171 730 1226 sesqui
756 1186 908 1227 paeon;
939 1171 1011 1226 qui
1048 1171 1175 1227 pedes
1207 1170 1249 1211 in
1281 1170 1520 1211 orationem
1549 1183 1635 1210 non
1665 1168 1831 1209 cadere

382 1227 455 1282 qui
471 1231 674 1283 possunt?
693 1229 850 1284 quibus
866 1229 1015 1270 ordine
1029 1228 1321 1284 locatis‚qu0d
1334 1227 1818 1278 efficitur,numerosum

298 1296 371 1332 189
383 1284 439 1325 sit
461 1299 633 1326 necesse
654 1296 733 1327 est.

383 1341 595 1383 tissimum
619 1343 674 1384 sit
699 1343 922 1384 utendum.

796 1286 878 1327 Sed
901 1286 1122 1341 quaeritur,
1142 1301 1228 1341 quo
1251 1299 1444 1336 numero,
1467 1293 1540 1325 aut
1563 1283 1718 1339 quibus
1741 1298 1819 1339 po-

985 1342 1179 1384 Incidere
1201 1357 1301 1383 vero
1324 1356 1471 1383 omnes
1497 1342 1540 1382 in
1562 1340 1818 1391 orationem,

378 1399 511 1440 etiam
533 1414 587 1441 ex
611 1400 693 1441 hoc
722 1401 902 1457 intelligi
928 1410 1084 1456 potest,
1108 1400 1222 1455 quod
1246 1414 1389 1441 versus
1420 1414 1535 1455 saepe
1558 1399 1602 1439 in
1624 1397 1819 1440 oratione

380 1470 456 1511 per
478 1456 812 1513 imprudentiam
834 1458 1040 1499 dicimus:
1071 1457 1256 1512 7³(quod
1291 1456 1566 1498 vehementer
1595 1465 1659 1496 est
1691 1455 1819 1496 vitio-

380 1528 499 1556 sum:
534 1515 604 1556 sed
627 1529 714 1555 non
738 1515 1014 1565 attendimus,
1035 1529 1173 1569 neque
1195 1515 1449 1555 exaudimus
1468 1521 1637 1555 nosmet
1658 1512 1773 1568 ipsos
1787 1514 1818 1564 ;)

379 1570 568 1612 senarios
612 1586 726 1622 vero,
767 1581 811 1612 et
854 1571 1185 1627 Hipponacteos
1227 1571 1417 1627 effugere
1459 1570 1532 1611 vix
1574 1584 1815 1626 possumus.

379 1625 593 1683 Magnam
611 1629 726 1669 enim
749 1638 913 1685 partem
936 1643 990 1670 ex
1015 1628 1169 1669 iambis
1193 1639 1339 1669 nostra
1360 1637 1530 1669 constat
1548 1627 1711 1669 oratio:
1743 1627 1815 1668 sed

377 1693 521 1725 tamen
540 1700 613 1726 eos
635 1700 779 1726 versus
801 1686 926 1727 facile
947 1686 1146 1743 agnoscit
1168 1686 1352 1727 auditor.
1375 1695 1474 1726 sunt
1491 1684 1607 1726 enim
1629 1683 1819 1725 usitatis·

376 1741 490 1783 simi.

417 1868 458 1901 67
474 1869 631 1899 collatam
647 1874 679 1899 et
691 1867 765 1909 diffl
779 1869 841 1909 cm]
858 1868 1002 1900 Verbum
1015 1869 1078 1900 hoc

375 1910 525 1950 nuspiam
554 1910 631 1941 alibi
659 1913 814 1949 occurrit,
841 1922 900 1952 pro
921 1913 1076 1942 dilatata.

375 1951 459 1983 Edd.
482 1953 630 1992 quaedam
655 1960 737 1984 vett.
754 1959 787 1985 et
811 1955 875 1985 Ms.
899 1954 968 1985 vit.
983 1957 1076 1985 collo-

374 1999 465 2031 cata,
481 1995 566 2035 quod
580 1995 691 2027 locum
706 2007 772 2027 non
788 1997 899 2029 habet.
924 1997 983 2027 Ed.
993 1997 1075 2027 Ven.

375 2037 500 2078 Gryph.
517 2039 648 2068 collata.

418 2080 458 2110 63
481 2081 626 2110 accidere
640 2081 688 2120 n.]
714 2081 795 2112 Edd.
809 2086 886 2112 ante
900 2081 974 2112 Ald.
989 2092 1078 2112 acce-

374 2121 462 2158 dere,
490 2128 528 2152 ut
558 2123 622 2153 Ms.
653 2123 722 2154 Vit.
749 2124 847 2164 quod,
877 2134 943 2154 non
972 2124 1076 2162 video,

375 2173 475 2202 quare
489 2169 656 2195 mutatum
679 2166 733 2197 sit.
757 2167 794 2197 id
812 2167 851 2196 de
875 2176 1010 2196 numero
1027 2168 1076 2197 in-

376 2206 609 2246 telligendum:
634 2207 660 2238 is
676 2209 800 2240 accedit
823 2208 864 2240 ad
878 2209 1076 2247 orationem,

378 2257 445 2279 non
461 2249 546 2279 inest
562 2254 691 2281 natura.

419 2291 460 2324 69
495 2293 861 2332 quoniam—contineri]
892 2292 974 2323 Haec
998 2297 1077 2324 sunt

376 2333 447 2364 uine
459 2333 557 2364 dubio
572 2334 707 2364 vitiosa:
733 2345 805 2372 nec,
821 2335 983 2374 quomodo
1006 2345 1077 2365 cor-

377 2375 512 2415 rigenda
529 2377 609 2412 sint,
627 2378 763 2417 reperio.
807 2377 899 2408 Nihil
912 2382 974 2414 est,
991 2377 1076 2408 unde

376 2418 518 2458 pendeat
545 2429 668 2449 necesse
697 2424 755 2457 ese,
783 2420 816 2449 in
840 2429 904 2459 quo
927 2425 975 2450 est
999 2429 1077 2450 con-

376 2460 480 2490 elusio
514 2462 714 2500 argumenti,
770 2462 867 2493 Forte
901 2461 1076 2493 delendum

376 2507 427 2532 est
442 2504 613 2542 quonianw
639 2509 676 2534 ut
699 2504 769 2534 haec
790 2505 991 2540 colum-eant,
1007 2505 1076 2544 qui-

377 2545 435 2574 bus
449 2546 778 2584 implicata—oratio,
795 2551 866 2577 tum
879 2547 1005 2578 stabilis
1017 2551 1075 2584 est,

377 2591 449 2617 tum
463 2588 620 2618 volubilis.
667 2588 710 2618 Et
735 2589 897 2628 reliquum
923 2599 1076 2629 separan-

377 2629 457 2659 dum
470 2639 490 2659 a
503 2630 739 2669 superioribus:
764 2632 881 2671 Itaque
900 2640 1022 2661 necesse
1030 2636 1077 2662 est

377 2671 438 2702 aze.
471 2670 648 2712 Ejusmodi
671 2677 795 2703 natura
808 2674 871 2704 erit
895 2674 929 2704 in
950 2674 1075 2704 stabili·

376 2717 448 2744 tate
461 2717 498 2744 et
508 2713 727 2745 volubilitate.

417 2759 459 2789 70
471 2765 551 2786 nam
564 2757 667 2787 omnis
678 2757 915 2798 talis—tribus]
930 2768 959 2787 v.
973 2757 1078 2798 Quin·

375 2798 427 2829 til.
444 2799 504 2834 lx,
519 2801 550 2829 4.
564 2802 595 2832 7.
611 2803 644 2833 9.

418 2844 455 2876 71
466 2842 621 2883 partitur
635 2842 672 2872 in
684 2841 766 2883 tria]
783 2841 826 2873 In
838 2843 905 2873 tria
919 2843 1000 2874 Mss.
1015 2842 1075 2874 tri-

551 1742 823 1784 Inculcamus
864 1754 1007 1785 autem
1053 1758 1126 1800 per
1165 1743 1498 1799 imprudentiam
1534 1756 1649 1799 saepe
1685 1741 1818 1783 etiam

1120 1868 1180 1899 bus
1203 1868 1339 1907 aberat3
1364 1868 1452 1908 quod
1477 1878 1545 1899 non
1561 1877 1630 1899 esse
1651 1869 1691 1899 de
1714 1866 1819 1899 nihilo

1119 1916 1217 1951 putat
1229 1911 1401 1942 Gruterus.
1430 1911 1537 1942 Locus
1552 1921 1629 1942 sane
1643 1911 1742 1941 durus
1756 1914 1819 1947 est,

1119 1959 1153 1984 et
1167 1954 1303 1984 fortasse
1318 1953 1464 1984 vitiosus.
1493 1955 1612 1985 Sensus
1622 1958 1688 1984 est:
1713 1953 1820 1990 Pedis,

1119 2007 1184 2035 qua
1200 2001 1320 2036 partes,
1335 1996 1400 2026 tria
1413 2006 1534 2036 genera
1547 2000 1641 2028 sunt:
1665 1996 1699 2026 in
1713 1995 1820 2035 primo

1120 2044 1199 2069 sunt
1226 2045 1334 2078 partes
1365 2038 1518 2078 aequales‚
1548 2043 1587 2069 ut
1613 2039 1648 2069 in
1675 2038 1819 2078 dactylo,

1119 2087 1302 2121 anapaesto,
1325 2081 1483 2120 spondeo:
1509 2082 1543 2111 in
1557 2081 1661 2111 altero
1675 2080 1821 2120 inaqua-

1120 2123 1178 2160 les,
1206 2128 1243 2153 ut
1268 2124 1302 2153 in
1328 2123 1451 2160 iambo,
1476 2123 1633 2160 trochaeo,
1662 2122 1718 2152 ubi
1744 2131 1819 2163 pars

1118 2175 1186 2195 una
1197 2166 1302 2196 altero
1323 2170 1419 2195 tanto
1442 2167 1548 2206 major
1568 2171 1617 2196 est
1640 2165 1762 2203 altera;
1785 2165 1820 2195 in

1119 2208 1230 2244 tertio,
1257 2212 1295 2238 ut
1326 2207 1359 2237 in
1389 2217 1516 2248 paeone,
1538 2218 1606 2238 una
1632 2211 1738 2248 parte,
1773 2216 1820 2238 sc.

1119 2249 1232 2289 longa,
1260 2250 1394 2289 reliquae
1421 2257 1500 2280 sunt
1527 2249 1632 2290 sesqui
1665 2251 1818 2290 majores.

1120 2293 1182 2323 Sed
1206 2303 1256 2324 res
1282 2293 1443 2323 brevitate
1474 2293 1642 2323 obscurius
1669 2301 1819 2332 expressa

1119 2340 1180 2365 est.

1161 2379 1202 2411 72
1223 2387 1287 2407 esse
1307 2378 1551 2417 alteri—sesqui
1564 2385 1629 2407 esse
1642 2373 1815 2416 majorem]

1119 2420 1261 2451 Budaeus
1276 2420 1315 2450 de
1327 2429 1396 2450 asse
1412 2430 1443 2460 p.
1456 2430 1500 2450 ni.
1519 2422 1565 2450 10.
1581 2417 1667 2448 delet
1676 2416 1818 2448 alterum

1118 2472 1196 2498 esse,
1217 2467 1251 2492 et
1273 2462 1462 2502 transponit
1491 2461 1588 2492 verba
1611 2459 1731 2490 ultima
1751 2460 1816 2492 sio:

1119 2506 1222 2534 altero
1233 2509 1324 2534 tanto
1337 2503 1507 2546 majorem,
1521 2508 1580 2534 aut
1593 2504 1711 2542 sesqui:
1732 2504 1818 2542 quod

1119 2547 1343 2577 Ciceronianae
1358 2545 1565 2576 collocationi
1581 2544 1747 2582 convenit,
1763 2547 1819 2577 sed

1117 2590 1221 2629 sesqui
1237 2599 1301 2620 esse
1313 2587 1469 2629 majorem
1484 2588 1591 2617 multo
1605 2587 1718 2626 mag-is.
1752 2587 1818 2619 Ita-

1116 2641 1180 2671 que
1194 2632 1336 2672 primum
1351 2641 1416 2661 esse
1428 2639 1502 2660 cum
1518 2630 1581 2660 Ms.
1597 2629 1665 2659 Vit.
1681 2628 1796 2660 delevi.
1810 2654 1814 2657 .

1160 2676 1200 2707 73
1223 2674 1308 2713 quod
1340 2675 1576 2703 vem—nosmet
1603 2671 1698 2711 ipsos]
1737 2671 1819 2703 Haec

1120 2716 1247 2746 suntin
1264 2714 1448 2756 parenthesi
1468 2715 1568 2752 dicta,
1590 2713 1705 2744 deinde
1726 2723 1820 2745 sena-

1119 2759 1184 2788 rios
1196 2769 1225 2788 υ.
1241 2758 1410 2788 cohaerent
1422 2766 1497 2787 cum
1514 2755 1744 2797 superioribus,
1758 2766 1819 2787 nec

1118 2805 1169 2831 est
1182 2810 1275 2831 novae
1289 2800 1463 2831 sententia:
1475 2799 1623 2838 initium,
1637 2802 1677 2829 ut
1699 2797 1735 2830 in
1748 2798 1820 2830 vul-
1846 2812 1848 2814 ·

1117 2843 1214 2884 gatis.
