1945 3235
399 166 475 204 616
771 165 1066 207 ORA'PORIAE
1090 164 1457 207 PARTffloNEsi

398 278 547 310 eturus
569 269 638 321 sit,
657 270 798 323 debet,
817 271 1064 329 hortarique
1086 273 1138 313 ad
1151 272 1398 314 sebreviter
1419 270 1634 313 dicentem
1648 270 1830 320 audie-mr

398 327 517 368 dum.
577 326 852 371 Totaautem
885 331 1037 381 oratio,
1059 329 1258 386 simplex,
1279 338 1323 371 et
1352 329 1510 385 gravis,
1530 337 1575 369 et
1606 325 1827 369 sententiis

399 384 530 425 debet
551 386 741 428 ornatior
761 401 868 438 esse,
889 402 1018 442 quam
1041 389 1195 429 verbis.
1660 424 1663 425 ⁷
1690 414 1693 416 -
1726 418 1727 421 ,
1763 408 1825 427 ψ.

315 439 386 488 28
445 441 510 482 Ὀ.
534 441 583 483 F.
605 441 806 500 Cognovi
833 445 927 499 jain
948 445 1204 486 laudationis
1233 451 1277 485 et
1298 442 1507 485 suasionis
1534 442 1666 484 locos.
1695 455 1829 492 nunc,

336 512 386 547 98
398 512 496 553 quae
512 498 691 554 judiciis
721 502 1047 543 accommodata
1073 503 1172 552 sint,
1194 510 1425 557 exspect03
1456 499 1585 554 idque
1605 499 1828 554 nobisger

396 570 478 597 nus
508 567 665 599 restare
698 573 828 599 unum
872 568 992 615 puto.
1023 581 1025 585 .
1053 558 1106 600 C.
1138 559 1188 600 P.
1226 559 1364 600 Recte
1405 556 1624 613 intelligis.
1663 555 1827 610 *Atquss

395 613 489 668 ejus
511 615 685 669 quidem
716 616 883 671 generis
906 616 1004 657 finis
1023 625 1088 657 est
1109 616 1313 671 aequitas;
1345 631 1441 671 quae
1464 629 1551 656 non
1574 611 1826 670 simpliciter

395 682 627 727 spectatur,
655 673 725 713 sed
757 687 811 713 ex
845 674 1168 729 comparatione
1198 686 1546 729 nonnumquam:
1579 681 1640 722 ut,
1672 673 1712 709 37
1725 683 1826 723 cum

389 728 444 768 de
468 729 686 771 verissimo
700 740 947 772 accusatore
968 731 1225 788 disputatur,
1242 741 1317 771 aut
1337 745 1435 771 cum
1457 727 1722 781 hereditatis,
1735 726 1826 771 sine

388 784 499 841 lege,
522 796 595 826 aut
610 787 700 828 sine
714 796 986 840 testamento,
1004 788 1164 844 petitur
1179 788 1412 843 possessio:
1446 786 1490 827 in
1511 787 1668 842 quibus
1686 783 1826 826 causis

391 842 496 896 quid
520 843 700 898 aequiuS,
725 846 1074 900 aequissimumve
1103 845 1172 896 sit,
1194 844 1426 900 quaeritur:
1458 858 1562 898 quas
1593 843 1646 896 ad
1676 854 1825 883 causas

391 899 572 941 facultas
596 903 756 956 petitur
777 903 1201 959 argumentationum
1219 916 1273 943 ex
1296 901 1362 952 iis,
1384 901 1437 942 dc
1458 901 1614 956 quibus
1635 914 1738 940 mox
1761 898 1826 951 di-

329 967 379 1001 99
392 965 527 1008 cetur,
549 959 765 1013 aequitatis
790 960 908 1002 locis.
969 959 1112 1016 Atque
1134 960 1265 1000 etiam
1283 957 1628 1013 antejudicium,
1649 956 1826 997 decon-

390 1015 609 1056 stituendo
637 1017 731 1072 ipso
758 1017 927 1072 judicio
965 1017 1072 1059 solet
1103 1031 1194 1058 esse
1225 1017 1462 1066 contentio,
1484 1030 1583 1056 cum
1605 1021 1694 1065 aut,
1716 1012 1827 1054 sitne

389 1072 505 1112 actio
528 1073 604 1123 illi,
624 1075 698 1128 qui
722 1076 828 1126 agit,
851 1075 1090 1130 autjamne
1113 1075 1181 1126 sit,
1196 1084 1270 1115 aut
1290 1088 1393 1114 num
1409 1072 1504 1127 jam
1521 1087 1612 1113 esse
1635 1070 1823 1120 desierit,

387 1140 462 1170 aut
484 1128 610 1171 illane
626 1130 733 1187 lege,
752 1127 872 1174 [iisne
888 1133 1026 1174 verbis
1046 1133 1100 1173 sit
1116 1133 1246 1182 actio,
1264 1130 1486 1186 quaeritur.
1527 1130 1639 1183 Quae
1655 1127 1824 1191 etiarnsi

386 1195 502 1238 ante,
525 1202 654 1243 quam
677 1204 740 1230 res
765 1190 807 1230 in
823 1190 1041 1245 judicium
1062 1189 1196 1240 venit,
1217 1198 1292 1230 aut
1322 1196 1584 1238 concertata,
1605 1196 1680 1228 aut
1709 1185 1824 1248 diju-

387 1244 545 1293 dicata,
575 1255 650 1286 aut
671 1249 711 1278 33
725 1248 925 1288 confecta
954 1248 1079 1302 [non]
1104 1257 1224 1298 sunt3
1257 1255 1400 1287 tamen
1433 1245 1479 1285 in
1513 1244 1617 1300 ipsis
1643 1242 1823 1298 judiciis

389 1316 670 1358 permaguum
691 1318 805 1360 saepe
829 1305 990 1345 habent
1014 1304 1195 1360 pondus,
1210 1319 1306 1345 cum
1332 1303 1392 1344 ita
1412 1302 1593 1344 dicitur:
1628 1300 1730 1342 Plus
1748 1313 1823 1356 pe.-

387 1359 502 1401 tisti:
535 1375 628 1401 sero
652 1362 824 1416 petisti:
856 1362 1050 1403 nonfuit
1084 1373 1158 1402 tua
1189 1361 1368 1417 petitio:
1400 1363 1440 1395 39
1454 1374 1539 1400 non
1572 1374 1598 1400 a
1628 1373 1711 1409 me,
1734 1370 1822 1401 non

300 1417 374 1450 100
387 1415 467 1457 bac
487 1417 597 1473 lege,
620 1432 706 1459 non
729 1419 795 1460 his
819 1420 972 1469 verbis,
994 1433 1078 1459 non
1104 1419 1187 1459 hoc
1202 1418 1388 1473 judicio.
1447 1417 1643 1464 Quarum
1673 1428 1823 1456 causa-

383 1488 478 1515 rum
501 1489 636 1530 genus
658 1485 723 1516 est
745 1477 934 1533 positum
958 1477 1001 1516 in
1019 1476 1119 1530 jure
1139 1474 1281 1517 civili:
1314 1474 1430 1529 quod
1461 1484 1527 1515 est
1555 1474 1599 1514 in
1633 1473 1821 1529 privata—

381 1545 476 1572 rum
508 1547 558 1573 ac
591 1533 860 1588 publicarum
894 1548 1034 1574 rerum
1062 1533 1171 1589 lege,
1193 1541 1268 1572 aut
1297 1546 1416 1572 more
1449 1531 1664 1587 positum3
1695 1528 1820 1583 cujus

381 1589 562 1630 scientia
594 1589 791 1645 neglecta
823 1591 876 1631 ab
913 1590 1156 1632 oratoribus
1188 1588 1416 1645 plerisque,
1439 1588 1564 1629 nobis
1596 1587 1650 1628 ad
1672 1586 1819 1628 dicen-

380 1645 483 1686 dum
516 1648 754 1688 necessaria
786 1648 968 1689 videtur.
1031 1648 1176 1694 Quare
1204 1646 1257 1687 de
1289 1644 1603 1687 constituendis
1636 1643 1819 1701 actioni,-

380 1704 474 1753 bus,
508 1704 772 1760 accipiendis
808 1705 1127 1760 subeundisque
1149 1703 1344 1760 judiciis,
1366 1704 1419 1744 de
1447 1701 1707 1759 excipienda
1736 1699 1819 1747 ini7

377 1760 544 1816 quitate
563 1763 762 1814 actionis,
786 1763 839 1804 de
861 1762 1152 1818 comparanda
1173 1760 1392 1816 aequitate,
1415 1760 1531 1816 quod
1562 1773 1613 1800 ea
1633 1758 1721 1800 fere
1742 1771 1818 1815 ge.-

376 1819 489 1858 neris
520 1818 613 1874 ejus
648 1830 761 1871 sunt,
795 1830 856 1870 ut,
886 1834 1148 1875 quamquam
1168 1819 1267 1859 40in
1290 1819 1431 1874 ipsum
1453 1816 1672 1873 judicium
1701 1829 1818 1872 saepe

375 1875 645 1927 delabantur,
668 1886 812 1918 tamen
835 1887 934 1918 ante
948 1877 1166 1932 judicium
1189 1876 1412 1917 tractanda
1433 1875 1674 1926 videantur,
1696 1873 1817 1930 paul,-

377 1932 510 1974 lulum
541 1948 592 1974 ea
622 1949 771 1990 separo
802 1949 828 1975 a
851 1935 1044 1990 judiciis,
1078 1943 1270 1990 tempore
1306 1933 1446 1989 magis
1483 1931 1655 1988 agendi,
1685 1945 1816 1987 quam

352 1988 727 2033 'dissimilitudine
759 1992 942 2049 generis.
1003 1992 1117 2033 Nam
1148 1991 1309 2042 omnia,
1347 2006 1445 2046 quae
1475 1991 1529 2031 de
1551 1989 1652 2046 jure
1681 1988 1815 2039 civili,

378 2057 452 2088 aut
473 2048 525 2089 (le
548 2064 672 2104 aequo
694 2058 738 2090 et
761 2051 874 2091 bono
896 2050 1204 2106 disceptantur,
1225 2049 1387 2090 cadunt
1416 2047 1460 2088 in
1491 2062 1586 2089 eam
1616 2045 1815 2097 formam,

379 2105 421 2146 in
444 2121 542 2160 qua,
576 2107 700 2161 quale
738 2107 842 2162 quid
878 2107 947 2158 sit,
978 2106 1228 2162 ambigitur,
1261 2106 1315 2148 de
1343 2120 1430 2161 qua
1457 2103 1814 2146 dicturi-sumus:

296 2152 476 2217 29quae
510 2163 553 2203 in
587 2165 793 2219 aequitate
823 2174 868 2205 et
893 2164 994 2219 jure
1034 2164 1222 2213 maxime
1253 2162 1468 2205 consistit.
1529 2161 1581 2203 In
1612 2161 1814 2203 omnibus

292 2220 512 2276 lOligitur
531 2222 671 2263 causis
703 2232 784 2263 tres
816 2231 916 2264 sunt
945 2222 1117 2279 gradUS,
1139 2235 1194 2263 ex
1230 2221 1388 2276 quibus
1420 2234 1530 2261 unus
1557 2218 1710 2275 aliquis
1743 2233 1814 2260 ca-

415 2353 454 2385 37'
466 2361 539 2381 cum
551 2352 588 2382 de
598 2353 762 2383 verissimo
771 2357 959 2384 accusatore
968 2353 1065 2394 disp]

371 2393 500 2434 Nempe
516 2395 548 2424 in
565 2406 614 2432 ea,
625 2405 698 2435 quae
711 2395 831 2426 (licitur
843 2396 1025 2427 Divinatio.

411 2438 450 2465 :3ss
474 2435 619 2476 emgf'ecm
641 2447 704 2468 non
725 2438 831 2477 sunt]
859 2439 938 2469 lVon
957 2439 1070 2469 aberat

367 2487 387 2506 a
403 2478 481 2508 Mss.
497 2478 662 2517 Lambini,
678 2481 899 2519 probabatque
911 2485 947 2511 et
959 2481 1026 2520 ipse
1035 2489 1068 2511 et
1101 2492 1104 2494 ·

367 2519 611 2552 Hotomannus.
669 2522 768 2561 quue
787 2527 963 2553 contextus
988 2524 1066 2554 satis

365 2562 477 2592 firmat
492 2570 618 2594 rectum
631 2573 713 2601 esse,
729 2565 789 2595 etsi
803 2565 976 2602 Gruterus,
989 2565 1023 2596 id
1034 2575 1066 2595 se

365 2604 485 2642 videre,
516 2615 626 2644 nogat.
680 2606 744 2637 Res
771 2607 911 2637 maxime
935 2613 1027 2647 patet
1047 2618 1067 2638 e

364 2647 660 2686 particulalmne71;
678 2654 791 2679 tamen
804 2649 966 2687 injudicio
982 2650 1068 2680 mul-

363 2695 439 2720 tum
461 2689 558 2726 valet,
575 2700 655 2720 -cum
681 2691 722 2721 ab
744 2702 795 2727 eo,
819 2691 905 2721 unde
928 2693 1065 2732 petitur,

364 2731 449 2769 tales
479 2733 686 2771 exceptiones
714 2733 813 2769 fiunt,
841 2733 913 2773 plus
940 2735 1065 2774 petisti,

363 2782 435 2803 sero
460 2775 575 2813 petisti·
591 2775 649 2805 διο.
671 2776 732 2805 etsi
754 2775 824 2805 haee
855 2777 967 2806 onmia
987 2783 1065 2807 ante

357 2816 522 2853 judic-ium
546 2816 715 2857 disputata
737 2823 771 2848 et
792 2817 944 2848 confecta
965 2825 1062 2857 sunt:

362 2866 406 2890 sc.
424 2859 489 2891 vim
508 2866 621 2892 tamen
639 2859 756 2892 habe-re
771 2865 921 2901 possunt,
938 2871 1012 2892 cum
1030 2861 1064 2900 in

1114 2353 1182 2394 ipso
1191 2353 1317 2393 judicio
1340 2356 1537 2393 repetuntur
1558 2356 1593 2383 et
1615 2351 1701 2392 apud
1720 2351 1810 2392 Judi-

1112 2407 1182 2427 cem
1198 2406 1303 2427 causae
1319 2396 1452 2436 petitori
1475 2398 1700 2436 opponuntur.
1744 2393 1812 2424 lta-

1111 2449 1173 2478 que
1183 2449 1246 2468 non
1260 2439 1377 2469 saltem
1392 2438 1484 2468 uncis
1499 2437 1627 2468 inclusi.

1153 2483 1194 2514 39
1217 2491 1280 2511 non
1293 2491 1314 2511 a
1329 2480 1393 2520 me]
1421 2480 1459 2510 In
1483 2479 1636 2511 Lambini
1653 2478 1733 2510 Μῦς.
1748 2477 1809 2508 tri-

1109 2523 1170 2554 bus
1183 2529 1267 2560 erat,
1278 2533 1300 2554 a
1313 2534 1363 2554 me
1372 2528 1495 2563 petere,
1506 2521 1652 2555 debuisti.
1684 2521 1759 2552 ‚Sed
1771 2530 1810 2556 ea

1109 2566 1216 2605 glosm
1230 2572 1292 2596 est.
1790 2585 1808 2599 ὁ,

1151 2611 1192 2638 40
1204 2608 1239 2638 in
1254 2606 1535 2647 ipsumjudiez'um
1547 2616 1572 2635 s.
1586 2602 1807 2646 dilabantur-‚J

1110 2649 1310 2690 Nonplacet
1317 2651 1418 2680 dicam:
1433 2647 1650 2690 injudicium.
1673 2648 1752 2681 ⁴Ms.
1766 2648 1807 2680 E.

1109 2692 1159 2723 ed.
1175 2693 1258 2723 Vcn.
1275 2693 1397 2723 habent
1411 2693 1621 2727 delabantur,
1635 2700 1694 2721 nee
1711 2690 1810 2726 aliter

1109 2744 1243 2773 margo,
1267 2734 1354 2774 quod
1365 2741 1415 2765 est
1429 2744 1552 2768 verum,
1571 2743 1629 2775 pro
1648 2734 1804 2773 influant:

1108 2777 1244 2807 ductum
1260 2787 1279 2807 a
1293 2777 1496 2813 fluminibus,
1511 2786 1583 2816 quae
1598 2777 1632 2807 in
1648 2786 1737 2807 mare
1751 2772 1807 2809 der-

1093 2819 1278 2856 *labuntun
1295 2821 1361 2849 non
1376 2818 1578 2850 dilabuntur.
1622 2817 1742 2851 Horat.
1767 2819 1806 2850 C.

1108 2861 1172 2900 ΙΙΙ,
1187 2864 1241 2896 29.
1257 2861 1312 2893 ubi
1328 2872 1356 2893 v-
1371 2861 1552 2893 Bentleius.
