1945 3235
378 116 455 154 478
953 112 1243 152 BRU'I'US.

385 216 487 258 dore
509 224 551 258 et
572 216 712 273 copia.
733 231 831 258 nam
851 231 950 259 cum
973 217 1148 259 tardus
1140 234 1182 259 111
1205 217 1455 275 cogitando,
1476 226 1568 261 tum
1591 220 1635 262 in
1657 219 1816 262 instm0·

301 255 497 315 GOendo
527 274 756 339 dissipatus
789 274 886 316 fuit.
947 274 1131 330 Reliqua
1161 276 1247 316 duo
1280 286 1393 326 sunt,
1422 291 1477 317 a
1449 290 1562 332 e‚ere‚
1592 288 1636 320 et
1664 278 1816 319 memi-

387 333 515 372 nisse
538 347 580 372 in
604 342 784 388 utroque
806 332 1039 374 cachinnos
1062 332 1329 373 irridentium
1352 334 1672 381 commovebat,
1710 335 1816 377 Mo-

387 398 455 430 tus
478 389 636 441 eratis,
669 404 796 445 quem
832 399 876 430 et
898 389 950 430 C.
968 390 1109 432 Julius
1141 390 1183 431 in
1216 400 1468 446 perpetuum
1501 393 1684 443 notavit,
1715 407 1815 434 cum

386 461 441 487 ex
463 461 529 498 eo,
553 447 596 488 in
626 456 851 501 utramque
882 456 1046 502 partem
1077 456 1170 488 toto
1197 462 1375 503 σοι’-ροιε
1399 447 1640 513 vacillante,
1660 450 1817 505 quaesi-

388 504 466 555 vit,
488 504 576 560 quis
595 503 824 560 loqueretur
845 517 865 543 e
886 502 1026 545 linere.-
1057 515 1101 545 et
1123 504 1204 546 Cn.
1225 505 1424 569 SiciiiiiiS,
1447 505 1578 547 homo
1608 506 1818 562 impurus,

391 562 464 603 sed
494 562 726 603 admodum
754 560 972 610 ridiculus,
997 576 1135 616 neque
1164 562 1277 603 aliud
1312 563 1355 603 in
1384 577 1435 603 eo
1467 564 1648 604 oratoris
1680 563 1821 604 similo

301 616 381 656 217
393 619 642 675 quidquam.
703 617 745 658 ls
767 633 865 659 cum
888 617 1083 659 tribunus
1107 619 1242 674 plebis
1265 618 1496 661 Curionem
1521 630 1565 661 et
1586 620 1820 662 Octavium

392 677 586 717 consules
619 676 906 732 produxisset,
939 674 1157 730 Cmioquc
1187 677 1322 721 multa
1357 677 1552 729 dixisset,
1592 680 1633 709 33
1647 677 1822 719 sedente

393 734 476 775 Cn.
489 733 674 775 Octav1o
688 732 867 789 collega,
882 732 956 787 qui
977 733 1202 774 devinctus
1224 743 1315 774 erat
1335 733 1493 786 fasciis,
1511 744 1554 776 et
1572 735 1718 776 multis
1730 749 1821 776 me-

390 791 859 847 (licamentis‚p1·opte1
880 789 1070 831 dolorem
1102 800 1287 842 artuum,
1310 791 1541 843 delibutus,
1569 792 1820 849 Numquam,

391 848 545 903 inquit,
581 846 744 900 Octazi,
774 847 934 904 collegas
968 854 1036 888 tuo
1059 848 1244 904 gratiam
1271 847 1438 904 rqfetwes
1469 850 1539 905 qui
1570 865 1652 891 msa
1680 865 1720 892 se
1749 864 1820 891 suo

389 920 498 946 more
504 907 761 962 Jactazzssct
783 883 899 946 hodie
931 912 968 945 te
999 906 1087 946 istic
1109 920 1248 947 muscae
1278 905 1546 949 comedissent.
1604 907 1824 949 Memoria

390 971 533 1004 autem
566 963 626 1004 ita
655 963 740 1004 fuit
772 962 900 1013 nulla,
924 972 973 1003 ut
1003 962 1243 1027 aliquoties,
1274 964 1356 1004 tiia
1387 979 1484 1005 cum
1514 965 1822 1020 proposuisset,

389 1029 463 1061 aut
485 1030 685 1076 quartum
720 1021 909 1071 adderet,
930 1030 1004 1061 aut
1034 1021 1208 1062 tertium
1237 1031 1461 1076 quaer·.e1et
1492 1021 1566 1077 qui
1589 1022 1634 1062 in
1653 1022 1823 1078 judicio

390 1078 500 1134 prix
488 1088 559 1119 ato
582 1078 649 1119 vel
668 1079 876 1130 maximo,
899 1092 995 1119 cum
1028 1092 1110 1134 ego
1134 1093 1210 1134 pio
1231 1077 1395 1119 Titinia
1417 1078 1562 1121 Cottae
1585 1079 1823 1135 peroravis-

389 1150 494 1186 sein,
527 1135 595 1176 ille
624 1148 863 1177 contiame
895 1151 971 1191 pio
1004 1135 1094 1176 Ser.
1119 1136 1274 1177 Naevio
1305 1136 1480 1188 dicelet,
1511 1137 1655 1178 subito
1686 1145 1823 1178 totam

391 1208 564 1234 causam
585 1193 746 1235 oblitus
769 1205 847 1245 est,
881 1193 1008 1248 idque
1041 1193 1258 1234 xeneficiis
1279 1203 1324 1234 et
1352 1194 1626 1235 cantionibus
1647 1193 1822 1236 Titiniae

295 1253 379 1289 218
394 1252 556 1292 sactum
577 1265 668 1292 esse
689 1252 876 1293 dicebat.
912 1250 975 1291 Μ
968 1251 1216 1306 ignahaec'
1207 1252 1470 1292 immemoris
1492 1251 1655 1309 ingenii
1677 1251 1823 1308 signa·
1814 1282 1830 1293 ,

392 1309 464 1349 sed
487 1309 594 1349 nihil
617 1309 798 1365 turpius,
821 1323 950 1365 quam
972 1308 1087 1371 quod
1118 1308 1248 1350 etiam
1280 1309 1324 1350 in
1355 1309 1526 1365 scriptis
1539 1285 1826 1351 obliviscere-

390 1376 473 1417 tur,
491 1366 594 1421 quid
613 1366 754 1422 paullo
777 1377 876 1407 ante
892 1367 1126 1422 posuisset3
1159 1376 1207 1406 ut
1223 1366 1266 1407 in
1283 1381 1334 1407 eo
1350 1366 1477 1418 libro,
1492 1367 1567 1408 ubi
1587 1381 1646 1418 se,
1661 1381 1824 1408 exeun·

388 1434 473 1464 tem
497 1435 702 1475 esenatu,
724 1433 767 1464 ct
796 1439 894 1465 cum
932 1423 1071 1464 Pansa
1102 1433 1265 1474 nostro,
1297 1434 1341 1464 et
1374 1438 1473 1465 cum
1498 1424 1687 1466 Curione
1719 1423 1825 1475 filio,

389 1457 706 1536 colloquenteiri
737 1481 855 1532 facit,
879 1496 976 1521 cum
1009 1490 1203 1521 senatum
1234 1481 1381 1522 Caesar
1412 1481 1563 1522 consul
1591 1481 1826 1532 habuisset,

347 1541 375 1571 b·
390 1538 615 1594 omnisque
646 1538 715 1579 ille
738 1553 876 1579 sermo
908 1538 1061 1578 ductus
1093 1552 1115 1578 e
1146 1539 1501 1594 percunctatione
1533 1538 1624 1590 filii,
1645 1538 1751 1594 quid
1781 1539 1825 1580 in

389 1607 538 1637 senatu
571 1606 681 1636 esset
702 1606 862 1637 actum.
922 1598 963 1625 ³4
978 1594 1028 1635 Iu
1051 1609 1137 1649 quo
1157 1595 1302 1636 multis
1324 1596 1464 1636 verbis
1485 1611 1583 1637 cum
1606 1595 1825 1637 invehere-

389 1663 459 1693 tur
480 1654 521 1694 in
548 1653 763 1694 Caesarem
785 1652 934 1702 Curio,
956 1652 1278 1708 disputatioque
1309 1663 1420 1694 esset
1450 1653 1560 1694 inter
1581 1668 1670 1705 eOS,
1690 1662 1740 1694 ut
1761 1661 1826 1695 est

390 1711 657 1752 consuetudo
681 1710 967 1767 dialogorum
989 1724 1088 1751 cum
1118 1725 1256 1751 sermo
1279 1720 1389 1751 esset
1420 1711 1643 1752 institutus
1675 1719 1826 1753 senatu

389 1768 536 1819 misso,
560 1769 708 1824 [quem
731 1777 927 1809 senatum
945 1742 1092 1808 Caesar
1113 1767 1264 1810 consul
1285 1768 1539 1822 habuisset,]
1554 1767 1829 1825 reprehendit

388 1841 460 1866 eas
484 1841 563 1877 res,
592 1841 697 1881 quas
727 1826 840 1867 idem
862 1824 1009 1866 Caesm
1040 1839 1154 1866 anno
1192 1834 1306 1882 post,
1342 1834 1386 1867 et
1419 1826 1622 1882 deinceps
1653 1825 1827 1882 reliquis

307 1869 374 1923 61
392 1883 513 1924 annis
549 1883 787 1925 administr
789 1899 827 1924 u
833 1893 934 1924 isset
965 1882 1009 1923 in
1041 1882 1198 1924 Gallia.
1256 1882 1369 1925 Tum
1405 1883 1565 1925 Brutus
1599 1883 1828 1935 admirans,

302 1948 378 1982 219
391 1940 632 1982 Tantamne
665 1941 795 1982 fuisse
826 1940 1107 1992 oblivionem,
1130 1941 1285 1996 inquit,
1307 1941 1351 1982 in
1382 1941 1544 1997 scripto
1572 1941 1827 1997 praesertim,

392 2008 439 2039 ut
475 2013 529 2040 ne
560 1998 705 2054 legens
741 1998 915 2053 quidem
954 2012 1158 2062 umquam
1195 1999 1388 2050 senserit,
1420 2008 1630 2054 quantum
1667 1998 1824 2055 flagitii

388 2032 699 2098 commisisset?
731 2043 851 2102 Quid
881 2065 1040 2107 autem,
1072 2070 1263 2110 mquam,
1296 2056 1446 2108 B1·,ute
1474 2056 1661 2107 stultius,
1681 2070 1827 2112 quam,

387 2113 422 2153 si
445 2128 495 2154 ea
517 2115 759 2170 vituperare
778 2113 967 2162 volebat,
1001 2127 1098 2167 quae
1130 2113 1407 2178 vitupeiavit3
1428 2128 1516 2155 non
1550 2128 1601 2154 eo
1635 2125 1828 2170 tempore

386 2170 609 2212 instituere
632 2184 888 2222 sermonem,
906 2185 1006 2211 cum
1027 2169 1195 2211 illarum
1224 2185 1366 2213 reium
1379 2171 1474 2227 jam
1493 2180 1690 2228 tempora
1717 2185 1828 2227 prae-

384 2228 629 2271 teriissent?
660 2229 744 2270 Sed
767 2228 828 2269 ita
850 2238 966 2269 totus
999 2237 1125 2278 errat,
1150 2236 1197 2268 ut
1228 2228 1272 2270 in
1304 2229 1457 2271 eodem
1479 2243 1675 2271 sermone
1695 2229 1827 2280 dicat,

385 2285 487 2326 35111
510 2295 658 2327 senatu
682 2301 741 2338 se,
772 2285 943 2327 Caesare
975 2260 1164 2338 consule,
1180 2299 1269 2327 non
1292 2287 1509 2340 accedere,
1542 2287 1616 2328 sed
1637 2286 1681 2328 id
1710 2285 1828 2333 dicat

385 2342 480 2400 ipso
515 2343 705 2396 consule,
727 2344 875 2384 exiens
902 2358 925 2383 e
957 2352 1124 2384 senatu.
1181 2343 1283 2386 Jam
1315 2345 1389 2400 qui
1412 2343 1494 2386 hac
1524 2353 1645 2401 parte
1677 2343 1826 2395 animi,

426 2490 465 2518 353
479 2488 606 2518 sedente
625 2488 682 2519 Cn.
700 2488 739 2519 Ο.
753 2487 840 2527 coll]
865 2487 1006 2527 Quintil.
1022 2487 1084 2525 XI,
1128 2497 1222 2528 quem
1244 2493 1395 2519 senatum
1409 2489 1516 2521 Caesar
1530 2490 1641 2519 com-ul
1654 2489 1828 2527 habuisset,

384 2533 414 2564 7,
428 2530 577 2560 videatur
599 2531 713 2570 legisse
739 2532 908 2562 assidente.
954 2530 1016 2561 Sed
1038 2541 1086 2560 se·
1128 2535 1208 2560 sunt
1221 2533 1344 2571 spuria,
1362 2532 1501 2572 repetita
1512 2533 1825 2572 esuperioribuS‚sc.

385 2572 480 2602 dente
491 2573 573 2602 bene
583 2572 683 2603 habet
695 2584 705 2611 3
722 2583 798 2603 nam
809 2571 932 2603 dicenti
948 2582 972 2602 s.
982 2573 1086 2603 stanti
1129 2573 1206 2612 quia
1219 2574 1381 2612 glossator
1393 2573 1607 2613 adscripscrat
1623 2574 1710 2604 iuter
1723 2573 1826 2607 lineas

385 2620 602 2655 opponuntur
624 2625 751 2655 semper
773 2615 926 2645 sedentes.
950 2624 979 2645 v.
996 2615 1087 2646 Clav.
1130 2620 1187 2646 aut
1203 2615 1238 2645 in
1252 2617 1410 2656 margine.
1455 2616 1555 2646 Uncis
1571 2617 1699 2648 inclusi.

386 2657 422 2687 in
442 2656 473 2686 h.
487 2667 517 2685 v.
540 2656 627 2696 Quid
640 2658 683 2687 sit
703 2662 780 2688 ante
790 2658 996 2697 produxisset
1015 2667 1089 2687 con·
1173 2660 1214 2688 35
1235 2659 1271 2688 in
1291 2663 1408 2689 senatu
1426 2668 1459 2688 se
1486 2657 1518 2688 C.
1533 2669 1560 2689 c.
1585 2669 1648 2689 non
1663 2659 1826 2696 accedere.

384 2700 482 2736 sales,
498 2699 642 2736 videant,
658 2700 773 2739 quibus
787 2709 867 2740 opus
889 2704 952 2738 est,
969 2700 1089 2730 ibidem
1131 2700 1188 2730 sed
1199 2700 1236 2729 id
1247 2700 1294 2740 d.]
1320 2701 1466 2731 Primum
1480 2701 1550 2730 sine
1573 2700 1670 2732 du'oio
1684 2701 1828 2732 scriben-

382 2742 418 2771 in
425 2741 615 2781 producere.
1127 2742 1205 2773 dum
1220 2743 1256 2772 in
1269 2748 1430 2774 senatum.
1476 2743 1553 2774 Post
1566 2748 1600 2774 et
1613 2748 1696 2784 puto
1717 2748 1748 2774 et
1767 2753 1827 2784 pro

426 2786 468 2814 34
497 2783 539 2814 In
553 2793 613 2823 quo
633 2783 746 2813 multis
766 2784 870 2814 verbis
893 2783 966 2824 δια]
1004 2784 1084 2814 Haec
1126 2784 1182 2814 sed
1196 2784 1385 2824 legendum:
1413 2790 1547 2826 propter
1561 2787 1658 2818 verba
1670 2787 1706 2818 in
1719 2786 1828 2819 eodem

382 2825 535 2866 periodus
554 2825 646 2856 valde
667 2825 820 2865 perplexa
842 2831 904 2862 est,
928 2836 988 2857 nec
1010 2836 1084 2857 earn
1125 2836 1281 2858 sermone»

383 2869 453 2899 siue
476 2869 556 2899 vitio
583 2877 652 2899 esse
670 2876 763 2909 puto„
807 2867 916 2900 Verba
939 2868 1083 2908 quidem,
