1945 3235
602 145 789 184 LIBER
815 144 1144 185 SECUNDUS.
1506 151 1583 186 349

155 251 252 295 dem
285 251 367 293 hoc
400 260 521 293 vetus
548 249 650 291 illud
682 257 760 299 est,
792 247 906 303 quod
936 247 1056 288 aiunt
1089 248 1436 304 Maluginensem
1465 249 1585 291 illum

155 307 222 349 M.
246 308 508 364 Scipionem,
538 321 636 347 cum
659 320 713 347 ex
736 305 929 346 centuria
959 319 1034 344 sua
1062 308 1324 346 renuntiaret
1352 306 1585 348 Acidinum

153 365 387 416 consulem,
428 377 655 421 praecoque
689 362 883 412 dixisset,
923 360 1008 402 Dic
1042 361 1090 402 de
1124 360 1178 402 L.
1213 361 1400 403 Manlio.-
1445 363 1587 405 Virum

155 422 314 473 honum,
346 422 500 476 inquit,
542 419 821 476 egregiumque
854 418 977 459 civem
1018 432 1093 458 esse
1130 419 1326 459 arbitror.
1389 419 1587 461 Ridicule

153 479 284 520 etiam
304 479 420 519 illud.
485 479 521 508 16
536 477 585 517 L.
610 476 789 517 Porcius
809 475 968 515 Nasica
989 475 1153 516 censori
1179 475 1352 525 Catoni,
1383 490 1482 516 cum
1503 477 1588 528 ille,

156 535 224 577 Ex
245 536 306 577 tui
323 535 452 576 animi
471 533 667 574 sententia
685 539 729 573 tu
746 546 909 573 uxorem
930 531 1078 573 habes?
1112 531 1210 573 Non
1231 531 1403 583 hercule,
1433 533 1590 588 inquit,

154 607 200 633 er
220 593 298 633 mei
318 591 446 633 animi
464 589 677 631 sententia.
738 588 850 630 Haec
873 599 946 629 aut
976 588 1134 645 frigida
1155 600 1268 641 sunt,
1299 599 1373 630 aut
1396 598 1487 630 tum
1509 590 1589 630 sal-

152 646 211 700 sa,
243 664 341 690 cum
373 647 488 689 aliud
520 656 585 687 est
616 655 930 702 exspectatum,
953 656 1104 687 natura
1135 647 1250 687 enim
1284 661 1360 686 nos
1390 651 1458 699 (ut
1489 656 1589 688 ante

152 706 264 757 dixi)
286 715 430 746 noster
450 703 633 745 delectat
662 717 800 745 error:
832 717 886 744 ex
916 718 1017 758 quo,
1048 719 1147 745 cum
1180 704 1300 759 quasi
1327 703 1495 759 decepti
1519 719 1588 744 su-

152 777 246 804 mus
268 761 606 818 exspectatione,
628 761 830 801 ridemus.
874 759 925 800 In
951 761 1088 801 verbis
1112 761 1242 801 etiam
1263 760 1334 801 illa
1355 771 1468 811 sunt,
1489 750 1671 816 quae65

152 830 226 860 aut
260 834 314 860 ex
357 819 584 859 immutata
621 818 816 858 oratione
848 816 1077 869 ducuntur,
1108 827 1182 859 aut
1213 832 1268 858 ex
1309 818 1432 858 unius
1470 819 1585 859 verbi
1599 827 1671 861 261

152 876 443 926 translatione,
475 884 548 916 aut
580 889 634 916 ex
668 874 909 915 inversione
943 876 1183 916 verborum.
1246 878 1280 908 17
1297 874 1364 916 Ex
1389 875 1591 917 immuta-

153 935 295 984 tione;
326 944 374 974 ut
405 933 505 974 olim
530 931 676 972 Rusca
696 947 794 973 cum
827 932 966 987 legem
990 931 1119 973 ferret
1141 931 1351 983 annalem,
1375 932 1591 974 dissuasor

154 989 221 1030 M.
245 990 462 1040 Servilius,
486 988 572 1030 Dic
592 988 707 1040 mihi,
738 989 894 1044 inquit,
917 988 984 1029 M.
1009 989 1178 1042 Pinari,
1199 1004 1309 1040 num,
1329 989 1364 1029 si
1384 997 1524 1031 contra
1551 997 1590 1030 te

154 1047 307 1099 dixero,
328 1048 429 1088 milri
450 1045 553 1087 male
584 1045 766 1086 dicturus
800 1060 850 1096 es,
878 1053 924 1086 ut
949 1045 1269 1103 cecmsfecisti?
1306 1045 1360 1086 Ut
1380 1054 1590 1088 sementem

138 1102 306 1161 feceris,
336 1106 395 1145 ita
419 1110 549 1154 metes,
580 1103 735 1157 inquit.
798 1102 865 1143 Ex
901 1104 1176 1144 translatione
1209 1113 1367 1154 autem,
1399 1114 1460 1155 ut,
1491 1114 1678 1148 cum262

155 1161 302 1217 Scipio
334 1162 402 1202 ille
436 1161 573 1216 major
604 1159 842 1201 Corinthiis
876 1169 1059 1201 statuam
1083 1161 1385 1216 pollicentibus
1407 1177 1458 1202 eo
1481 1162 1592 1211 loco,

154 1220 227 1260 ubi
260 1219 438 1260 aliorum
477 1226 618 1258 essent
650 1217 972 1272 imperatorum,
1004 1217 1195 1258 turmales
1226 1218 1338 1258 dixit
1371 1218 1593 1273 displicere.

156 1275 434 1317 Invertuntur
456 1285 597 1316 autem
629 1275 772 1325 verba,
805 1283 866 1325 ut,
899 1274 1077 1315 Crassus
1104 1274 1217 1331 apud
1243 1274 1309 1315 M.
1335 1275 1594 1332 Perpernam

148 1333 339 1388 judicem
377 1348 452 1389 pro
483 1331 704 1372 Aculeone
735 1346 834 1372 cum
868 1331 1043 1382 (liceret,
1081 1333 1228 1373 aderat
1260 1342 1411 1373 contra
1440 1332 1596 1374 Acule-

155 1405 281 1431 onem
312 1390 568 1431 Gratidiano
606 1391 641 1419 18
661 1388 709 1428 L.
733 1388 873 1429 AElius
909 1388 1072 1440 Lamia,
1104 1388 1324 1440 deformis,
1356 1400 1403 1431 ut
1435 1392 1596 1431 nostis:

154 1448 226 1502 qui
263 1463 362 1488 cum
397 1445 685 1502 interpellaret
716 1446 888 1487 odiose:
921 1445 1166 1496 Audiamus,
1199 1447 1354 1501 inquit,
1375 1447 1598 1502 pult-ellum

146 1519 334 1559 puerum,
366 1504 558 1545 Crassus.
620 1501 732 1543 Cum
763 1512 874 1543 esset
905 1504 1099 1553 arrisum,
1132 1503 1229 1544 Non
1244 1504 1365 1558 potui
1385 1505 1500 1556 mihi,
1532 1506 1598 1546 in-

155 1562 262 1617 quit,
289 1562 450 1612 Lamia,
467 1559 655 1618 formam
676 1560 952 1616 z'psefingere:
982 1561 1189 1617 ingenium
1203 1562 1340 1616 potui.
1382 1561 1493 1603 Tum
1510 1562 1596 1613 hic,

157 1619 400 1668 Audiamus,
424 1617 578 1673 inquit,
601 1616 805 1657 diser-tum.
837 1617 973 1658 multo
1006 1619 1135 1658 etiam
1167 1619 1345 1658 arrisum
1373 1629 1438 1660 est
1470 1619 1598 1660 vehe-

158 1677 356 1717 mentius.
405 1676 514 1716 Sunt
536 1674 667 1714 etiam
689 1673 760 1714 illa
783 1683 974 1726 venusta,
997 1684 1044 1715 ut
1067 1675 1109 1715 in
1133 1676 1335 1730 gravibus
1359 1677 1597 1727 sententiis,

159 1733 219 1774 sic
244 1734 284 1774 in
309 1733 490 1773 facetiis.
530 1731 632 1772 Dixi
651 1731 763 1771 enim
788 1731 965 1782 dudum,
988 1732 1210 1773 materiam
1233 1732 1359 1773 aliam
1381 1734 1596 1788 essejoci‚

159 1790 285 1831 aliam
318 1789 576 1831 severitatis:
609 1788 809 1844 gravium
846 1798 1005 1840 autem,
1036 1799 1079 1829 et
1107 1789 1309 1843 jocorum
1345 1805 1473 1831 unam
1505 1805 1597 1832 esse

156 1848 382 1898 rationem.
445 1847 614 1888 Ornant
647 1845 779 1901 igitur
809 1846 1004 1902 inprimis
1038 1847 1278 1887 orationem
1309 1848 1438 1888 verba
1466 1848 1682 1890 relata263

159 1904 391 1946 contrarie:
425 1904 539 1960 quod
574 1903 686 1943 idem
721 1917 856 1958 genus
885 1918 999 1958 saepe
1031 1914 1094 1944 est
1127 1904 1256 1944 etiam
1291 1903 1503 1955 face1um3
1535 1915 1598 1956 ut,

160 1962 330 2003 Servius
356 1962 424 2002 ille
447 1960 589 2002 Galba
609 1974 708 2001 cum
734 1959 905 2015 judices
930 1960 978 2000 L.
1002 1960 1230 2001 Scribonio
1257 1961 1430 2002 tribuno
1461 1963 1598 2018 plebis

159 2018 289 2060 ferret
329 2018 558 2059 familiares
594 2031 706 2067 SUOS,
746 2026 787 2057 et
827 2017 1008 2058 dixisset
1048 2018 1173 2067 Libo,
1213 2016 1389 2062 Quando
1423 2019 1599 2069 tandem,

162 2075 318 2126 Galba,
349 2075 398 2116 de
424 2074 603 2116 triclinio
635 2081 702 2115 tuo
730 2072 886 2114 exibis?
927 2073 1030 2115 Cum
1061 2081 1118 2125 tu,
1151 2075 1304 2130 inquit,
1335 2075 1383 2116 (le
1417 2076 1600 2118 cubiculo

158 2132 305 2175 alieno.
365 2133 405 2174 A
428 2148 513 2188 quo
534 2137 690 2188 genere
722 2134 759 2165 19
774 2145 825 2171 ne
855 2130 957 2172 illud
987 2132 1158 2187 quidem
1193 2132 1422 2188 plurimum
1455 2134 1601 2184 distat,

159 2191 273 2244 quod
309 2190 492 2232 Glaucia
523 2187 719 2239 Metello,
755 2186 908 2230 Villam
939 2189 984 2229 in
1016 2189 1186 2230 Tiburte
1212 2189 1346 2240 habes,
1376 2198 1523 2234 cortem
1556 2191 1600 2232 in

162 2246 349 2288 Palatio.

206 2384 241 2414 16
265 2383 307 2413 L.
327 2383 467 2413 Porcius
483 2383 612 2414 Nasica
624 2383 746 2414 censori
766 2383 857 2413 (fato-

901 2383 1046 2418 latae'ones,
1071 2384 1139 2412 alia
1160 2385 1260 2422 plane
1272 2383 1319 2425 fit
1340 2385 1453 2414 oratio.
1496 2384 1600 2424 Quin—

159 2427 206 2462 m'‚
221 2436 295 2455 eum
310 2426 378 2465 ille]
406 2426 469 2456 Hic
485 2426 615 2464 quidem
630 2426 747 2456 vitium
762 2425 858 2455 inest.

900 2425 951 2454 til.
968 2425 1063 2461 VIII,
1078 2426 1107 2455 6.
1121 2427 1334 2456 inversionem
1351 2427 1458 2456 vertit.
1504 2428 1601 2458 Cete-

162 2467 290 2498 Nasicae
315 2478 383 2497 non
407 2473 516 2501 sonte
533 2468 666 2504 Porciis,
689 2467 744 2497 sed
759 2468 858 2497 Cato-

158 2519 226 2540 nes.
271 2510 358 2549 Ergo
385 2511 442 2546 sic,
470 2510 598 2549 opinor,
626 2510 706 2539 fuit:
741 2509 782 2539 L.
810 2509 858 2538 ΛΤ.

158 2553 281 2581 censori
294 2552 413 2582 Porcio
441 2552 565 2588 Catoni,
589 2552 640 2582 vel
668 2551 795 2582 Censori
811 2550 857 2580 P.

165 2593 199 2623 C.
213 2593 255 2623 L.
271 2594 319 2624 N.
363 2594 417 2624 Ita
444 2594 561 2624 melius
587 2593 760 2624 conveniet
782 2602 858 2623 eum

159 2636 229 2666 ille.

207 2680 242 2710 17
265 2687 304 2707 ex
318 2677 558 2716 immutatione]
586 2677 606 2707 i.
619 2688 646 2707 e.
675 2676 859 2719 ἀλληγοςίᾳ,

161 2722 201 2751 vt
216 2724 308 2758 patet
322 2720 484 2760 exemplo,
500 2724 537 2749 ut
552 2717 673 2759 sem.f.
689 2721 737 2749 ita
753 2725 858 2750 metes.

162 2760 269 2791 Verba
295 2761 475 2792 immutata
503 2766 581 2791 sunt
610 2761 858 2798 translationes,

161 2803 270 2842 tropi:
294 2808 329 2833 at
351 2805 455 2836 oratio
477 2805 669 2839 immutata,
691 2814 765 2833 eum
787 2809 860 2834 tota

164 2849 214 2874 est
229 2845 368 2884 tropica,
385 2846 418 2876 id
430 2851 491 2882 est,
502 2845 535 2875 in
549 2844 714 2885 allegoria.
737 2846 794 2875 Or.
809 2848 860 2880 27.

160 2897 234 2918 cum
251 2887 431 2928 fluxerunt
449 2889 561 2928 plures
574 2889 732 2917 coutinuoe
753 2892 863 2918 trans-

902 2476 975 2496 rum
998 2467 1103 2497 forma
1131 2468 1328 2498 narrationis
1352 2469 1405 2498 vix
1430 2469 1498 2498 sine
1518 2471 1599 2499 vitio

903 2513 962 2538 est.

947 2553 983 2580 18
1008 2550 1049 2580 L.
1065 2550 1184 2581 AEllus
1203 2551 1341 2590 Lamia]
1368 2553 1420 2582 Sic
1440 2552 1600 2584 edidimus

902 2603 976 2622 cum
992 2592 1139 2629 Peardo,
1153 2600 1189 2623 ut
1206 2594 1310 2623 voluit
1324 2594 1467 2632 Pighius.
1511 2594 1600 2626 Nam

903 2643 1016 2664 omnes
1031 2634 1157 2664 Lamiae
1178 2642 1256 2666 sunt
1279 2647 1316 2666 ex
1333 2637 1438 2667 AEliis.
1460 2647 1490 2667 v.
1508 2638 1599 2669 Clav.

903 2676 986 2706 Edd.
1000 2686 1048 2716 pr.
1066 2677 1232 2713 Helalius,
1247 2678 1332 2708 unde
1343 2678 1385 2709 L.
1396 2678 1516 2709 AElius
1529 2680 1600 2710 fieri

903 2718 1053 2755 debebat,
1071 2729 1136 2749 non
1152 2719 1308 2751 Helmz'us
1319 2726 1377 2750 aut
1393 2721 1545 2752 Helvius.

949 2763 984 2794 19
998 2770 1039 2790 ηε
1052 2761 1137 2791 illud
1147 2763 1272 2800 quidem
1283 2763 1466 2802 plurimum
1483 2763 1598 2802 distat]

903 2802 1097 2833 Plurimum
1117 2813 1175 2843 pro
1192 2807 1333 2834 multum
1349 2805 1495 2835 nondum
1521 2805 1600 2836 alibi

903 2844 989 2916 {pud
1004 2845 1198 2876 Ciceronem
1212 2847 1326 2886 reperi.
1338 2851 1525 2887 suspectum
1539 2847 1600 2877 [ni-

929 2888 938 2916 i
953 2891 1014 2916 est.
