<?xml version="1.0" encoding="UTF-8"?>
<!DOCTYPE html PUBLIC "-//W3C//DTD XHTML 1.0 Transitional//EN"
    "http://www.w3.org/TR/xhtml1/DTD/xhtml1-transitional.dtd">
<html xmlns="http://www.w3.org/1999/xhtml" xml:lang="en" lang="en">
 <head>
  <title>
</title>
<meta http-equiv="Content-Type" content="text/html;charset=utf-8" />
  <meta name='ocr-system' content='tesseract 3.04.00' />
  <meta name='ocr-capabilities' content='ocr_page ocr_carea ocr_par ocr_line ocrx_word'/>
</head>
<body>
  <div class='ocr_page' id='page_1' title='image "./operaomnia01ciceuoft/operaomnia01ciceuoft_0510.png"; bbox 0 0 1945 3235; ppageno 0'>
   <div class='ocr_carea' id='block_1_1' title="bbox 355 155 1219 196">
    <p class='ocr_par' dir='ltr' id='par_1_1' title="bbox 355 155 1219 196">
     <span class='ocr_line' id='line_1_1' title="bbox 355 155 1219 196; baseline 0.002 -4"><span class='ocrx_word' id='word_1_1' title='bbox 355 159 432 192; x_wconf 74' lang='lat'>4:38</span> <span class='ocrx_word' id='word_1_2' title='bbox 938 155 1164 196; x_wconf 84' lang='lat' dir='ltr'><strong>BRUTU</strong></span> <span class='ocrx_word' id='word_1_3' title='bbox 1183 160 1219 194; x_wconf 84' lang='lat' dir='ltr'>S.</span> 
     </span>
    </p>
   </div>
   <div class='ocr_carea' id='block_1_2' title="bbox 279 257 1816 2722">
    <p class='ocr_par' dir='ltr' id='par_1_2' title="bbox 279 257 1816 2722">
     <span class='ocr_line' id='line_1_2' title="bbox 362 257 1800 316; baseline 0 -16"><span class='ocrx_word' id='word_1_4' title='bbox 362 258 527 300; x_wconf 80' lang='lat' dir='ltr'>Pericle</span> <span class='ocrx_word' id='word_1_5' title='bbox 548 258 720 315; x_wconf 83' lang='lat' dir='ltr'>scripsit</span> <span class='ocrx_word' id='word_1_6' title='bbox 743 257 939 316; x_wconf 86' lang='lat' dir='ltr'>Eupolis)</span> <span class='ocrx_word' id='word_1_7' title='bbox 960 276 1058 302; x_wconf 90' lang='lat' dir='ltr'>cum</span> <span class='ocrx_word' id='word_1_8' title='bbox 1081 261 1365 302; x_wconf 82' lang='lat' dir='ltr'>delectatione</span> <span class='ocrx_word' id='word_1_9' title='bbox 1391 259 1561 300; x_wconf 86' lang='lat' dir='ltr'>aculeos</span> <span class='ocrx_word' id='word_1_10' title='bbox 1582 259 1714 300; x_wconf 81' lang='lat' dir='ltr'>etiam</span> <span class='ocrx_word' id='word_1_11' title='bbox 1734 272 1800 300; x_wconf 83' lang='lat' dir='ltr'>re-</span> 
     </span>
     <span class='ocr_line' id='line_1_3' title="bbox 360 316 1560 374; baseline 0.001 -19"><span class='ocrx_word' id='word_1_12' title='bbox 360 316 570 369; x_wconf 86' lang='lat' dir='ltr'>linqueret</span> <span class='ocrx_word' id='word_1_13' title='bbox 593 317 634 357; x_wconf 89' lang='lat' dir='ltr'>in</span> <span class='ocrx_word' id='word_1_14' title='bbox 659 317 813 357; x_wconf 86' lang='lat' dir='ltr'>animis</span> <span class='ocrx_word' id='word_1_15' title='bbox 835 332 998 369; x_wconf 89' lang='lat' dir='ltr'>eorum,</span> <span class='ocrx_word' id='word_1_16' title='bbox 1020 335 1045 359; x_wconf 85' lang='lat' dir='ltr'>a</span> <span class='ocrx_word' id='word_1_17' title='bbox 1065 319 1220 374; x_wconf 88' lang='lat' dir='ltr'>quibus</span> <span class='ocrx_word' id='word_1_18' title='bbox 1241 328 1352 359; x_wconf 88' lang='lat' dir='ltr'>essct</span> <span class='ocrx_word' id='word_1_19' title='bbox 1373 316 1560 357; x_wconf 86' lang='lat' dir='ltr'>auditus.</span> 
     </span>
     <span class='ocr_line' id='line_1_4' title="bbox 280 360 1803 432; baseline -0.001 -18"><span class='ocrx_word' id='word_1_20' title='bbox 280 360 349 409; x_wconf 82' lang='lat'>10</span> <span class='ocrx_word' id='word_1_21' title='bbox 419 373 605 414; x_wconf 62' lang='lat' dir='ltr'>Videsne</span> <span class='ocrx_word' id='word_1_22' title='bbox 637 374 784 429; x_wconf 87' lang='lat' dir='ltr'>igitur,</span> <span class='ocrx_word' id='word_1_23' title='bbox 810 378 841 408; x_wconf 73' lang='grc' dir='ltr'>Π</span> <span class='ocrx_word' id='word_1_24' title='bbox 860 375 901 415; x_wconf 89' lang='lat' dir='ltr'>in</span> <span class='ocrx_word' id='word_1_25' title='bbox 924 390 975 416; x_wconf 86' lang='lat' dir='ltr'>ea</span> <span class='ocrx_word' id='word_1_26' title='bbox 1005 375 1099 432; x_wconf 84' lang='lat' dir='ltr'>ipsa</span> <span class='ocrx_word' id='word_1_27' title='bbox 1120 377 1239 426; x_wconf 91' lang='lat' dir='ltr'>urbe,</span> <span class='ocrx_word' id='word_1_28' title='bbox 1264 376 1305 415; x_wconf 90' lang='lat' dir='ltr'>in</span> <span class='ocrx_word' id='word_1_29' title='bbox 1329 389 1413 429; x_wconf 85' lang='lat' dir='ltr'>qua</span> <span class='ocrx_word' id='word_1_30' title='bbox 1433 383 1477 414; x_wconf 88' lang='lat' dir='ltr'>et</span> <span class='ocrx_word' id='word_1_31' title='bbox 1506 382 1622 422; x_wconf 81' lang='lat' dir='ltr'>nata,</span> <span class='ocrx_word' id='word_1_32' title='bbox 1643 380 1687 413; x_wconf 87' lang='lat' dir='ltr'>et</span> <span class='ocrx_word' id='word_1_33' title='bbox 1716 371 1803 413; x_wconf 74' lang='lat' dir='ltr'>alta</span> 
     </span>
     <span class='ocr_line' id='line_1_5' title="bbox 298 428 1800 488; baseline -0.001 -18"><span class='ocrx_word' id='word_1_34' title='bbox 298 432 349 466; x_wconf 84' lang='lat'>39</span> <span class='ocrx_word' id='word_1_35' title='bbox 362 430 415 471; x_wconf 87' lang='lat' dir='ltr'>sit</span> <span class='ocrx_word' id='word_1_36' title='bbox 437 430 696 486; x_wconf 78' lang='lat' dir='ltr'>eloquentia,</span> <span class='ocrx_word' id='word_1_37' title='bbox 718 446 845 486; x_wconf 83' lang='lat' dir='ltr'>quam</span> <span class='ocrx_word' id='word_1_38' title='bbox 870 447 920 472; x_wconf 85' lang='lat' dir='ltr'>ca</span> <span class='ocrx_word' id='word_1_39' title='bbox 950 448 1042 473; x_wconf 85' lang='lat' dir='ltr'>scro</span> <span class='ocrx_word' id='word_1_40' title='bbox 1068 433 1274 488; x_wconf 88' lang='lat' dir='ltr'>prodierit</span> <span class='ocrx_word' id='word_1_41' title='bbox 1303 432 1346 472; x_wconf 89' lang='lat' dir='ltr'>in</span> <span class='ocrx_word' id='word_1_42' title='bbox 1379 431 1543 472; x_wconf 84' lang='lat' dir='ltr'>lucem?</span> <span class='ocrx_word' id='word_1_43' title='bbox 1577 428 1800 484; x_wconf 79' lang='lat' dir='ltr'>Siquidem</span> 
     </span>
     <span class='ocr_line' id='line_1_6' title="bbox 359 487 1804 540; baseline -0.001 -13"><span class='ocrx_word' id='word_1_44' title='bbox 359 498 459 529; x_wconf 82' lang='lat' dir='ltr'>ante</span> <span class='ocrx_word' id='word_1_45' title='bbox 482 488 651 529; x_wconf 77' lang='lat' dir='ltr'>Solonis</span> <span class='ocrx_word' id='word_1_46' title='bbox 682 499 870 539; x_wconf 63' lang='lat' dir='ltr'>aetatem,</span> <span class='ocrx_word' id='word_1_47' title='bbox 892 500 935 529; x_wconf 92' lang='lat' dir='ltr'>et</span> <span class='ocrx_word' id='word_1_48' title='bbox 960 490 1188 539; x_wconf 81' lang='lat' dir='ltr'>Pisistrati,</span> <span class='ocrx_word' id='word_1_49' title='bbox 1211 491 1263 531; x_wconf 90' lang='lat' dir='ltr'>dc</span> <span class='ocrx_word' id='word_1_50' title='bbox 1294 488 1426 540; x_wconf 84' lang='lat' dir='ltr'>nullo,</span> <span class='ocrx_word' id='word_1_51' title='bbox 1447 497 1496 528; x_wconf 92' lang='lat' dir='ltr'>ut</span> <span class='ocrx_word' id='word_1_52' title='bbox 1517 487 1692 537; x_wconf 89' lang='lat' dir='ltr'>diserto,</span> <span class='ocrx_word' id='word_1_53' title='bbox 1712 499 1804 526; x_wconf 88' lang='lat' dir='ltr'>me-</span> 
     </span>
     <span class='ocr_line' id='line_1_7' title="bbox 355 543 1802 602; baseline -0.001 -17"><span class='ocrx_word' id='word_1_54' title='bbox 355 546 508 586; x_wconf 74' lang='lat' dir='ltr'>rnoriae</span> <span class='ocrx_word' id='word_1_55' title='bbox 551 546 768 602; x_wconf 80' lang='lat' dir='ltr'>proditum</span> <span class='ocrx_word' id='word_1_56' title='bbox 809 558 886 586; x_wconf 83' lang='lat' dir='ltr'>cst.</span> <span class='ocrx_word' id='word_1_57' title='bbox 946 546 1006 587; x_wconf 85' lang='lat' dir='ltr'>At</span> <span class='ocrx_word' id='word_1_58' title='bbox 1048 547 1090 587; x_wconf 90' lang='lat' dir='ltr'>hi</span> <span class='ocrx_word' id='word_1_59' title='bbox 1125 548 1315 602; x_wconf 87' lang='lat' dir='ltr'>quidem,</span> <span class='ocrx_word' id='word_1_60' title='bbox 1351 557 1398 587; x_wconf 81' lang='lat' dir='ltr'>ut</span> <span class='ocrx_word' id='word_1_61' title='bbox 1430 544 1577 601; x_wconf 87' lang='lat' dir='ltr'>populi</span> <span class='ocrx_word' id='word_1_62' title='bbox 1613 543 1802 584; x_wconf 84' lang='lat' dir='ltr'>Romani</span> 
     </span>
     <span class='ocr_line' id='line_1_8' title="bbox 358 600 1804 652; baseline -0.001 -10"><span class='ocrx_word' id='word_1_63' title='bbox 358 612 463 643; x_wconf 73' lang='lat' dir='ltr'>aetas</span> <span class='ocrx_word' id='word_1_64' title='bbox 485 614 564 652; x_wconf 85' lang='lat' dir='ltr'>est,</span> <span class='ocrx_word' id='word_1_65' title='bbox 595 618 739 643; x_wconf 81' lang='lat' dir='ltr'>senes:</span> <span class='ocrx_word' id='word_1_66' title='bbox 775 616 821 643; x_wconf 88' lang='lat' dir='ltr'>ut.</span> <span class='ocrx_word' id='word_1_67' title='bbox 843 602 1174 645; x_wconf 77' lang='lat' dir='ltr'>Atheniensium</span> <span class='ocrx_word' id='word_1_68' title='bbox 1206 604 1363 646; x_wconf 78' lang='lat' dir='ltr'>saecula</span> <span class='ocrx_word' id='word_1_69' title='bbox 1384 611 1676 652; x_wconf 85' lang='lat' dir='ltr'>numerantur,</span> <span class='ocrx_word' id='word_1_70' title='bbox 1699 600 1804 641; x_wconf 87' lang='lat' dir='ltr'>ado-</span> 
     </span>
     <span class='ocr_line' id='line_1_9' title="bbox 357 659 1803 714; baseline -0.001 -14"><span class='ocrx_word' id='word_1_71' title='bbox 357 659 564 700; x_wconf 82' lang='lat' dir='ltr'>lescentes</span> <span class='ocrx_word' id='word_1_72' title='bbox 595 660 751 700; x_wconf 79' lang='lat' dir='ltr'>‹lcbcnt</span> <span class='ocrx_word' id='word_1_73' title='bbox 786 660 934 700; x_wconf 73' lang='lat' dir='ltr'>videri.</span> <span class='ocrx_word' id='word_1_74' title='bbox 997 660 1109 700; x_wconf 61' lang='lat' dir='ltr'>Nam</span> <span class='ocrx_word' id='word_1_75' title='bbox 1141 663 1220 702; x_wconf 89' lang='lat' dir='ltr'>etsi</span> <span class='ocrx_word' id='word_1_76' title='bbox 1253 662 1403 702; x_wconf 72' lang='lat' dir='ltr'>Servio</span> <span class='ocrx_word' id='word_1_77' title='bbox 1425 660 1566 701; x_wconf 88' lang='lat' dir='ltr'>Tullio</span> <span class='ocrx_word' id='word_1_78' title='bbox 1595 667 1803 714; x_wconf 82' lang='lat' dir='ltr'>regnante</span> 
     </span>
     <span class='ocr_line' id='line_1_10' title="bbox 357 717 1803 772; baseline 0 -16"><span class='ocrx_word' id='word_1_79' title='bbox 357 718 604 771; x_wconf 70' lang='lat' dir='ltr'>viguerunt,</span> <span class='ocrx_word' id='word_1_80' title='bbox 636 727 777 757; x_wconf 82' lang='lat' dir='ltr'>tamen</span> <span class='ocrx_word' id='word_1_81' title='bbox 810 718 947 757; x_wconf 83' lang='lat' dir='ltr'>multo</span> <span class='ocrx_word' id='word_1_82' title='bbox 978 717 1140 758; x_wconf 87' lang='lat' dir='ltr'>diutius</span> <span class='ocrx_word' id='word_1_83' title='bbox 1167 718 1350 759; x_wconf 56' lang='lat' dir='ltr'>Athena*</span> <span class='ocrx_word' id='word_1_84' title='bbox 1378 717 1470 772; x_wconf 80' lang='lat' dir='ltr'>jam</span> <span class='ocrx_word' id='word_1_85' title='bbox 1504 727 1640 766; x_wconf 86' lang='lat' dir='ltr'>erant,</span> <span class='ocrx_word' id='word_1_86' title='bbox 1672 729 1803 770; x_wconf 88' lang='lat' dir='ltr'>quam</span> 
     </span>
     <span class='ocr_line' id='line_1_11' title="bbox 358 772 1806 829; baseline -0.001 -15"><span class='ocrx_word' id='word_1_87' title='bbox 358 786 422 815; x_wconf 86' lang='lat' dir='ltr'>est</span> <span class='ocrx_word' id='word_1_88' title='bbox 449 773 588 814; x_wconf 79' lang='lat' dir='ltr'>Roma</span> <span class='ocrx_word' id='word_1_89' title='bbox 617 773 669 814; x_wconf 84' lang='lat' dir='ltr'>ad</span> <span class='ocrx_word' id='word_1_90' title='bbox 695 774 948 815; x_wconf 85' lang='lat' dir='ltr'>hodiernum</span> <span class='ocrx_word' id='word_1_91' title='bbox 970 774 1082 815; x_wconf 86' lang='lat' dir='ltr'>diem</span> <span class='ocrx_word' id='word_1_92' title='bbox 1101 792 1110 816; x_wconf 92' lang='lat'>:</span> <span class='ocrx_word' id='word_1_93' title='bbox 1143 789 1221 815; x_wconf 89' lang='lat' dir='ltr'>nec</span> <span class='ocrx_word' id='word_1_94' title='bbox 1244 785 1387 815; x_wconf 83' lang='lat' dir='ltr'>tamen</span> <span class='ocrx_word' id='word_1_95' title='bbox 1409 775 1577 824; x_wconf 83' lang='lat' dir='ltr'>dubito,</span> <span class='ocrx_word' id='word_1_96' title='bbox 1598 773 1703 829; x_wconf 90' lang='lat' dir='ltr'>quin</span> <span class='ocrx_word' id='word_1_97' title='bbox 1728 772 1806 813; x_wconf 88' lang='lat' dir='ltr'>ha-</span> 
     </span>
     <span class='ocr_line' id='line_1_12' title="bbox 296 828 1806 887; baseline 0.001 -19"><span class='ocrx_word' id='word_1_98' title='bbox 296 835 348 868; x_wconf 78' lang='grc'>40</span> <span class='ocrx_word' id='word_1_99' title='bbox 362 829 500 871; x_wconf 81' lang='lat' dir='ltr'>bu&#39;erit</span> <span class='ocrx_word' id='word_1_100' title='bbox 524 831 608 870; x_wconf 86' lang='lat' dir='ltr'>vim</span> <span class='ocrx_word' id='word_1_101' title='bbox 634 845 833 886; x_wconf 83' lang='lat' dir='ltr'>magnam</span> <span class='ocrx_word' id='word_1_102' title='bbox 859 846 1025 887; x_wconf 81' lang='lat' dir='ltr'><strong>semper</strong></span> <span class='ocrx_word' id='word_1_103' title='bbox 1046 833 1200 873; x_wconf 87' lang='lat' dir='ltr'>oratio.</span> <span class='ocrx_word' id='word_1_104' title='bbox 1262 832 1414 887; x_wconf 59' lang='lat' dir='ltr'>Neque</span> <span class='ocrx_word' id='word_1_105' title='bbox 1435 831 1548 873; x_wconf 87' lang='lat' dir='ltr'>enim</span> <span class='ocrx_word' id='word_1_106' title='bbox 1564 831 1660 887; x_wconf 87' lang='lat' dir='ltr'>jam</span> <span class='ocrx_word' id='word_1_107' title='bbox 1680 828 1806 871; x_wconf 87' lang='lat' dir='ltr'>Troi-</span> 
     </span>
     <span class='ocr_line' id='line_1_13' title="bbox 357 887 1807 944; baseline -0.001 -15"><span class='ocrx_word' id='word_1_108' title='bbox 357 889 419 929; x_wconf 83' lang='lat' dir='ltr'>cis</span> <span class='ocrx_word' id='word_1_109' title='bbox 448 889 715 943; x_wconf 82' lang='lat' dir='ltr'>temporibus</span> <span class='ocrx_word' id='word_1_110' title='bbox 751 899 915 929; x_wconf 76' lang='lat' dir='ltr'>tantuin</span> <span class='ocrx_word' id='word_1_111' title='bbox 950 889 1086 929; x_wconf 82' lang='lat' dir='ltr'>laudis</span> <span class='ocrx_word' id='word_1_112' title='bbox 1120 890 1162 929; x_wconf 93' lang='lat' dir='ltr'>in</span> <span class='ocrx_word' id='word_1_113' title='bbox 1195 889 1380 930; x_wconf 89' lang='lat' dir='ltr'>dicendo</span> <span class='ocrx_word' id='word_1_114' title='bbox 1413 888 1554 944; x_wconf 84' lang='lat' dir='ltr'>Ulyssi</span> <span class='ocrx_word' id='word_1_115' title='bbox 1585 887 1807 929; x_wconf 86' lang='lat' dir='ltr'>tribuisset</span> 
     </span>
     <span class='ocr_line' id='line_1_14' title="bbox 357 944 1804 1000; baseline -0.001 -14"><span class='ocrx_word' id='word_1_116' title='bbox 357 945 592 995; x_wconf 76' lang='lat' dir='ltr'>Homerus,</span> <span class='ocrx_word' id='word_1_117' title='bbox 614 957 657 986; x_wconf 85' lang='lat' dir='ltr'>et</span> <span class='ocrx_word' id='word_1_118' title='bbox 691 945 880 996; x_wconf 54' lang='lat' dir='ltr'>nestori,</span> <span class='ocrx_word' id='word_1_119' title='bbox 903 950 1104 1000; x_wconf 84' lang='lat' dir='ltr'>(quorum</span> <span class='ocrx_word' id='word_1_120' title='bbox 1137 947 1315 987; x_wconf 87' lang='lat' dir='ltr'>alterum</span> <span class='ocrx_word' id='word_1_121' title='bbox 1349 946 1437 986; x_wconf 82' lang='lat' dir='ltr'>vim</span> <span class='ocrx_word' id='word_1_122' title='bbox 1469 946 1624 986; x_wconf 87' lang='lat' dir='ltr'>habere</span> <span class='ocrx_word' id='word_1_123' title='bbox 1651 944 1804 995; x_wconf 91' lang='lat' dir='ltr'>voluit,</span> 
     </span>
     <span class='ocr_line' id='line_1_15' title="bbox 355 1001 1803 1058; baseline 0 -16"><span class='ocrx_word' id='word_1_124' title='bbox 355 1003 535 1043; x_wconf 83' lang='lat' dir='ltr'>alterum</span> <span class='ocrx_word' id='word_1_125' title='bbox 563 1004 857 1053; x_wconf 55' lang='lat' dir='ltr'>suavitatem)</span> <span class='ocrx_word' id='word_1_126' title='bbox 882 1004 959 1043; x_wconf 86' lang='lat' dir='ltr'>nisi</span> <span class='ocrx_word' id='word_1_127' title='bbox 987 1003 1081 1058; x_wconf 83' lang='lat' dir='ltr'>jam</span> <span class='ocrx_word' id='word_1_128' title='bbox 1105 1014 1195 1044; x_wconf 82' lang='lat' dir='ltr'>tum</span> <span class='ocrx_word' id='word_1_129' title='bbox 1218 1013 1330 1044; x_wconf 86' lang='lat' dir='ltr'>esset</span> <span class='ocrx_word' id='word_1_130' title='bbox 1358 1001 1498 1045; x_wconf 89' lang='lat' dir='ltr'>honos</span> <span class='ocrx_word' id='word_1_131' title='bbox 1519 1001 1803 1058; x_wconf 77' lang='lat' dir='ltr'>eloquentiae3</span> 
     </span>
     <span class='ocr_line' id='line_1_16' title="bbox 355 1058 1804 1116; baseline -0.001 -15"><span class='ocrx_word' id='word_1_132' title='bbox 355 1074 495 1115; x_wconf 87' lang='lat' dir='ltr'>neque</span> <span class='ocrx_word' id='word_1_133' title='bbox 520 1061 611 1115; x_wconf 89' lang='lat' dir='ltr'>ipse</span> <span class='ocrx_word' id='word_1_134' title='bbox 635 1060 765 1115; x_wconf 81' lang='lat' dir='ltr'>po&#39;eta</span> <span class='ocrx_word' id='word_1_135' title='bbox 788 1060 857 1101; x_wconf 90' lang='lat' dir='ltr'>hic</span> <span class='ocrx_word' id='word_1_136' title='bbox 882 1069 966 1101; x_wconf 86' lang='lat' dir='ltr'>tam</span> <span class='ocrx_word' id='word_1_137' title='bbox 991 1062 1103 1101; x_wconf 88' lang='lat' dir='ltr'>idem</span> <span class='ocrx_word' id='word_1_138' title='bbox 1124 1071 1299 1102; x_wconf 84' lang='lat' dir='ltr'>ornatus</span> <span class='ocrx_word' id='word_1_139' title='bbox 1324 1061 1366 1101; x_wconf 92' lang='lat' dir='ltr'>in</span> <span class='ocrx_word' id='word_1_140' title='bbox 1389 1059 1588 1110; x_wconf 85' lang='lat' dir='ltr'>dicendo,</span> <span class='ocrx_word' id='word_1_141' title='bbox 1606 1074 1656 1101; x_wconf 88' lang='lat' dir='ltr'>ac</span> <span class='ocrx_word' id='word_1_142' title='bbox 1678 1058 1804 1116; x_wconf 87' lang='lat' dir='ltr'>plane</span> 
     </span>
     <span class='ocr_line' id='line_1_17' title="bbox 357 1115 1807 1174; baseline -0.001 -16"><span class='ocrx_word' id='word_1_143' title='bbox 357 1127 503 1158; x_wconf 82' lang='lat' dir='ltr'>orator</span> <span class='ocrx_word' id='word_1_144' title='bbox 525 1117 691 1158; x_wconf 79' lang='lat' dir='ltr'>fuisset.</span> <span class='ocrx_word' id='word_1_145' title='bbox 715 1117 837 1172; x_wconf 83' lang='lat' dir='ltr'>cujus</span> <span class='ocrx_word' id='word_1_146' title='bbox 860 1118 939 1158; x_wconf 85' lang='lat' dir='ltr'>etsi</span> <span class='ocrx_word' id='word_1_147' title='bbox 969 1118 1132 1159; x_wconf 85' lang='lat' dir='ltr'>incerta</span> <span class='ocrx_word' id='word_1_148' title='bbox 1153 1127 1253 1159; x_wconf 90' lang='lat' dir='ltr'>sunt</span> <span class='ocrx_word' id='word_1_149' title='bbox 1275 1128 1484 1174; x_wconf 84' lang='lat' dir='ltr'>tempora,</span> <span class='ocrx_word' id='word_1_150' title='bbox 1508 1126 1650 1158; x_wconf 85' lang='lat' dir='ltr'>tamen</span> <span class='ocrx_word' id='word_1_151' title='bbox 1681 1115 1807 1172; x_wconf 81' lang='lat' dir='ltr'>annis</span> 
     </span>
     <span class='ocr_line' id='line_1_18' title="bbox 356 1173 1805 1231; baseline -0.001 -16"><span class='ocrx_word' id='word_1_152' title='bbox 356 1174 502 1215; x_wconf 86' lang='lat' dir='ltr'>multis</span> <span class='ocrx_word' id='word_1_153' title='bbox 527 1174 610 1215; x_wconf 85' lang='lat' dir='ltr'>fuit</span> <span class='ocrx_word' id='word_1_154' title='bbox 631 1185 730 1216; x_wconf 81' lang='lat' dir='ltr'>ante</span> <span class='ocrx_word' id='word_1_155' title='bbox 762 1175 1022 1217; x_wconf 78' lang='lat' dir='ltr'>Romulum:</span> <span class='ocrx_word' id='word_1_156' title='bbox 1055 1175 1265 1230; x_wconf 80' lang='lat' dir='ltr'>siquidem</span> <span class='ocrx_word' id='word_1_157' title='bbox 1290 1190 1375 1216; x_wconf 91' lang='lat' dir='ltr'>non</span> <span class='ocrx_word' id='word_1_158' title='bbox 1409 1175 1521 1217; x_wconf 86' lang='lat' dir='ltr'>infra</span> <span class='ocrx_word' id='word_1_159' title='bbox 1541 1173 1805 1231; x_wconf 87' lang='lat' dir='ltr'>superiorem</span> 
     </span>
     <span class='ocr_line' id='line_1_19' title="bbox 360 1230 1806 1289; baseline 0 -17"><span class='ocrx_word' id='word_1_160' title='bbox 360 1231 606 1289; x_wconf 76' lang='lat' dir='ltr'>Lycurgum</span> <span class='ocrx_word' id='word_1_161' title='bbox 631 1232 730 1283; x_wconf 86' lang='lat' dir='ltr'>fuit,</span> <span class='ocrx_word' id='word_1_162' title='bbox 761 1248 785 1274; x_wconf 89' lang='lat' dir='ltr'>a</span> <span class='ocrx_word' id='word_1_163' title='bbox 806 1247 891 1287; x_wconf 88' lang='lat' dir='ltr'>quo</span> <span class='ocrx_word' id='word_1_164' title='bbox 914 1242 977 1273; x_wconf 88' lang='lat' dir='ltr'>est</span> <span class='ocrx_word' id='word_1_165' title='bbox 1010 1233 1239 1289; x_wconf 82' lang='lat' dir='ltr'>disciplina</span> <span class='ocrx_word' id='word_1_166' title='bbox 1273 1232 1701 1274; x_wconf 66' lang='lat' dir='ltr'>Lacedaemoniorum</span> <span class='ocrx_word' id='word_1_167' title='bbox 1729 1230 1806 1272; x_wconf 87' lang='lat' dir='ltr'>ad-</span> 
     </span>
     <span class='ocr_line' id='line_1_20' title="bbox 295 1288 1803 1347; baseline -0.001 -17"><span class='ocrx_word' id='word_1_168' title='bbox 295 1290 507 1331; x_wconf 79' lang='lat' dir='ltr'>ssstricta</span> <span class='ocrx_word' id='word_1_169' title='bbox 547 1289 730 1345; x_wconf 88' lang='lat' dir='ltr'>legibus.</span> <span class='ocrx_word' id='word_1_170' title='bbox 792 1290 873 1331; x_wconf 83' lang='lat' dir='ltr'>Sed</span> <span class='ocrx_word' id='word_1_171' title='bbox 909 1290 1098 1331; x_wconf 87' lang='lat' dir='ltr'>studium</span> <span class='ocrx_word' id='word_1_172' title='bbox 1131 1291 1224 1346; x_wconf 86' lang='lat' dir='ltr'>ejus</span> <span class='ocrx_word' id='word_1_173' title='bbox 1266 1291 1450 1347; x_wconf 85' lang='lat' dir='ltr'>generis,</span> <span class='ocrx_word' id='word_1_174' title='bbox 1483 1289 1707 1345; x_wconf 87' lang='lat' dir='ltr'>majorque</span> <span class='ocrx_word' id='word_1_175' title='bbox 1738 1288 1803 1329; x_wconf 75' lang='lat' dir='ltr'>vis</span> 
     </span>
     <span class='ocr_line' id='line_1_21' title="bbox 356 1344 1805 1404; baseline -0.001 -16"><span class='ocrx_word' id='word_1_176' title='bbox 356 1347 608 1403; x_wconf 79' lang='lat' dir='ltr'>agnoscitur</span> <span class='ocrx_word' id='word_1_177' title='bbox 639 1348 680 1387; x_wconf 89' lang='lat' dir='ltr'>in</span> <span class='ocrx_word' id='word_1_178' title='bbox 716 1347 958 1388; x_wconf 87' lang='lat' dir='ltr'>Pisistrato.</span> <span class='ocrx_word' id='word_1_179' title='bbox 1019 1347 1220 1404; x_wconf 89' lang='lat' dir='ltr'>Denique</span> <span class='ocrx_word' id='word_1_180' title='bbox 1258 1348 1373 1389; x_wconf 89' lang='lat' dir='ltr'>hunc</span> <span class='ocrx_word' id='word_1_181' title='bbox 1412 1347 1612 1404; x_wconf 82' lang='lat' dir='ltr'>proximo</span> <span class='ocrx_word' id='word_1_182' title='bbox 1645 1344 1805 1388; x_wconf 86' lang='lat' dir='ltr'>saeculo</span> 
     </span>
     <span class='ocr_line' id='line_1_22' title="bbox 355 1403 1804 1461; baseline -0.001 -16"><span class='ocrx_word' id='word_1_183' title='bbox 355 1403 669 1446; x_wconf 80' lang='lat' dir='ltr'>Themistocles</span> <span class='ocrx_word' id='word_1_184' title='bbox 702 1404 921 1446; x_wconf 88' lang='lat' dir='ltr'>insecutus</span> <span class='ocrx_word' id='word_1_185' title='bbox 951 1413 1030 1456; x_wconf 87' lang='lat' dir='ltr'>est,</span> <span class='ocrx_word' id='word_1_186' title='bbox 1066 1415 1112 1446; x_wconf 89' lang='lat' dir='ltr'>ut</span> <span class='ocrx_word' id='word_1_187' title='bbox 1144 1405 1257 1461; x_wconf 85' lang='lat' dir='ltr'>apud</span> <span class='ocrx_word' id='word_1_188' title='bbox 1292 1420 1384 1455; x_wconf 73' lang='grc' dir='ltr'>ῃοε,</span> <span class='ocrx_word' id='word_1_189' title='bbox 1418 1404 1724 1461; x_wconf 81' lang='lat' dir='ltr'>perantiquus3</span> <span class='ocrx_word' id='word_1_190' title='bbox 1753 1411 1804 1444; x_wconf 90' lang='lat' dir='ltr'>ut</span> 
     </span>
     <span class='ocr_line' id='line_1_23' title="bbox 354 1461 1805 1518; baseline 0 -16"><span class='ocrx_word' id='word_1_191' title='bbox 354 1462 468 1518; x_wconf 87' lang='lat' dir='ltr'>apud</span> <span class='ocrx_word' id='word_1_192' title='bbox 492 1461 792 1513; x_wconf 85' lang='lat' dir='ltr'>Athenienses,</span> <span class='ocrx_word' id='word_1_193' title='bbox 815 1477 902 1503; x_wconf 91' lang='lat' dir='ltr'>non</span> <span class='ocrx_word' id='word_1_194' title='bbox 925 1463 985 1502; x_wconf 87' lang='lat' dir='ltr'>ita</span> <span class='ocrx_word' id='word_1_195' title='bbox 1008 1477 1108 1503; x_wconf 86' lang='lat' dir='ltr'>sane</span> <span class='ocrx_word' id='word_1_196' title='bbox 1131 1471 1267 1503; x_wconf 88' lang='lat' dir='ltr'>vetus.</span> <span class='ocrx_word' id='word_1_197' title='bbox 1329 1462 1431 1504; x_wconf 91' lang='lat' dir='ltr'>Fuit</span> <span class='ocrx_word' id='word_1_198' title='bbox 1450 1462 1566 1503; x_wconf 89' lang='lat' dir='ltr'>enim</span> <span class='ocrx_word' id='word_1_199' title='bbox 1595 1469 1805 1517; x_wconf 86' lang='lat' dir='ltr'>regnante</span> 
     </span>
     <span class='ocr_line' id='line_1_24' title="bbox 345 1518 1804 1575; baseline 0 -16"><span class='ocrx_word' id='word_1_200' title='bbox 345 1520 440 1574; x_wconf 79' lang='lat' dir='ltr'>jam</span> <span class='ocrx_word' id='word_1_201' title='bbox 466 1518 653 1569; x_wconf 74' lang='lat' dir='ltr'>Graecia,</span> <span class='ocrx_word' id='word_1_202' title='bbox 674 1530 819 1560; x_wconf 89' lang='lat' dir='ltr'>nostra</span> <span class='ocrx_word' id='word_1_203' title='bbox 841 1530 984 1560; x_wconf 87' lang='lat' dir='ltr'>autem</span> <span class='ocrx_word' id='word_1_204' title='bbox 1004 1520 1181 1561; x_wconf 85' lang='lat' dir='ltr'>civitate</span> <span class='ocrx_word' id='word_1_205' title='bbox 1204 1534 1289 1560; x_wconf 87' lang='lat' dir='ltr'>non</span> <span class='ocrx_word' id='word_1_206' title='bbox 1309 1519 1369 1560; x_wconf 87' lang='lat' dir='ltr'>ita</span> <span class='ocrx_word' id='word_1_207' title='bbox 1392 1519 1556 1575; x_wconf 88' lang='lat' dir='ltr'>pridem</span> <span class='ocrx_word' id='word_1_208' title='bbox 1578 1518 1804 1560; x_wconf 87' lang='lat' dir='ltr'>dominatu</span> 
     </span>
     <span class='ocr_line' id='line_1_25' title="bbox 354 1575 1802 1632; baseline -0.001 -15"><span class='ocrx_word' id='word_1_209' title='bbox 354 1577 475 1631; x_wconf 88' lang='lat' dir='ltr'>regio</span> <span class='ocrx_word' id='word_1_210' title='bbox 507 1576 701 1617; x_wconf 80' lang='lat' dir='ltr'>liberata.</span> <span class='ocrx_word' id='word_1_211' title='bbox 736 1591 835 1617; x_wconf 83' lang='lat' dir='ltr'>narn</span> <span class='ocrx_word' id='word_1_212' title='bbox 872 1576 1029 1618; x_wconf 90' lang='lat' dir='ltr'>bellum</span> <span class='ocrx_word' id='word_1_213' title='bbox 1063 1576 1318 1618; x_wconf 88' lang='lat' dir='ltr'>Volscorum</span> <span class='ocrx_word' id='word_1_214' title='bbox 1351 1575 1455 1617; x_wconf 92' lang='lat' dir='ltr'>illud</span> <span class='ocrx_word' id='word_1_215' title='bbox 1484 1575 1802 1632; x_wconf 89' lang='lat' dir='ltr'>gravissimum,</span> 
     </span>
     <span class='ocr_line' id='line_1_26' title="bbox 355 1632 1804 1689; baseline 0 -16"><span class='ocrx_word' id='word_1_216' title='bbox 355 1634 425 1674; x_wconf 93' lang='lat' dir='ltr'>cui</span> <span class='ocrx_word' id='word_1_217' title='bbox 461 1632 718 1674; x_wconf 87' lang='lat' dir='ltr'>Coriolanus</span> <span class='ocrx_word' id='word_1_218' title='bbox 752 1633 875 1675; x_wconf 81' lang='lat' dir='ltr'>exsul</span> <span class='ocrx_word' id='word_1_219' title='bbox 911 1632 1121 1685; x_wconf 75' lang='lat' dir='ltr'>interfuit,</span> <span class='ocrx_word' id='word_1_220' title='bbox 1154 1634 1306 1675; x_wconf 89' lang='lat' dir='ltr'>eodem</span> <span class='ocrx_word' id='word_1_221' title='bbox 1341 1634 1428 1674; x_wconf 83' lang='lat' dir='ltr'>fere</span> <span class='ocrx_word' id='word_1_222' title='bbox 1470 1642 1678 1689; x_wconf 88' lang='lat' dir='ltr'>tempore,</span> <span class='ocrx_word' id='word_1_223' title='bbox 1715 1647 1804 1688; x_wconf 93' lang='lat' dir='ltr'>quo</span> 
     </span>
     <span class='ocr_line' id='line_1_27' title="bbox 360 1689 1806 1746; baseline 0.001 -15"><span class='ocrx_word' id='word_1_224' title='bbox 360 1690 586 1731; x_wconf 83' lang='lat' dir='ltr'>Persarum</span> <span class='ocrx_word' id='word_1_225' title='bbox 621 1691 794 1742; x_wconf 86' lang='lat' dir='ltr'>bellum,</span> <span class='ocrx_word' id='word_1_226' title='bbox 829 1691 926 1742; x_wconf 87' lang='lat' dir='ltr'>fuit,</span> <span class='ocrx_word' id='word_1_227' title='bbox 963 1691 1199 1746; x_wconf 87' lang='lat' dir='ltr'>similisque</span> <span class='ocrx_word' id='word_1_228' title='bbox 1233 1691 1407 1732; x_wconf 88' lang='lat' dir='ltr'>fortuna</span> <span class='ocrx_word' id='word_1_229' title='bbox 1443 1689 1655 1731; x_wconf 87' lang='lat' dir='ltr'>clarorum</span> <span class='ocrx_word' id='word_1_230' title='bbox 1690 1690 1806 1732; x_wconf 89' lang='lat' dir='ltr'>viro-</span> 
     </span>
     <span class='ocr_line' id='line_1_28' title="bbox 294 1746 1805 1804; baseline 0.003 -19"><span class='ocrx_word' id='word_1_231' title='bbox 294 1752 343 1786; x_wconf 70' lang='lat'>4⁶2</span> <span class='ocrx_word' id='word_1_232' title='bbox 358 1763 467 1789; x_wconf 85' lang='lat' dir='ltr'>rum.</span> <span class='ocrx_word' id='word_1_233' title='bbox 512 1747 555 1789; x_wconf 82' lang='lat' dir='ltr'>Si</span> <span class='ocrx_word' id='word_1_234' title='bbox 579 1748 753 1803; x_wconf 89' lang='lat' dir='ltr'>quidem</span> <span class='ocrx_word' id='word_1_235' title='bbox 777 1758 970 1803; x_wconf 86' lang='lat' dir='ltr'>uterque,</span> <span class='ocrx_word' id='word_1_236' title='bbox 992 1763 1092 1790; x_wconf 89' lang='lat' dir='ltr'>cum</span> <span class='ocrx_word' id='word_1_237' title='bbox 1114 1749 1221 1790; x_wconf 87' lang='lat' dir='ltr'>civis</span> <span class='ocrx_word' id='word_1_238' title='bbox 1243 1748 1442 1804; x_wconf 89' lang='lat' dir='ltr'>egregius</span> <span class='ocrx_word' id='word_1_239' title='bbox 1465 1747 1631 1799; x_wconf 85' lang='lat' dir='ltr'>fuisset,</span> <span class='ocrx_word' id='word_1_240' title='bbox 1654 1746 1805 1804; x_wconf 88' lang='lat' dir='ltr'>populi</span> 
     </span>
     <span class='ocr_line' id='line_1_29' title="bbox 357 1804 1805 1862; baseline 0 -16"><span class='ocrx_word' id='word_1_241' title='bbox 357 1806 517 1862; x_wconf 82' lang='lat' dir='ltr'>ingrati</span> <span class='ocrx_word' id='word_1_242' title='bbox 555 1805 701 1861; x_wconf 88' lang='lat' dir='ltr'>pulsus</span> <span class='ocrx_word' id='word_1_243' title='bbox 735 1806 907 1861; x_wconf 84' lang='lat' dir='ltr'>injuria,</span> <span class='ocrx_word' id='word_1_244' title='bbox 941 1821 985 1847; x_wconf 91' lang='lat' dir='ltr'>se</span> <span class='ocrx_word' id='word_1_245' title='bbox 1022 1806 1075 1847; x_wconf 88' lang='lat' dir='ltr'>ad</span> <span class='ocrx_word' id='word_1_246' title='bbox 1107 1806 1252 1847; x_wconf 88' lang='lat' dir='ltr'>hostes</span> <span class='ocrx_word' id='word_1_247' title='bbox 1282 1804 1483 1855; x_wconf 89' lang='lat' dir='ltr'>contulit,</span> <span class='ocrx_word' id='word_1_248' title='bbox 1513 1814 1805 1861; x_wconf 84' lang='lat' dir='ltr'>conatumque</span> 
     </span>
     <span class='ocr_line' id='line_1_30' title="bbox 358 1861 1806 1919; baseline 0.001 -16"><span class='ocrx_word' id='word_1_249' title='bbox 358 1863 592 1904; x_wconf 70' lang='lat' dir='ltr'>iracundiae</span> <span class='ocrx_word' id='word_1_250' title='bbox 623 1877 711 1904; x_wconf 88' lang='lat' dir='ltr'>suae</span> <span class='ocrx_word' id='word_1_251' title='bbox 742 1874 881 1904; x_wconf 88' lang='lat' dir='ltr'>morte</span> <span class='ocrx_word' id='word_1_252' title='bbox 912 1864 1091 1904; x_wconf 87' lang='lat' dir='ltr'>sedavit.</span> <span class='ocrx_word' id='word_1_253' title='bbox 1123 1878 1220 1904; x_wconf 89' lang='lat' dir='ltr'>nam</span> <span class='ocrx_word' id='word_1_254' title='bbox 1252 1863 1332 1904; x_wconf 91' lang='lat' dir='ltr'>etsi</span> <span class='ocrx_word' id='word_1_255' title='bbox 1363 1863 1486 1904; x_wconf 83' lang='lat' dir='ltr'>aliter</span> <span class='ocrx_word' id='word_1_256' title='bbox 1514 1874 1580 1903; x_wconf 91' lang='lat' dir='ltr'>est</span> <span class='ocrx_word' id='word_1_257' title='bbox 1608 1861 1723 1919; x_wconf 86' lang='lat' dir='ltr'>apud</span> <span class='ocrx_word' id='word_1_258' title='bbox 1746 1871 1806 1914; x_wconf 85' lang='lat' dir='ltr'>te,</span> 
     </span>
     <span class='ocr_line' id='line_1_31' title="bbox 358 1919 1803 1976; baseline 0.001 -16"><span class='ocrx_word' id='word_1_259' title='bbox 358 1919 518 1971; x_wconf 88' lang='lat' dir='ltr'>Attice,</span> <span class='ocrx_word' id='word_1_260' title='bbox 542 1920 595 1961; x_wconf 88' lang='lat' dir='ltr'>de</span> <span class='ocrx_word' id='word_1_261' title='bbox 619 1919 866 1971; x_wconf 79' lang='lat' dir='ltr'>Coriolano,</span> <span class='ocrx_word' id='word_1_262' title='bbox 889 1920 1077 1962; x_wconf 84' lang='lat' dir='ltr'>concede</span> <span class='ocrx_word' id='word_1_263' title='bbox 1100 1930 1258 1972; x_wconf 85' lang='lat' dir='ltr'>tamen,</span> <span class='ocrx_word' id='word_1_264' title='bbox 1283 1930 1330 1962; x_wconf 93' lang='lat' dir='ltr'>ut</span> <span class='ocrx_word' id='word_1_265' title='bbox 1353 1920 1456 1962; x_wconf 90' lang='lat' dir='ltr'>huic</span> <span class='ocrx_word' id='word_1_266' title='bbox 1482 1919 1627 1976; x_wconf 78' lang='lat' dir='ltr'>generi</span> <span class='ocrx_word' id='word_1_267' title='bbox 1651 1919 1803 1963; x_wconf 88' lang='lat' dir='ltr'>mortis</span> 
     </span>
     <span class='ocr_line' id='line_1_32' title="bbox 279 1973 1802 2034; baseline 0 -15"><span class='ocrx_word' id='word_1_268' title='bbox 279 1973 338 2019; x_wconf 89' lang='grc'>11</span> <span class='ocrx_word' id='word_1_269' title='bbox 359 1978 502 2034; x_wconf 87' lang='lat' dir='ltr'>potius</span> <span class='ocrx_word' id='word_1_270' title='bbox 526 1978 746 2019; x_wconf 83' lang='lat' dir='ltr'>assentiar.</span> <span class='ocrx_word' id='word_1_271' title='bbox 798 1978 857 2018; x_wconf 92' lang='lat' dir='ltr'>At</span> <span class='ocrx_word' id='word_1_272' title='bbox 881 1978 949 2019; x_wconf 90' lang='lat' dir='ltr'>ille</span> <span class='ocrx_word' id='word_1_273' title='bbox 971 1978 1128 2030; x_wconf 83' lang='lat' dir='ltr'>ridens,</span> <span class='ocrx_word' id='word_1_274' title='bbox 1151 1988 1226 2019; x_wconf 91' lang='lat' dir='ltr'>tuo</span> <span class='ocrx_word' id='word_1_275' title='bbox 1251 1992 1365 2029; x_wconf 89' lang='lat' dir='ltr'>vero,</span> <span class='ocrx_word' id='word_1_276' title='bbox 1388 1978 1544 2033; x_wconf 86' lang='lat' dir='ltr'>inquit,</span> <span class='ocrx_word' id='word_1_277' title='bbox 1565 1977 1802 2019; x_wconf 87' lang='lat' dir='ltr'>arbitratu:</span> 
     </span>
     <span class='ocr_line' id='line_1_33' title="bbox 357 2034 1816 2091; baseline 0 -16"><span class='ocrx_word' id='word_1_278' title='bbox 357 2035 562 2091; x_wconf 85' lang='lat' dir='ltr'>quoniam</span> <span class='ocrx_word' id='word_1_279' title='bbox 594 2035 766 2090; x_wconf 87' lang='lat' dir='ltr'>quidem</span> <span class='ocrx_word' id='word_1_280' title='bbox 791 2050 1043 2077; x_wconf 88' lang='lat' dir='ltr'>concessum</span> <span class='ocrx_word' id='word_1_281' title='bbox 1074 2046 1139 2077; x_wconf 90' lang='lat' dir='ltr'>est</span> <span class='ocrx_word' id='word_1_282' title='bbox 1169 2035 1414 2077; x_wconf 87' lang='lat' dir='ltr'>rhetoribus</span> <span class='ocrx_word' id='word_1_283' title='bbox 1435 2035 1631 2076; x_wconf 87' lang='lat' dir='ltr'>ementiri</span> <span class='ocrx_word' id='word_1_284' title='bbox 1663 2034 1706 2075; x_wconf 90' lang='lat' dir='ltr'>in</span> <span class='ocrx_word' id='word_1_285' title='bbox 1736 2034 1816 2076; x_wconf 85' lang='lat' dir='ltr'>hi·-</span> 
     </span>
     <span class='ocr_line' id='line_1_34' title="bbox 356 2091 1802 2149; baseline 0 -17"><span class='ocrx_word' id='word_1_286' title='bbox 356 2093 514 2142; x_wconf 87' lang='lat' dir='ltr'>storiis,</span> <span class='ocrx_word' id='word_1_287' title='bbox 538 2103 585 2132; x_wconf 89' lang='lat' dir='ltr'>ut</span> <span class='ocrx_word' id='word_1_288' title='bbox 616 2092 775 2148; x_wconf 85' lang='lat' dir='ltr'>aliquid</span> <span class='ocrx_word' id='word_1_289' title='bbox 799 2093 940 2134; x_wconf 85' lang='lat' dir='ltr'>dicere</span> <span class='ocrx_word' id='word_1_290' title='bbox 972 2093 1138 2149; x_wconf 87' lang='lat' dir='ltr'>possint</span> <span class='ocrx_word' id='word_1_291' title='bbox 1167 2093 1378 2149; x_wconf 86' lang='lat' dir='ltr'>argutius.</span> <span class='ocrx_word' id='word_1_292' title='bbox 1411 2101 1457 2134; x_wconf 92' lang='lat' dir='ltr'>ut</span> <span class='ocrx_word' id='word_1_293' title='bbox 1481 2091 1594 2133; x_wconf 89' lang='lat' dir='ltr'>enim</span> <span class='ocrx_word' id='word_1_294' title='bbox 1618 2101 1663 2133; x_wconf 91' lang='lat' dir='ltr'>tu</span> <span class='ocrx_word' id='word_1_295' title='bbox 1685 2106 1802 2133; x_wconf 85' lang='lat' dir='ltr'>nune</span> 
     </span>
     <span class='ocr_line' id='line_1_35' title="bbox 356 2148 1804 2201; baseline 0 -11"><span class='ocrx_word' id='word_1_296' title='bbox 356 2150 409 2190; x_wconf 89' lang='lat' dir='ltr'>de</span> <span class='ocrx_word' id='word_1_297' title='bbox 434 2149 682 2200; x_wconf 86' lang='lat' dir='ltr'>Coriolano,</span> <span class='ocrx_word' id='word_1_298' title='bbox 705 2151 766 2191; x_wconf 92' lang='lat' dir='ltr'>sic</span> <span class='ocrx_word' id='word_1_299' title='bbox 790 2149 1050 2201; x_wconf 85' lang='lat' dir='ltr'>Clitarchus,</span> <span class='ocrx_word' id='word_1_300' title='bbox 1081 2150 1142 2191; x_wconf 91' lang='lat' dir='ltr'>sic</span> <span class='ocrx_word' id='word_1_301' title='bbox 1174 2150 1406 2192; x_wconf 87' lang='lat' dir='ltr'>Stratocles</span> <span class='ocrx_word' id='word_1_302' title='bbox 1437 2150 1490 2191; x_wconf 90' lang='lat' dir='ltr'>de</span> <span class='ocrx_word' id='word_1_303' title='bbox 1511 2148 1804 2191; x_wconf 87' lang='lat' dir='ltr'>Themistocle</span> 
     </span>
     <span class='ocr_line' id='line_1_36' title="bbox 293 2203 1806 2264; baseline 0 -17"><span class='ocrx_word' id='word_1_304' title='bbox 293 2203 501 2247; x_wconf 68' lang='lat' dir='ltr'>4³1inxit.</span> <span class='ocrx_word' id='word_1_305' title='bbox 558 2206 687 2258; x_wconf 70' lang='lat' dir='ltr'>Nam,</span> <span class='ocrx_word' id='word_1_306' title='bbox 710 2221 837 2262; x_wconf 82' lang='lat' dir='ltr'>quern</span> <span class='ocrx_word' id='word_1_307' title='bbox 861 2207 1151 2264; x_wconf 88' lang='lat' dir='ltr'>Thucydides,</span> <span class='ocrx_word' id='word_1_308' title='bbox 1174 2208 1247 2262; x_wconf 90' lang='lat' dir='ltr'>qui</span> <span class='ocrx_word' id='word_1_309' title='bbox 1270 2215 1314 2248; x_wconf 90' lang='lat' dir='ltr'>et</span> <span class='ocrx_word' id='word_1_310' title='bbox 1335 2206 1611 2248; x_wconf 88' lang='lat' dir='ltr'>Atheniensis</span> <span class='ocrx_word' id='word_1_311' title='bbox 1633 2214 1738 2257; x_wconf 86' lang='lat' dir='ltr'>erat,</span> <span class='ocrx_word' id='word_1_312' title='bbox 1759 2214 1806 2248; x_wconf 91' lang='lat' dir='ltr'>et</span> 
     </span>
     <span class='ocr_line' id='line_1_37' title="bbox 357 2263 1804 2321; baseline 0 -17"><span class='ocrx_word' id='word_1_313' title='bbox 357 2279 526 2305; x_wconf 88' lang='lat' dir='ltr'>summo</span> <span class='ocrx_word' id='word_1_314' title='bbox 549 2263 645 2305; x_wconf 91' lang='lat' dir='ltr'>loco</span> <span class='ocrx_word' id='word_1_315' title='bbox 678 2274 816 2316; x_wconf 86' lang='lat' dir='ltr'>natus,</span> <span class='ocrx_word' id='word_1_316' title='bbox 849 2279 1125 2320; x_wconf 86' lang='lat' dir='ltr'>summusque</span> <span class='ocrx_word' id='word_1_317' title='bbox 1156 2266 1235 2316; x_wconf 89' lang='lat' dir='ltr'>vir,</span> <span class='ocrx_word' id='word_1_318' title='bbox 1260 2272 1303 2305; x_wconf 92' lang='lat' dir='ltr'>et</span> <span class='ocrx_word' id='word_1_319' title='bbox 1337 2264 1478 2321; x_wconf 89' lang='lat' dir='ltr'>paullo</span> <span class='ocrx_word' id='word_1_320' title='bbox 1500 2271 1628 2305; x_wconf 87' lang='lat' dir='ltr'>aetate</span> <span class='ocrx_word' id='word_1_321' title='bbox 1657 2271 1804 2321; x_wconf 88' lang='lat' dir='ltr'>poste-</span> 
     </span>
     <span class='ocr_line' id='line_1_38' title="bbox 355 2321 1802 2379; baseline 0 -17"><span class='ocrx_word' id='word_1_322' title='bbox 355 2322 457 2372; x_wconf 87' lang='lat' dir='ltr'>rior,</span> <span class='ocrx_word' id='word_1_323' title='bbox 481 2332 647 2362; x_wconf 82' lang='lat' dir='ltr'>tantum</span> <span class='ocrx_word' id='word_1_324' title='bbox 671 2332 889 2363; x_wconf 88' lang='lat' dir='ltr'>mortuum</span> <span class='ocrx_word' id='word_1_325' title='bbox 912 2323 1099 2379; x_wconf 87' lang='lat' dir='ltr'>scripsit,</span> <span class='ocrx_word' id='word_1_326' title='bbox 1120 2331 1164 2363; x_wconf 88' lang='lat' dir='ltr'>et</span> <span class='ocrx_word' id='word_1_327' title='bbox 1186 2322 1228 2363; x_wconf 92' lang='lat' dir='ltr'>in</span> <span class='ocrx_word' id='word_1_328' title='bbox 1252 2322 1400 2363; x_wconf 84' lang='lat' dir='ltr'>Attica</span> <span class='ocrx_word' id='word_1_329' title='bbox 1421 2321 1531 2364; x_wconf 89' lang='lat' dir='ltr'>clam</span> <span class='ocrx_word' id='word_1_330' title='bbox 1550 2321 1802 2373; x_wconf 88' lang='lat' dir='ltr'>humatum;</span> 
     </span>
     <span class='ocr_line' id='line_1_39' title="bbox 356 2379 1801 2435; baseline 0.001 -16"><span class='ocrx_word' id='word_1_331' title='bbox 356 2379 536 2429; x_wconf 87' lang='lat' dir='ltr'>addidit,</span> <span class='ocrx_word' id='word_1_332' title='bbox 562 2379 692 2420; x_wconf 81' lang='lat' dir='ltr'>fuisse</span> <span class='ocrx_word' id='word_1_333' title='bbox 715 2379 1004 2435; x_wconf 85' lang='lat' dir='ltr'>suspicionem</span> <span class='ocrx_word' id='word_1_334' title='bbox 1026 2394 1187 2421; x_wconf 87' lang='lat' dir='ltr'>veneno</span> <span class='ocrx_word' id='word_1_335' title='bbox 1211 2380 1292 2421; x_wconf 91' lang='lat' dir='ltr'>sibi</span> <span class='ocrx_word' id='word_1_336' title='bbox 1310 2380 1570 2421; x_wconf 87' lang='lat' dir='ltr'>conscivisse</span> <span class='ocrx_word' id='word_1_337' title='bbox 1593 2386 1801 2420; x_wconf 87' lang='lat' dir='ltr'>mortem:</span> 
     </span>
     <span class='ocr_line' id='line_1_40' title="bbox 356 2435 1802 2491; baseline -0.001 -15"><span class='ocrx_word' id='word_1_338' title='bbox 356 2435 470 2477; x_wconf 89' lang='lat' dir='ltr'>hunc</span> <span class='ocrx_word' id='word_1_339' title='bbox 505 2437 575 2477; x_wconf 82' lang='lat' dir='ltr'>isti</span> <span class='ocrx_word' id='word_1_340' title='bbox 607 2437 743 2488; x_wconf 85' lang='lat' dir='ltr'>aiunt,</span> <span class='ocrx_word' id='word_1_341' title='bbox 766 2452 865 2478; x_wconf 88' lang='lat' dir='ltr'>cum</span> <span class='ocrx_word' id='word_1_342' title='bbox 898 2446 1065 2478; x_wconf 89' lang='lat' dir='ltr'>taurum</span> <span class='ocrx_word' id='word_1_343' title='bbox 1103 2437 1423 2488; x_wconf 80' lang='lat' dir='ltr'>immolavisset,</span> <span class='ocrx_word' id='word_1_344' title='bbox 1450 2436 1671 2491; x_wconf 87' lang='lat' dir='ltr'>excepisse</span> <span class='ocrx_word' id='word_1_345' title='bbox 1704 2449 1802 2476; x_wconf 86' lang='lat' dir='ltr'>san-</span> 
     </span>
     <span class='ocr_line' id='line_1_41' title="bbox 355 2492 1800 2550; baseline -0.001 -17"><span class='ocrx_word' id='word_1_346' title='bbox 355 2494 530 2548; x_wconf 84' lang='lat' dir='ltr'>guinem</span> <span class='ocrx_word' id='word_1_347' title='bbox 574 2504 734 2549; x_wconf 81' lang='lat' dir='ltr'>patera,</span> <span class='ocrx_word' id='word_1_348' title='bbox 773 2505 817 2535; x_wconf 84' lang='lat' dir='ltr'>et</span> <span class='ocrx_word' id='word_1_349' title='bbox 851 2509 902 2536; x_wconf 93' lang='lat' dir='ltr'>eo</span> <span class='ocrx_word' id='word_1_350' title='bbox 947 2506 1064 2550; x_wconf 89' lang='lat' dir='ltr'>poto,</span> <span class='ocrx_word' id='word_1_351' title='bbox 1101 2504 1320 2535; x_wconf 87' lang='lat' dir='ltr'>mortuum</span> <span class='ocrx_word' id='word_1_352' title='bbox 1356 2493 1608 2535; x_wconf 90' lang='lat' dir='ltr'>concidisse.</span> <span class='ocrx_word' id='word_1_353' title='bbox 1671 2492 1800 2533; x_wconf 84' lang='lat' dir='ltr'>Hanc</span> 
     </span>
     <span class='ocr_line' id='line_1_42' title="bbox 354 2549 1801 2607; baseline 0 -17"><span class='ocrx_word' id='word_1_354' title='bbox 354 2551 469 2590; x_wconf 88' lang='lat' dir='ltr'>enim</span> <span class='ocrx_word' id='word_1_355' title='bbox 504 2562 685 2591; x_wconf 87' lang='lat' dir='ltr'>mortem</span> <span class='ocrx_word' id='word_1_356' title='bbox 724 2551 936 2593; x_wconf 86' lang='lat' dir='ltr'>rhetorice</span> <span class='ocrx_word' id='word_1_357' title='bbox 970 2561 1011 2592; x_wconf 93' lang='lat' dir='ltr'>et</span> <span class='ocrx_word' id='word_1_358' title='bbox 1047 2552 1209 2607; x_wconf 87' lang='lat' dir='ltr'>tragice</span> <span class='ocrx_word' id='word_1_359' title='bbox 1247 2566 1397 2594; x_wconf 89' lang='lat' dir='ltr'>ornare</span> <span class='ocrx_word' id='word_1_360' title='bbox 1438 2559 1696 2607; x_wconf 86' lang='lat' dir='ltr'>potuerunt:</span> <span class='ocrx_word' id='word_1_361' title='bbox 1728 2549 1801 2590; x_wconf 87' lang='lat' dir='ltr'>illa</span> 
     </span>
     <span class='ocr_line' id='line_1_43' title="bbox 354 2607 1801 2665; baseline 0 -18"><span class='ocrx_word' id='word_1_362' title='bbox 354 2621 470 2648; x_wconf 88' lang='lat' dir='ltr'>mors</span> <span class='ocrx_word' id='word_1_363' title='bbox 512 2608 700 2663; x_wconf 65' lang='lat' dir='ltr'>vulgaris</span> <span class='ocrx_word' id='word_1_364' title='bbox 751 2609 909 2649; x_wconf 80' lang='lat' dir='ltr'>nullam</span> <span class='ocrx_word' id='word_1_365' title='bbox 964 2609 1185 2665; x_wconf 86' lang='lat' dir='ltr'>praebebat</span> <span class='ocrx_word' id='word_1_366' title='bbox 1228 2609 1446 2650; x_wconf 87' lang='lat' dir='ltr'>materiem</span> <span class='ocrx_word' id='word_1_367' title='bbox 1490 2607 1542 2649; x_wconf 90' lang='lat' dir='ltr'>ad</span> <span class='ocrx_word' id='word_1_368' title='bbox 1584 2616 1801 2648; x_wconf 87' lang='lat' dir='ltr'>ornatum.</span> 
     </span>
     <span class='ocr_line' id='line_1_44' title="bbox 311 2663 1799 2722; baseline -0.001 -16"><span class='ocrx_word' id='word_1_369' title='bbox 311 2668 342 2698; x_wconf 76' lang='lat' dir='ltr'>b.</span> <span class='ocrx_word' id='word_1_370' title='bbox 359 2663 518 2716; x_wconf 81' lang='lat' dir='ltr'>Quare,</span> <span class='ocrx_word' id='word_1_371' title='bbox 548 2667 753 2720; x_wconf 75' lang='lat' dir='ltr'>quoniam</span> <span class='ocrx_word' id='word_1_372' title='bbox 789 2667 866 2707; x_wconf 88' lang='lat' dir='ltr'>tibi</span> <span class='ocrx_word' id='word_1_373' title='bbox 898 2667 958 2707; x_wconf 86' lang='lat' dir='ltr'>ita</span> <span class='ocrx_word' id='word_1_374' title='bbox 985 2666 1181 2722; x_wconf 84' lang='lat' dir='ltr'>quadrat,</span> <span class='ocrx_word' id='word_1_375' title='bbox 1213 2666 1356 2707; x_wconf 84' lang='lat' dir='ltr'>onmia</span> <span class='ocrx_word' id='word_1_376' title='bbox 1387 2665 1518 2706; x_wconf 87' lang='lat' dir='ltr'>fuisse</span> <span class='ocrx_word' id='word_1_377' title='bbox 1550 2663 1595 2705; x_wconf 90' lang='lat' dir='ltr'>in</span> <span class='ocrx_word' id='word_1_378' title='bbox 1623 2663 1799 2706; x_wconf 88' lang='lat' dir='ltr'>Themi-</span> 
     </span>
    </p>
   </div>
   <div class='ocr_carea' id='block_1_3' title="bbox 354 2805 1799 2890">
    <p class='ocr_par' dir='ltr' id='par_1_3' title="bbox 354 2805 1799 2890">
     <span class='ocr_line' id='line_1_45' title="bbox 401 2805 1799 2847; baseline -0.001 -11"><span class='ocrx_word' id='word_1_379' title='bbox 401 2809 434 2839; x_wconf 79' lang='grc' dir='ltr'><strong><em>Π</em></strong></span> <span class='ocrx_word' id='word_1_380' title='bbox 460 2810 498 2835; x_wconf 78' lang='lat' dir='ltr'>ut</span> <span class='ocrx_word' id='word_1_381' title='bbox 513 2807 547 2836; x_wconf 76' lang='lat' dir='ltr'>in</span> <span class='ocrx_word' id='word_1_382' title='bbox 562 2815 600 2836; x_wconf 82' lang='lat' dir='ltr'>ea</span> <span class='ocrx_word' id='word_1_383' title='bbox 616 2807 686 2845; x_wconf 78' lang='lat' dir='ltr'>ipsa</span> <span class='ocrx_word' id='word_1_384' title='bbox 705 2805 754 2845; x_wconf 60' lang='grc' dir='ltr'>πμ]</span> <span class='ocrx_word' id='word_1_385' title='bbox 781 2812 817 2834; x_wconf 73' lang='lat' dir='ltr'>u!</span> <span class='ocrx_word' id='word_1_386' title='bbox 838 2806 954 2843; x_wconf 65' lang='lat' dir='ltr'>delevi,</span> <span class='ocrx_word' id='word_1_387' title='bbox 971 2807 1058 2847; x_wconf 85' lang='lat' dir='ltr'>quod</span> <span class='ocrx_word' id='word_1_388' title='bbox 1102 2806 1268 2846; x_wconf 68' lang='lat' dir='ltr'>Frigidum</span> <span class='ocrx_word' id='word_1_389' title='bbox 1283 2807 1372 2837; x_wconf 82' lang='lat' dir='ltr'>enim</span> <span class='ocrx_word' id='word_1_390' title='bbox 1386 2806 1485 2842; x_wconf 84' lang='lat' dir='ltr'>foret,</span> <span class='ocrx_word' id='word_1_391' title='bbox 1499 2805 1699 2846; x_wconf 83' lang='lat' dir='ltr'>conjungere</span> <span class='ocrx_word' id='word_1_392' title='bbox 1711 2807 1750 2835; x_wconf 75' lang='lat' dir='ltr'>ut</span> <span class='ocrx_word' id='word_1_393' title='bbox 1763 2805 1799 2834; x_wconf 82' lang='lat' dir='ltr'>et</span> 
     </span>
     <span class='ocr_line' id='line_1_46' title="bbox 354 2848 1515 2890; baseline 0.001 -13"><span class='ocrx_word' id='word_1_394' title='bbox 354 2849 478 2888; x_wconf 75' lang='lat' dir='ltr'>pariter</span> <span class='ocrx_word' id='word_1_395' title='bbox 493 2859 510 2879; x_wconf 87' lang='lat' dir='ltr'>e</span> <span class='ocrx_word' id='word_1_396' title='bbox 525 2848 617 2880; x_wconf 82' lang='lat' dir='ltr'>finali</span> <span class='ocrx_word' id='word_1_397' title='bbox 634 2849 846 2890; x_wconf 65' lang='lat' dir='ltr'>praecedentis</span> <span class='ocrx_word' id='word_1_398' title='bbox 862 2854 973 2881; x_wconf 86' lang='lat' dir='ltr'>ortum</span> <span class='ocrx_word' id='word_1_399' title='bbox 996 2855 1058 2880; x_wconf 85' lang='lat' dir='ltr'>est.</span> <span class='ocrx_word' id='word_1_400' title='bbox 1100 2859 1214 2889; x_wconf 83' lang='lat' dir='ltr'>quam,</span> <span class='ocrx_word' id='word_1_401' title='bbox 1228 2849 1263 2881; x_wconf 88' lang='lat' dir='ltr'>in</span> <span class='ocrx_word' id='word_1_402' title='bbox 1275 2854 1371 2881; x_wconf 77' lang='lat' dir='ltr'>tanta</span> <span class='ocrx_word' id='word_1_403' title='bbox 1384 2848 1515 2880; x_wconf 82' lang='lat' dir='ltr'>vicinia.</span> 
     </span>
    </p>
   </div>
  </div>
 </body>
</html>
