1945 3235
345 174 432 208 3⁶4
897 170 980 210 DE
1015 171 1302 211 ORATORE

349 273 489 322 affert,
518 274 592 316 sed
628 274 757 316 etiam
793 275 910 330 quod
942 290 1035 318 eam
1069 278 1284 327 virtutem,
1315 291 1412 332 quae
1444 277 1701 320 narrationis<
1726 285 1793 320 est

351 332 556 381 maxima,
597 342 645 372 ut
666 332 876 387 =iucunda,
913 343 958 374 et
995 334 1047 375 ad
1088 334 1426 390 persuadendum
1468 335 1794 378 accommodata

351 388 420 438 sit,
444 391 479 422 ⁷¹
499 388 626 430 tollit.
703 390 760 432 Ut
791 390 875 439 illa,
908 390 1019 432 Nam
1051 390 1084 431 is
1108 398 1319 446 postquam
1354 390 1512 433 excessit
1543 405 1592 433 ex
1621 391 1793 446 ephebo,

260 451 479 499 &nquam
502 445 633 502 longa
654 458 719 488 est
742 448 952 488 narratio!
987 462 1123 488 mores
1155 448 1435 490 adolescentis
1465 448 1613 505 ipsius,
1632 450 1687 489 ‘e't
1708 460 1793 490 ser-

351 502 447 542 vilis
469 505 779 559 percunctatio,
800 519 913 545 mors
934 504 1172 560 Chrysidis,
1191 505 1333 547 vultus
1347 515 1390 546 et
1406 505 1558 556 forma,
1571 514 1615 546 et
1630 505 1793 547 lamen-

351 560 459 600 tatio
472 562 643 610 sororis,
668 562 841 616 reliqua,
857 562 1335 618 pervariejucuudeque
1353 571 1590 604 narrantur.
1622 561 1792 614 Quodsi

348 615 461 659 hanc
495 618 747 659 brevitatem
768 618 1007 674 quoesisset,

610 692 784 740 Efflr’rtur,
811 694 925 728 imus:
959 693 1008 727 ad
1020 693 1223 741 sepulcrum
1239 695 1397 730 venimus
1409 710 1421 730 .-

608 744 653 779 In
671 746 787 791 ignem
798 745 922 792 posita
940 749 1005 786 est,

350 808 472 850 72his
495 808 582 851 fere
603 810 751 852 decem
783 811 922 852 verbis
957 819 1097 852 totum
1131 811 1343 854 conficere
1376 813 1610 869 potuisset:
1642 812 1793 869 quam-

352 880 479 921 quam
513 866 596 909 hoc
631 868 787 924 ipsum,
812 867 1010 924 Effertur,
1031 868 1147 919 imus,
1169 867 1389 911 concisum
1412 880 1490 922 est,
1520 871 1594 922 ita,
1629 879 1678 912 ut
1706 885 1793 912 non

262 925 340 959 328
355 923 552 964 brevitati
585 926 789 966 servitum
824 925 893 977 sit,
926 925 998 966 sed
1034 927 1172 982 magis
1205 927 1434 968 venustati.
1494 927 1662 975 Quodsi
1685 927 1793 970 nihil

352 978 516 1031 fuisset,
533 982 627 1032 nisi,
652 981 706 1023 In
730 982 862 1024 ivrnem
878 982 1013 1037 posita
1035 989 1112 1032 est,-
1145 993 1286 1024 tamen
1305 998 1368 1025 res
1387 993 1480 1025 tota
1500 985 1706 1041 cognosci
1729 984 1792 1026 fa-

348 1037 430 1078 cile
454 1034 680 1094 potuisset.
742 1018 825 1081 §ed
849 1050 891 1080 et
915 1039 1193 1081 festivitatem
1216 1040 1348 1082 habet
1378 1042 1565 1083 narratio
1587 1041 1794 1083 distincta

347 1096 558 1151 personis,
594 1105 637 1137 et
680 1096 953 1153 interpuncta
988 1098 1280 1139 sermonibus:
1323 1107 1367 1139 et
1407 1108 1472 1140 est
1510 1098 1790 1156 probabilius,

348 1153 462 1207 quod
487 1163 656 1210 gestum
679 1168 769 1195 esse
791 1154 923 1204 dicas,
945 1169 1059 1205 cum,
1078 1156 1439 1210 quemadmodum
1461 1165 1606 1198 actum
1628 1156 1698 1207 sit,
1716 1157 1793 1199 ex-

350 1223 514 1265 ponas;
546 1221 589 1251 et
610 1212 744 1252 multo
767 1212 955 1268 apertius
974 1212 1026 1252 ad
1052 1212 1376 1269 intelligendum
1397 1221 1476 1265 est,
1498 1215 1538 1247 73
1550 1213 1584 1254 si
1607 1213 1668 1254 sic
1689 1224 1793 1260 con-

260 1271 338 1307 329
352 1266 516 1308 sistitur
535 1268 780 1324 aliquando,
803 1283 852 1310 ac
875 1284 958 1310 non
984 1269 1066 1310 ista
1088 1270 1297 1311 brevitate
1320 1270 1594 1327 percurritur.
1653 1269 1792 1328 Aper-

351 1333 438 1364 tam
462 1324 575 1365 enim
597 1326 883 1366 narrationem
901 1336 987 1367 tam
1010 1341 1100 1368 esse
1113 1338 1298 1383 oportet,
1317 1331 1357 1361 74
1371 1343 1497 1383 quam
1521 1331 1687 1370 cetera:
1719 1326 1793 1369 sed

217 1380 434 1425 p.139.h00
457 1383 594 1438 magis
627 1383 668 1423 in
702 1383 782 1424 hac
811 1383 1118 1425 elaborandum
1149 1394 1226 1434 est,
1262 1385 1376 1440 quod
1408 1395 1451 1426 et
1472 1384 1690 1426 difficilius
1712 1394 1791 1436 est,

304 1437 432 1479 a'non
456 1453 546 1481 esse
568 1440 797 1481 obscurum
820 1441 862 1481 in
896 1455 939 1482 re
969 1441 1192 1491 narranda,
1222 1457 1350 1497 quain
1381 1451 1455 1483 aut
1485 1442 1527 1483 in
1560 1441 1790 1499 principio,

345 1504 419 1537 aut
457 1497 500 1537 in
535 1508 804 1553 argumento,
838 1508 912 1538 aut
945 1498 987 1538 in
1013 1499 1251 1554 purgando,
1284 1508 1356 1539 aut
1389 1499 1432 1540 in
1455 1499 1716 1556 perorando:
1747 1508 1792 1540 et

343 1552 508 1608 majore
540 1555 728 1610 periculo
752 1554 846 1596 haec
879 1569 975 1611 pars
1006 1556 1213 1596 orationis
1246 1556 1430 1598 obscura
1465 1566 1544 1607 est,
1566 1571 1694 1612 quam
1719 1569 1790 1598 ce-

345 1619 459 1651 tera:
494 1611 558 1651 vel
581 1612 682 1666 qnia
704 1611 736 1652 si
760 1627 846 1666 quo
869 1612 953 1653 alio
976 1612 1016 1653 in
1042 1612 1136 1654 loco
1155 1622 1219 1654 est
1241 1613 1405 1654 dictum
1426 1613 1527 1669 quid
1551 1613 1790 1665 obscurius,

349 1676 517 1708 tanturn
540 1667 583 1708 id
616 1669 742 1725 perit,
776 1669 890 1724 quod
914 1669 974 1710 ita
994 1669 1158 1711 dictum
1191 1681 1279 1712 est:
1311 1671 1498 1712 narratio
1520 1671 1704 1712 obscura
1724 1679 1791 1713 to-

345 1734 434 1766 tam
458 1725 655 1766 obcaecat
677 1727 913 1767 orationem
933 1743 941 1768 :
975 1726 1038 1767 vel
1063 1727 1178 1782 quod
1210 1727 1292 1768 alia
1313 1729 1466 1783 possis,
1496 1727 1625 1769 semel
1654 1727 1689 1768 si
1712 1727 1790 1769 ob-

346 1782 510 1823 scurius
529 1783 704 1834 dixeris,
719 1783 860 1825 dicere
879 1783 962 1824 alio
983 1783 1078 1824 loco
1102 1784 1290 1840 planius:
1323 1785 1578 1826 narrationis
1597 1799 1705 1826 unus
1726 1793 1792 1827 est

347 1839 392 1879 in
414 1854 543 1881 causa
573 1839 706 1881 locus.
786 1840 881 1882 Erit
912 1850 1054 1882 autem
1089 1842 1315 1899 perspicua
1342 1842 1546 1893 narratio,
1579 1842 1614 1884 si
1650 1841 1789 1887 verbis

347 1896 534 1946 usitatis,
557 1897 590 1938 si
614 1898 765 1939 ordine
798 1907 1041 1954 temporum
1070 1909 1338 1951 conservato,
1368 1900 1402 1940 si
1432 1914 1519 1941 non
1552 1899 1790 1957 interrupte

266 1946 330 1993 81
351 1955 604 1995 narrabitur.
649 1955 732 1996 Sed
755 1956 927 2011 quando
946 1956 1153 1997 utendum
1170 1957 1239 2007 sit,
1254 1966 1326 1998 aut
1347 1972 1433 1999 non
1453 1957 1507 1998 sit
1529 1956 1788 2007 narratione,

257 2019 337 2052 330
349 2010 390 2051 id
405 2022 470 2052 est
482 2011 661 2052 consilii.
679 2026 815 2068 neque
828 2013 941 2054 enim
957 2013 988 2053 si
1006 2022 1108 2054 nota
1122 2027 1186 2054 res
1199 2023 1277 2065 est,
1290 2017 1330 2048 75
1342 2029 1420 2056 nec
1436 2014 1470 2055 si
1485 2029 1570 2055 non
1592 2013 1788 2065 dubium,

346 2068 449 2123 quid
481 2079 648 2124 gestum
674 2070 743 2120 sit,
766 2070 923 2111 narrari
959 2079 1144 2126 oportet,
1174 2085 1253 2112 nec
1282 2070 1315 2112 si
1347 2071 1612 2112 adversarius
1643 2085 1787 2112 narra-

345 2125 432 2178 vit3
463 2126 544 2167 nisi
565 2126 598 2167 si
622 2126 878 2168 refellemus.
911 2127 991 2180 Ac,
1010 2128 1043 2168 si
1063 2128 1235 2183 quando
1257 2127 1339 2170 erit
1358 2127 1631 2180 narrandum,
1652 2128 1694 2162 76
1706 2141 1786 2170 nec

386 2276 421 2306 71
449 2273 545 2304 tollit.
567 2273 611 2305 Ut
628 2275 829 2314 illa—quam
853 2276 952 2312 longa
968 2273 1041 2313 ἃς]

345 2315 585 2355 Conjungenda
597 2323 686 2351 sunt,
701 2318 761 2347 illa
775 2317 937 2348 narratio.
962 2316 1044 2347 Edd.

344 2367 396 2398 pr.
411 2359 479 2387 tolli
493 2359 632 2389 videtur.
649 2360 724 2391 itm.-
743 2359 830 2397 quod
844 2359 890 2389 ita
905 2359 1047 2389 correxit

345 2399 461 2431 Aldus.
479 2410 557 2431 nam
580 2401 650 2431 tolli
665 2400 809 2431 alienum
823 2407 884 2431 est.

387 2444 426 2476 72
449 2441 582 2482 hissere
603 2443 710 2474 decem
731 2442 849 2481 verbis]
876 2442 1044 2473 Edidimus

1129 2277 1169 2309 73
1195 2275 1232 2306 Si
1247 2276 1293 2306 sic
1305 2275 1506 2315 consistitur]
1533 2275 1593 2306 Est
1607 2285 1647 2306 ex
1661 2273 1788 2306 veriani»

1089 2327 1143 2347 ma
1169 2318 1306 2348 Victorii
1334 2318 1546 2349 correctione.
1600 2316 1683 2348 Edd.
1705 2320 1785 2348 vett.

1089 2369 1201 2390 omnes
1228 2365 1260 2390 et
1294 2359 1374 2390 Mss.
1403 2360 1624 2397 constituitur,
1660 2358 1787 2390 vitiose.

1090 2401 1160 2432 Erl.
1176 2402 1276 2432 etiam
1292 2402 1361 2432 sine
1375 2403 1413 2432 si.
1655 2415 1658 2417 >

1128 2447 1171 2478 74
1192 2453 1292 2484 qaam
1313 2443 1435 2483 cetera]
1466 2444 1520 2475 Sic
1543 2442 1702 2475 edidimus
1727 2451 1786 2483 pro

344 2485 449 2513 rrebis
463 2495 521 2525 pro
545 2485 679 2525 vulg-ato
694 2486 874 2520 versiculis,
887 2489 922 2515 et
944 2486 993 2515 Itis
1005 2495 1044 2516 ex

345 2525 429 2556 Edd.
440 2535 487 2565 pr.
498 2536 572 2565 quae
581 2527 703 2557 habent
716 2529 750 2557 in
763 2528 812 2557 his
823 2527 940 2557 decem.
966 2527 1044 2557 Ver-

345 2568 392 2598 bis
403 2578 423 2598 a
437 2569 593 2599 Cicerone
615 2570 774 2609 seriptum
795 2579 875 2604 esse,
893 2580 959 2600 non
975 2579 1045 2599 ver-

343 2611 466 2646 siculis,
480 2610 606 2640 clarum
616 2618 676 2642 est.
723 2612 809 2642 Nam
825 2612 965 2642 refertur
975 2621 1041 2642 non

344 2651 385 2682 ad
400 2656 507 2682 totam
524 2653 746 2683 narrationem
757 2653 918 2689 Terentii,
934 2653 990 2684 sed
1001 2653 1043 2685 ad

343 2693 573 2733 compendium
597 2695 807 2733 narrationis,
823 2696 910 2736 quod
923 2705 1043 2736 praeee-

341 2735 403 2768 dit.
420 2736 451 2767 id
466 2741 597 2767 constat
614 2747 739 2773 novem,
762 2739 781 2768 i.
795 2748 824 2768 e.
846 2738 954 2768 decem
963 2737 1044 2777 fere

342 2779 445 2808 verbis
457 2789 465 2807 .·
488 2778 575 2818 quod
584 2778 708 2809 librarii
720 2789 746 2809 s.
759 2785 959 2810 correctores
973 2789 1041 2810 non

343 2819 659 2858 animadverterunt,
672 2821 728 2851 sed
742 2821 924 2853 retulerunt
939 2822 980 2852 ad
991 2827 1043 2852 to-

343 2867 418 2892 tum
441 2862 523 2894 illud
545 2863 799 2903 Terentianum,
827 2867 861 2895 et
874 2874 915 2896 ex
940 2865 1044 2895 verbis

343 2904 447 2936 fecere
462 2906 643 2936 versiculos.

1087 2486 1223 2526 vulgato
1239 2491 1372 2516 ceteras.
1417 2485 1498 2516 Edd.
1523 2484 1614 2516 Med.
1639 2488 1673 2515 et
1698 2484 1784 2516 Ven.

1091 2530 1181 2559 1430.
1197 2528 1322 2559 addunt
1335 2528 1492 2558 orationis
1497 2531 1622 2567 partes,
1634 2525 1721 2566 quod
1737 2536 1786 2558 re-

1087 2572 1174 2610 cepit
1189 2570 1347 2600 Pearcius.
1374 2569 1412 2600 Id
1421 2569 1686 2610 supplementum
1696 2578 1786 2600 sum-

1084 2617 1156 2642 tum
1172 2618 1221 2643 est
1236 2623 1254 2642 e
1265 2622 1351 2651 seqq.
1390 2612 1502 2642 Litera
1513 2611 1634 2642 ultima
1646 2611 1784 2646 adhesit

1084 2665 1102 2685 e
1117 2655 1214 2685 verbo
1228 2658 1394 2693 sequente.
1704 2657 1709 2662 ’

1126 2699 1168 2730 75
1189 2706 1248 2727 nec
1260 2697 1288 2727 ,η’
1300 2705 1364 2726 non
1378 2694 1529 2734 dubium]
1554 2695 1607 2726 Sic
1628 2705 1668 2726 ex
1683 2695 1743 2726 Ed.
1755 2704 1783 2726 s.

1085 2738 1108 2768 1.
1121 2742 1155 2768 et
1168 2749 1198 2769 a.
1212 2738 1302 2779 Lips.
1334 2737 1394 2768 Ed.
1410 2737 1464 2767 W.
1478 2741 1512 2767 et
1527 2737 1601 2768 aliae
1613 2739 1713 2769 mesi
1723 2738 1786 2768 du-

1087 2781 1191 2814 bium‚-
1214 2781 1302 2811 unde
1324 2780 1426 2810 Aldus
1441 2779 1518 2816 fecit
1533 2780 1704 2820 vulgatum
1726 2789 1785 2810 nee

1086 2823 1233 2853 dubium.
1292 2822 1445 2854 Pearcius
1466 2821 1569 2853 edidit
1589 2832 1646 2853 nec
1668 2823 1698 2853 si
1722 2822 1784 2853 du-

1087 2865 1190 2895 bium.

1129 2907 1170 2943 76
1195 2914 1252 2937 nec
1266 2905 1341 2947 illu]
1366 2905 1420 2937 Sic
1435 2904 1506 2938 edd.
1519 2915 1570 2947 pr.
1593 2905 1655 2942 No
1662 2907 1722 2938 illa
1735 2910 1787 2942 est
