1945 3235
383 162 461 198 626
762 157 1054 198 ORATORJAE
1079 157 1446 201 PARTITIONE&

384 277 469 319 que
501 262 624 319 legis.
683 261 853 306 Deinde
883 263 1173 320 amplificandi
1195 278 1337 317 causa,
1358 262 1412 309 de
1432 261 1733 306 conservandis
1763 261 1824 308 leo.

386 321 530 376 gibus,
551 321 604 362 de
626 321 814 377 periculo
831 336 975 371 ,rerum
993 320 1269 378 publicarum.
1283 331 1411 376 atque
1434 319 1823 376 privatarum,ch

387 377 481 418 aliis
503 378 621 429 locis,
642 388 732 420 tum
753 379 798 420 in
819 379 1057 436 perorando
1077 379 1271 426 maxime¹
1286 377 1473 435 graviter
1494 377 1576 418 erit
1597 377 1825 426 vehemenfl

304 430 376 486 39
392 445 537 490 terque
558 436 803 478 dicendum.
865 435 940 476 Ille
961 447 1120 487 autem,
1142 436 1215 492 qni
1239 450 1283 477 se
1314 433 1528 485 sententia
1546 433 1653 492 legis
1673 434 1827 488 volone

303 502 376 538 136
392 502 562 549 tateque
583 494 797 546 defendet,
822 494 863 534 in
885 493 1064 535 consilio
1087 504 1215 549 atque
1242 493 1285 534 in
1308 502 1452 541 mente
1481 490 1717 548 scriptoris,
1737 505 1826 533 non

389 550 433 591 in
456 550 595 593 verbis
617 567 667 593 ac
690 551 842 592 litteris
866 550 953 592 vim
977 550 1082 607 legis
1115 551 1299 607 positam
1321 565 1411 591 esse
1432 549 1659 597 defendet:
1689 547 1828 604 quod-

386 622 470 664 que
492 607 597 650 nihil
620 608 841 664 exceperit
862 607 904 648 in
926 607 1036 664 lege,
1057 607 1263 660 laudabit,
1287 622 1338 649 ne
1361 606 1615 654 diverticula
1637 604 1828 663 peccatis
1849 640 1852 641 γ

386 667 603 715 darentur,
628 678 756 721 atque
790 674 835 706 ut
867 680 920 706 ex
954 665 1069 706 facto
1092 665 1300 720 cujusque
1326 665 1465 721 judex
1496 663 1604 720 legis
1636 672 1830 715 mentem.

389 723 755 779 interpretaretur.
818 721 986 764 Deinde
1007 722 1089 763 erit
1120 723 1325 764 utendum
1347 721 1572 778 exemplis,
1605 721 1646 762 in
1669 720 1831 776 quibust

389 782 529 822 omnis
557 781 737 835 ¹‘equitas
767 781 1107 836 9¹perturbetur,
1130 779 1163 820 si
1187 780 1326 821 verbis
1356 779 1515 835 legum,
1536 793 1586 821 ae
1617 792 1704 824 non
1735 791 1832 823 sen-¹

304 852 377 892 137
392 838 536 879 tentiis
566 848 777 893 parcatur.
839 837 1008 879 Deinde
1038 851 1172 893 genus
1194 836 1407 892 ejusmodi
1428 836 1680 878 calliditatis
1695 844 1740 877 et.
1760 849 1832 881 cai·

391 895 564 936 lumniae
588 895 826 936 retrahatur
849 895 891 936 in
914 894 1060 936 odium
1085 894 1262 950 judicis,
1285 908 1383 936 eum
1404 893 1588 949 quadam
1620 892 1834 939 invidiosa.

345 952 574 1008 b‚querela.
636 952 692 994 Et
715 953 747 994 si
771 952 931 994 incidet
952 952 1252 1009 imprudentiae
1276 966 1417 1003 causa,
1441 965 1538 1006 quae
1569 964 1657 991 non
1683 949 1737 1000 ad
1758 949 1833 990 de·-

388 1010 554 1060 lictum,
577 1010 649 1052 sed
672 1011 724 1052 ad
747 1025 892 1052 casum
923 1010 1276 1052 necessitatemve
1301 1009 1526 1066 pertineat,
1548 1006 1664 1063 quod
1695 1020 1833 1064 genus

388 1067 531 1124 paullo
554 1077 652 1109 ante
673 1068 922 1125 attigimus:
955 1068 1036 1109 erit
1057 1067 1209 1109 iisdem
1241 1066 1458 1122 aequitatis
1482 1064 1706 1114 sententiis
1727 1078 1833 1108 con-

388 1135 454 1166 tra
483 1125 764 1167 acerbitatem
787 1126 1014 1167 verborum
1041 1124 1373 1181 deprecandum.
1433 1123 1508 1165 Sin
1541 1122 1702 1179 scripta
1722 1122 1834 1170 intest

387 1198 431 1224 se
453 1182 732 1225 dissentient:
765 1192 885 1224 tanta
904 1183 1030 1224 series
1052 1184 1155 1224 artis
1176 1192 1255 1234 est,
1277 1190 1321 1223 et
1342 1182 1402 1223 sic
1425 1182 1535 1223 inter
1557 1194 1600 1222 se
1623 1188 1723 1221 sunt
1742 1178 1835 1235 ple.-

389 1255 520 1296 raque
542 1255 742 1282 connexa
763 1250 807 1281 et
828 1253 943 1297 apta,
966 1249 1028 1291 ut,
1051 1255 1148 1295 quae
1180 1239 1322 1296 paullo
1345 1249 1444 1281 ante
1475 1246 1695 1295 praecepta
1713 1235 1834 1286 dedi-

388 1313 485 1339 mus
508 1298 718 1354 ambigui,
741 1312 924 1354 quaeque
946 1299 1145 1354 proxime
1176 1298 1401 1338 sententiae
1423 1304 1468 1338 et
1497 1295 1662 1352 scripti,
1684 1294 1835 1339 eadem

304 1363 377 1399 138
390 1355 444 1396 ad
475 1355 558 1397 hoc
586 1370 721 1412 genus
743 1371 883 1397 eausae
908 1356 1082 1397 tertium
1102 1358 1143 1390 92
1155 1354 1478 1396 transferantur.
1541 1353 1656 1394 Nam
1677 1351 1835 1407 quibus

388 1413 494 1454 locis
517 1413 559 1454 in
582 1414 789 1470 ambiguo
811 1412 1081 1454 defendimus
1102 1426 1197 1453 eam
1226 1412 1606 1469 significationem,
1626 1424 1729 1466 quae*
1754 1423 1836 1458 nos

388 1471 580 1526 adjuvat,
602 1471 760 1512 eisdem
793 1471 837 1511 in
860 1471 1086 1512 contrariis
1117 1469 1284 1526 legibus
1308 1479 1453 1510 nostra
1474 1469 1546 1510 lex
1565 1465 1838 1515 defendenda

387 1539 466 1569 est.
529 1527 699 1570 Deinde
720 1537 785 1568 est
805 1527 1095 1579 efficiendum,
1117 1536 1166 1568 ut
1191 1526 1364 1582 alter-ius
1386 1526 1535 1582 scripti
1561 1523 1838 1575 sententiam,

388 1585 561 1626 alterius
594 1586 724 1627 verba
744 1584 1039 1626 defendamus.
1102 1583 1171 1625 Ita
1191 1598 1288 1639 quae
1318 1584 1450 1625 modo
1471 1583 1524 1635 de
1555 1582 1716 1638 scripto
1739 1595 1837 1622 sen·-

391 1643 612 1698 tentiaque
635 1652 854 1698 praecepta
875 1652 988 1694 sunt,
1011 1641 1159 1682 eadem
1182 1640 1268 1683 hue
1291 1638 1778 1686 omniatransferemus,

307 1694 379 1742 40
452 1698 675 1756 Expositae
699 1711 799 1740 sunt
821 1700 902 1742 tibi
923 1713 1071 1740 omnes
1093 1699 1294 1740 oratoriae
1322 1697 1590 1755 partitiones,
1611 1710 1710 1752 quae
1740 1695 1840 1751 quiv-

328 1767 378 1801 39
392 1758 489 1799 dem
511 1761 550 1792 93
565 1772 587 1798 e
610 1757 757 1798 media
773 1756 843 1798 illa
865 1766 1011 1798 nostra
1030 1755 1267 1798 Academia
1288 1756 1549 1798 floruerunt:
1580 1767 1720 1809 neque
1745 1752 1838 1799 sine

388 1830 439 1856 ea
460 1825 534 1856 aut
565 1815 762 1866 inveniri,
793 1824 868 1859 aut
898 1814 1096 1870 intelligi,
1126 1824 1201 1856 aut
1231 1814 1404 1855 tractari
1437 1821 1630 1868 possunt.
1662 1819 1840 1860 namet.

389 1873 538 1929 partiri
569 1873 725 1929 ipsum,
748 1881 792 1913 et
821 1871 1014 1923 definire,
1037 1881 1081 1912 et
1114 1871 1308 1927 ambigui
1342 1871 1598 1927 partitiones
1628 1868 1837 1921 dividere,

387 1940 430 1971 et
463 1940 815 1986 argumentorum
846 1929 963 1971 locos
995 1943 1134 1980 nosse,
1165 1938 1209 1970 et
1240 1927 1663 1985 argumentationem-
1694 1926 1841 1982 ipsam,

387 1988 657 2039 concludere,
679 1997 723 2028 et
744 1987 903 2039 videre,
925 2002 1022 2042 quae
1055 1986 1261 2027 sumenda
1291 1987 1336 2027 in
1366 1982 1709 2041 argumentando
1732 1983 1838 2035 sine,

388 2045 578 2101 quidque
611 2059 666 2086 ex
699 2045 764 2095 iis,
787 2059 884 2100 quae
922 2054 1067 2085 sumta
1085 2053 1198 2095 sunt,
1220 2043 1446 2094 efficiatur,
1468 2052 1512 2083 et
1534 2056 1636 2084 vera
1654 2056 1679 2081 a
1699 2039 1835 2091 falsis,

389 2102 638 2144 verisimilia
669 2103 724 2144 ab
756 2101 1079 2143 incredibilibus
1111 2101 1362 2157 dijudicare,
1384 2110 1428 2141 et
1449 2100 1729 2156 distinguere,
1758 2106 1839 2141 au&

387 2159 498 2201 male
529 2169 684 2211 sumta,
716 2169 788 2200 aut
820 2159 930 2200 male
960 2157 1167 2201 conclusa.
1186 2158 1508 2215 reprehendere,
1530 2167 1574 2199 et
1593 2155 1743 2198 eadem
1768 2153 1839 2197 vel

389 2227 571 2274 anguste
601 2217 819 2268 disserere,
850 2227 898 2258 ut
918 2216 1132 2258 dialectici
1155 2217 1229 2271 qui
1260 2215 1544 2272 appellantur,
1565 2213 1646 2264 vel,
1670 2222 1718 2253 ut
1739 2227 1838 2256 oran

392 2284 527 2316 torem
550 2275 687 2326 decet,
709 2274 793 2316 late
815 2275 1080 2331 exprimere:
1115 2273 1226 2314 illius
1247 2272 1636 2318 exercitationisqet
1665 2269 1838 2311 subtil-i„

306 2342 456 2376 noter
485 2332 799 2388 94disputandi,
823 2332 1071 2387 etcopiose
1101 2331 1272 2372 dicendi
1304 2330 1449 2385 [artis]
1468 2340 1547 2371 est.
1608 2327 1678 2370 De
1707 2326 1843 2375 bonis,

391 2404 491 2431 vero
513 2389 639 2430 rebus
660 2399 704 2430 et
734 2389 871 2441 malis,
893 2389 1043 2445 aequis,
1074 2388 1247 2443 iniquis,
1268 2387 1460 2440 utilibus,
1491 2385 1732 2437 inutilibus,
1754 2384 1842 2432 ho..

431 2532 468 2564 91
489 2530 716 2569 perturbetur]
735 2530 789 2560 Sic
804 2540 863 2571 pro
877 2530 1090 2570 perturbare.
1173 2532 1214 2564 93
1236 2539 1259 2560 e·
1282 2528 1613 2560 medem—Aeademia
1623 2524 1842 2568 floruerunt}

389 2576 447 2602 tur
471 2572 621 2602 dedimus
639 2583 656 2603 e
686 2573 749 2603 Ms.
777 2573 816 2602 E.
840 2573 881 2603 V.
908 2573 980 2603 edd.
1006 2574 1090 2605 Ven.
1131 2573 1199 2604 Aut
1220 2571 1435 2613 ffommmt
1456 2569 1675 2607 scribendum,
1696 2568 1839 2610 autflffl

390 2613 478 2644 Med.
501 2614 596 2644 Junt.
640 2614 727 2645 Nam
751 2615 830 2645 alias
853 2621 927 2655 post
949 2617 1091 2646 seriben-
1133 2611 1275 2646 ruerunt
1301 2615 1346 2645 sie
1374 2612 1644 2653 intelligendum:
1672 2610 1727 2642 sed
1752 2610 1836 2643 illud

390 2656 469 2686 dum
493 2662 576 2686 esset
597 2662 782 2695 pareretur.
827 2658 937 2687 Etiam
959 2658 1029 2688 sine
1053 2658 1091 2689 li·
1134 2657 1252 2688 melius
1265 2663 1357 2697 puto.

392 2698 456 2728 bris
471 2697 532 2728 hoc
547 2699 624 2735 vidi,
639 2704 673 2728 et
688 2699 869 2730 edidissem.
1174 2703 1216 2733 94
1238 2695 1567 2739 disputandi—artis]
1581 2695 1675 2727 Artis
1688 2695 1837 2736 spurium

430 2744 471 2775 92
493 2739 757 2780 transferantur]
776 2741 835 2772 Ed.
848 2742 930 2772 Ven.
943 2741 1092 2781 reseram
1134 2746 1226 2783 puto·
1252 2741 1341 2773 Nam
1354 2741 1474 2780 copiose
1487 2739 1613 2774 dicendi
1628 2738 1676 2770 ita
1689 2737 1731 2769 ad
1744 2747 1836 2769 exer-

388 2786 456 2813 tur.
502 2783 580 2813 Post
612 2782 725 2813 eadem
761 2783 795 2812 in
825 2785 889 2814 fine
917 2783 1091 2824 tramsmi-
1132 2784 1324 2815 citationem
1348 2784 1499 2818 refertur,
1526 2786 1564 2812 ut
1583 2781 1746 2812 subtiliter
1770 2779 1836 2813 dis-

389 2835 483 2855 mas.-
505 2831 670 2855 corrector
683 2825 760 2854 fecit
774 2826 1028 2866 transferamus,
1052 2827 1090 2857 In
1131 2826 1270 2863 serendi,
1286 2826 1362 2866 quia
1383 2835 1441 2866 per
1461 2829 1493 2855 et
1514 2825 1776 2863 conjunguntur:
1801 2825 1837 2853 et

388 2867 500 2898 eadem
514 2867 656 2897 additur:
681 2867 894 2906 Superior-um
906 2869 1092 2910 epilogatio,
1131 2879 1158 2900 ε.
1171 2868 1361 2906 disserendi,
1374 2872 1406 2900 ec
1419 2868 1539 2909 copiose
1550 2865 1692 2903 dicem·-

387 2918 506 2951 nempe
520 2920 538 2940 e
553 2909 700 2950 margine
713 2909 778 2941 Mu.
1150 2914 1153 2917 “
