1945 3235
230 569 277 608 17
283 570 299 603 l
314 567 501 609 dit-isset.

229 911 302 950 172
316 909 560 953 contemsit.

231 1378 302 1417 173
316 1370 446 1411 etiam
478 1369 774 1425 impudentiae.

309 180 386 215 <262

834 176 914 215 DE
947 175 1235 214 ORATORE

202 297 234 328 p.
248 289 300 320 99-
312 295 411 322 cum
437 279 486 320 P.
509 278 716 321 Scaevolae
741 278 869 322 fimatei
890 290 1000 323 esset
1030 281 1179 322 solitus
1206 280 1242 321 ci
1277 293 1470 336 pelsaepe
1500 279 1654 331 dicere,
1676 293 1750 321 ne-

269 338 395 394 ³·que
417 336 572 378 illum
564 351 606 378 ιιι
631 338 730 394 jure
752 338 866 379 civili
891 339 992 380 satis
1014 338 1092 392 [illi
1127 338 1226 391 arti]
1250 336 1389 378 f‘aceie
1423 351 1559 392 posse,
1582 337 1662 378 nisi
1685 337 1751 378 di-

313 394 436 436 cendi
467 395 637 451 copiam
669 397 959 438 assumsisset:
992 395 1126 450 (quod
1157 395 1329 449 quidem
1366 394 1450 444 hie,
1480 394 1554 449 qui
1582 408 1751 436 mecum

316 451 418 494 Cos.
441 451 537 503 fuit,
562 452 672 493 filius
696 453 803 507 ejus,
826 462 889 494 est
911 463 1167 494 consecutus
1183 453 1212 501 z)
1240 467 1378 507 neque
1410 465 1452 491 se
1483 460 1581 492 ante
1604 466 1751 492 causas

313 509 550 554 amicorum
574 520 788 550 tiac·taie
777 520 905 566 atque
927 525 1053 566 agere
1074 525 1142 550 cci
1150 509 1274 565 pisse,
1296 524 1368 564 qu
1357 523 1422 549 am
1446 508 1519 563 jus
1541 508 1667 549 civile
1688 508 1754 548 di-

563 567 680 613 Quid
720 581 819 607 vero
859 567 928 608 ille
954 545 1037 608 e:M
1070 567 1209 608 Cato?
1242 582 1383 608 noune
1425 576 1467 606 et
1508 565 1754 630 eloquentia

314 635 433 666 tant-i
456 625 552 674 fuit,
574 634 778 679 quantun
803 624 872 665 illa
896 635 1135 688 tempora,
1125 635 1253 678 uque
1285 624 1354 664 illa
1379 633 1482 665 aetas
1514 623 1556 664 in
1590 626 1669 664 liae
1691 636 1753 663 ei-

313 682 446 723 xitate
478 656 585 722 felic
616 695 850 721 mixunam
877 683 1033 738 potuit,
1055 690 1098 722 et
1121 682 1233 737 juris
1256 681 1393 722 civilis
1415 682 1608 721 omnium
1642 679 1754 735 peri-

310 740 530 780 tissimus?
563 738 854 779 Verecundius
887 740 965 779 hac
997 739 1049 779 de
1083 752 1126 778 re
1153 738 1408 793 jamdudum
1442 738 1606 792 loquor,
1637 737 1753 792 quod

312 797 432 838 adest
464 796 527 836 vir
564 795 606 836 iu
641 795 823 837 dicendo
857 811 1062 846 summus,
1095 810 1220 850 quem
1257 810 1339 852 ego
1379 810 1511 836 unum
1540 807 1754 836 oratorem

314 853 504 894 maxime
541 853 752 904 admir;or
786 853 857 893 sed
893 863 1036 894 tamen
1069 852 1181 893 idem
1219 853 1299 894 lioc
1329 867 1494 909 semper
1520 853 1594 909 jus
1626 851 1754 893 civile

620 909 795 961 Verum,
837 925 1042 965 quonlam
1093 911 1314 951 Sententia&
1359 920 1487 965 dique
1534 909 1753 966 OPlsslOl'llS

316 982 423 1009 meae
448 966 642 1008 voluistis
663 981 754 1007 esse
785 968 1030 1023 participes,
1054 966 1160 1007 nibil
1182 968 1424 1030 oc·cult1bo‚
1447 976 1490 1007 et
1510 967 1652 1022 quoad
1675 981 1753 1024 po-

316 1035 423 1076 tero,
445 1024 568 1065 xobis
591 1039 822 1080 exponam,
844 1025 946 1080 quid
969 1025 1022 1065 de
1043 1039 1110 1079 qu
1104 1038 1211 1079 ique
1236 1038 1277 1064 re
1300 1025 1496 1064 sentiam.

232 1080 303 1129 38
373 1082 553 1123 Antonii
574 1081 835 1123 incredibilis
855 1082 1068 1136 quaedam,
1082 1093 1125 1122 et
1145 1096 1278 1137 prope
1300 1081 1526 1137 singularis
1545 1090 1587 1122 et
1608 1081 1756 1124 divina

317 1141 379 1181 xis
412 1139 575 1195 inoenii
608 1139 788 1189 videtur,
818 1139 986 1180 etiamsi
1021 1139 1100 1180 hac
1134 1139 1312 1180 scientia
1341 1139 1452 1194 juiis
1486 1139 1646 1180 nudata
1684 1139 1755 1190 sit,

315 1201 350 1229 2¹
366 1211 490 1253 posse
513 1211 555 1237 se
579 1196 702 1237 facile
723 1197 876 1237 ceteris
897 1197 1025 1237 armis
1049 1196 1285 1252 piuslentiae
1311 1196 1419 1237 tueri
1450 1207 1578 1252 atque
1608 1195 1755 1237 defen-

315 1254 429 1295 dere.
461 1255 741 1310 quamobrem
773 1254 842 1294 hic
863 1254 988 1295 nobis
1021 1253 1075 1294 sit
1096 1263 1327 1309 exceptus:
1359 1263 1524 1295 ceteros
1547 1268 1647 1295 vero
1667 1268 1756 1296 non

315 1312 525 1353 dubitabo
556 1311 741 1367 primum
773 1311 938 1353 inertiae
970 1311 1255 1352 condemnare
1286 1311 1497 1352 sententia
1519 1325 1627 1362 mea,
1657 1319 1758 1367 post

837 1369 949 1409 Nam
982 1368 1159 1409 volitare
1190 1368 1232 1408 in
1265 1368 1374 1420 foro,
1399 1368 1558 1410 liaerere
1588 1369 1756 1424 injure

313 1442 364 1468 ac
386 1435 620 1483 praetorum
646 1425 944 1477 tribunalibus,
961 1425 1129 1480 judicia
1151 1426 1317 1481 privata
1340 1440 1591 1482 magnarum
1613 1440 1754 1470 rerum

313 1485 449 1534 obire,
472 1483 694 1546 inquibus
714 1497 828 1539 saepe
848 1498 935 1524 non
958 1484 1010 1523 de
1032 1483 1163 1533 facto,
1186 1483 1256 1523 sed
1280 1484 1332 1523 de
1355 1484 1558 1538 aequitate
1579 1498 1629 1524 ac
1653 1483 1754 1538 jure

311 1550 512 1591 cer·,tetui
545 1541 715 1596 jactme
756 1555 799 1581 se
837 1541 881 1582 in
914 1541 1052 1582 causis
1086 1541 1482 1591 centumviralibus,
1517 1540 1560 1581 in
1596 1541 1754 1596 quibus

311 1598 641 1654 usucapionum,
664 1597 908 1649 tutelarum,
930 1597 1236 1654 gentilitatum
1258 1598 1554 1653 agnationum,
1576 1598 1756 1640 alluvio..

310 1670 431 1706 num,
463 1654 867 1706 circumluxionum,
903 1669 1128 1705 nexmum,
1168 1655 1495 1710 mancipiorum,
1526 1655 1754 1711 parietum,

310 1713 538 1763 luminum,
580 1712 911 1763 stillicidiorum,
953 1715 993 1745 2⁶2
1008 1722 1362 1753 testamentorum
1408 1721 1632 1774 ruptmum
1681 1721 1756 1764 aut

309 1779 516 1820 ratorum,
539 1778 862 1825 ceterarumque
893 1784 1032 1810 r·e1um
1062 1769 1438 1812 innumerabilium
1462 1784 1564 1824 Jura
1585 1783 1754 1811 versenq

310 1836 395 1878 tur,
417 1842 514 1868 cuin
538 1841 731 1877 ommno,
753 1827 855 1882 quid
888 1842 1026 1877 suum,
1049 1827 1152 1882 quid
1185 1827 1385 1890 alienum,
1407 1841 1538 1891 quare
1567 1826 1755 1883 denique

311 1886 350 1922 23
365 1884 471 1926 civis
493 1893 567 1925 aut
596 1885 863 1941 peregrinuS,
885 1899 1030 1926 seivus
1061 1894 1137 1926 aut
1165 1884 1273 1925 liber
1294 1884 1508 1941 quispiam
1539 1884 1608 1937 sit,
1630 1899 1755 1941 igno..

352 2043 388 2072 21
410 2051 502 2081 posse
522 2051 555 2072 se
568 2039 644 2080 fae.
667 2041 782 2071 ceteris
803 2041 907 2071 armis
927 2050 1012 2080 pru-

311 2084 426 2114 dentice
441 2093 557 2113 causas
573 2083 684 2121 tueri]
711 2083 764 2112 Sic
786 2083 859 2113 libri
876 2083 1011 2122 vulgati.

311 2127 355 2156 At
375 2136 407 2155 se
429 2131 461 2155 et
485 2135 602 2155 cazas-as
616 2125 714 2154 simul
737 2131 823 2156 stare
850 2135 917 2154 non
940 2134 1011 2164 pos-

311 2175 406 2198 sunt:
429 2173 541 2198 utrum
557 2177 634 2207 ergo
651 2167 824 2197 delendum
840 2168 895 2203 sit,
911 2168 1011 2205 quaeri

311 2214 431 2250 potest.
477 2209 627 2239 Pearcius
649 2214 779 2239 secutus
794 2214 842 2239 est
866 2209 977 2244 libros,
993 2221 1012 2240 a

312 2252 429 2291 quibus
457 2251 547 2281 abest
576 2261 620 2288 se,
649 2257 687 2281 ut
715 2262 734 2281 a
761 2251 921 2281 ‹Iuntiua2
952 2261 1012 2290 ego

311 2304 428 2324 causas
449 2293 565 2330 delmi,
588 2294 674 2332 quod
697 2293 859 2323 omittunt
881 2298 915 2323 et
938 2293 1008 2324 edd.

311 2336 366 2367 w.
383 2345 407 2366 s.
432 2336 452 2365 l.
476 2342 507 2365 et
529 2346 557 2366 a.
581 2335 669 2375 Lips.
695 2340 728 2365 et
752 2335 816 2365 ΜΒ.
841 2335 879 2365 Ε.
922 2335 1010 2365 Nam

311 2379 502 2417 exquisitius
512 2383 561 2407 est
576 2378 745 2416 ingenium
757 2388 790 2407 se
800 2381 902 2417 potest
913 2379 1010 2414 tueri,

311 2431 411 2458 quain
439 2421 607 2459 ingenium
636 2424 741 2459 potest
767 2430 885 2450 causas
916 2420 1012 2450 tueri.

314 2463 352 2492 ln
368 2462 429 2493 hoe
446 2472 542 2492 nemo
559 2462 702 2497 haeserit,
721 2463 755 2492 in
778 2461 835 2491 illo
851 2462 1013 2501 glossator

313 2504 424 2541 habet,
460 2504 545 2544 quod
581 2504 863 2545 interpretandum
905 2509 1010 2544 putet.

311 2546 399 2586 Quid
420 2546 462 2576 sit
486 2547 654 2584 ingenium
668 2557 701 2577 se
715 2551 828 2576 tuetur
846 2546 940 2577 facile
963 2547 1012 2576 in-

310 2589 487 2627 telligitur,
517 2598 646 2628 nempe,
673 2598 748 2619 cuin
776 2589 888 2627 efficit,
917 2593 955 2618 ut
983 2589 1013 2619 ei

312 2630 395 2662 nihil
417 2630 524 2660 deesse
551 2631 698 2661 videatur
718 2641 758 2660 ex
785 2631 835 2668 iis,
859 2640 932 2670 quae
957 2630 1011 2661 de-

309 2678 403 2711 fiunt,
419 2677 458 2702 ut
479 2673 617 2703 scientia
632 2673 728 2710 juris,
744 2673 805 2702 etsi
829 2683 866 2703 ea
889 2679 1009 2704 careat.

313 2715 468 2745 Ceterum
487 2724 545 2754 pro
564 2715 692 2746 etiamsi
711 2714 833 2749 eaedem
858 2715 930 2753 edd,
955 2715 1012 2746 ha-

311 2757 391 2793 bent
404 2757 443 2788 si.

352 2801 392 2831 22
405 2802 673 2835 testamentorum
687 2802 861 2838 ruptorum
877 2802 937 2828 aut
954 2808 1009 2829 ra-

309 2840 445 2881 torum]
471 2840 555 2875 Dedi
577 2840 631 2871 hic
654 2850 730 2871 cum
756 2840 899 2877 Pearem,
923 2841 1010 2880 quod

309 2883 343 2912 in
362 2883 514 2914 omnibus
529 2882 600 2913 edd.
615 2892 664 2922 pr.
687 2883 803 2922 reperi,
819 2882 918 2912 etiarn
942 2883 1007 2913 Ms.

310 2924 349 2956 E.
373 2934 449 2956 cum
478 2925 512 2965 in
541 2924 776 2957 recentioribus
803 2928 938 2956 tantum
966 2925 1010 2957 sit

1054 2045 1249 2081 ruptorum:
1271 2041 1326 2072 sed
1349 2041 1429 2071 mihi
1451 2045 1628 2080 utrumque
1642 2051 1754 2082 suspe-

1055 2088 1146 2113 ctum
1162 2089 1223 2120 est,
1239 2088 1272 2113 et
1295 2094 1313 2113 a
1336 2084 1514 2123 glossatore
1537 2090 1652 2113 natum
1669 2084 1754 2114 vide-

1054 2130 1120 2154 tur.
1167 2126 1312 2155 Primum
1350 2130 1459 2155 cetera
1494 2135 1614 2164 genera
1641 2126 1754 2157 omnia

1054 2167 1246 2206 simpliciter
1282 2173 1461 2206 ponuntur,
1490 2177 1549 2198 nec
1576 2177 1658 2208 opus
1684 2175 1756 2199 erat

1055 2208 1170 2239 addere
1198 2209 1384 2248 hujusmodi
1415 2209 1508 2248 quid:
1541 2209 1657 2241 deinde
1685 2219 1753 2247 non

1056 2251 1149 2281 facile
1173 2250 1210 2281 de
1236 2252 1444 2282 testamentis
1472 2252 1575 2292 ruptis
1601 2253 1755 2291 quaestio-

1056 2302 1129 2322 ιιι-ιιι
1145 2303 1225 2328 csse,
1250 2294 1315 2334 ipse
1332 2294 1445 2323 Cicero
1464 2293 1558 2324 docet
1581 2304 1608 2324 e.
1625 2297 1676 2328 57.
1700 2294 1755 2326 de-‚

1056 2336 1152 2374 nique
1181 2337 1328 2376 ineptum
1352 2341 1415 2372 est,
1435 2341 1635 2367 testamenta
1657 2343 1756 2377 rupta

1055 2381 1089 2407 et
1103 2383 1186 2414 rata,
1201 2384 1258 2408 aut
1279 2378 1474 2408 alterutrum
1491 2387 1594 2418 genus
1608 2389 1752 2410 comme-

1056 2420 1189 2456 morari,
1213 2420 1303 2460 quasi
1327 2421 1366 2451 de
1388 2420 1438 2451 his
1461 2425 1593 2450 tantum
1616 2422 1755 2460 quaestio

1055 2471 1135 2499 esse,
1172 2467 1206 2493 et
1241 2462 1328 2503 apud
1362 2463 1581 2493 centumviros
1616 2464 1754 2494 tractari

1056 2505 1168 2544 possit.

1098 2548 1138 2577 23
1161 2546 1238 2576 civis
1259 2550 1320 2576 aut
1335 2555 1372 2586 p.
1386 2555 1498 2577 servus
1511 2551 1573 2577 aut
1587 2546 1626 2586 L]
1652 2547 1754 2578 Recte

1057 2587 1208 2619 Pearcius
1236 2592 1296 2618 aut
1322 2597 1381 2629 pro
1406 2597 1450 2618 an
1474 2589 1593 2619 edidit:
1619 2599 1694 2619 nam
1719 2594 1754 2621 et

1054 2631 1124 2661 sine
1138 2630 1228 2660 libris
1243 2630 1313 2660 haee
1326 2630 1424 2663 lectio
1438 2636 1528 2666 certa
1540 2630 1752 2671 intelligitur,

1055 2673 1131 2711 quia
1165 2682 1267 2712 qum-e
1298 2682 1370 2702 eam
1406 2674 1587 2704 necessario
1613 2673 1753 2713 flagitat,

1056 2714 1135 2744 Mox
1150 2715 1356 2754 impudentioe
1371 2723 1437 2744 non
1455 2716 1683 2755 imprudentioe
1696 2715 1755 2747 hae

1055 2757 1133 2787 bent
1149 2756 1219 2787 edd.
1235 2766 1284 2796 pr.
1306 2755 1402 2796 idque
1418 2762 1451 2787 et
1474 2758 1579 2798 ipsum
1596 2766 1644 2788 res
1658 2757 1755 2788 docet

1054 2809 1165 2828 verum
1183 2808 1263 2835 esse,
1278 2803 1312 2828 et
1327 2798 1582 2838 imprudentiam
1597 2799 1632 2830 h.
1647 2799 1669 2830 l.
1683 2809 1753 2830 esse

1054 2841 1150 2880 plane
1164 2840 1316 2871 alienam.
1332 2840 1550 2883 Impudentiae
1563 2842 1664 2874 etiam
1678 2846 1754 2892 post

1054 2883 1179 2914 mentio
1193 2893 1220 2913 c.
1235 2885 1289 2923 41.
