1945 3235
327 188 402 222 343
846 185 927 225 DE
952 186 1237 226 ORATORE

326 302 387 338 ra,
419 288 617 339 vitemus,
647 290 824 341 (etenim
854 290 1091 332 cavendum
1117 300 1197 342 est,
1228 305 1279 332 ne
1311 291 1560 332 arcessitum
1592 290 1755 334 dictum

326 354 515 402 putetur,
566 346 775 443 permulta
807 356 946 388 tamen
976 358 1099 389 acute
1131 348 1335 389 dicemus.
1395 346 1590 389 Alterum
1620 363 1754 406 genus

328 411 407 453 est,
429 402 540 457 quod
596 403 694 444 abet
717 418 888 459 parvam
910 405 1026 445 verbi
1046 405 1404 453 immutationem,
1466 403 1550 446 uod
1575 405 1618 446 in
1641 404 1754 447 litte-

328 474 375 500 ra
396 459 598 515 positum,
631 459 773 501 Graeci
803 470 958 501 vocant
978 461 1233 512 ποιςονομσιο-ιὲιν,
1264 471 1311 502 ut
1335 419 1600 513 Nobiliorem,
1629 461 1757 503 mobi-

331 516 472 557 tiorem
511 516 642 557 Cato:
676 527 762 566 aut,
794 527 840 557 ut
878 517 1002 567 idem,
1033 532 1130 558 cum
1169 518 1336 558 cuidam
1376 518 1571 569 dixisset,
1602 516 1758 560 Eamus

330 572 653 614 deambulatum:
683 582 726 613 et
747 572 829 624 ille,
858 572 972 618 Quid
990 588 1086 627 opus
1088 572 1184 629 fuit
1208 573 1288 615 de?
1323 573 1451 615 Immo
1473 589 1578 626 vero,
1601 572 1755 631 inquit,

330 629 431 686 quid
449 628 641 686 opzcsfitit
661 629 732 670 te?
768 641 841 670 aut
861 630 1052 684 ejusdem
1075 632 1294 685 responsio
1317 631 1400 682 illa,
1436 634 1471 662 ¹⁶2
1487 631 1535 673 Si
1560 638 1605 673 tu
1625 638 1664 673 et
1680 629 1756 673 ad·

238 701 315 738 257
328 701 458 729 versus
486 693 523 727 et
551 701 707 728 aversus
737 686 959 741 impudicus
990 701 1039 727 es.
1092 685 1232 728 Etiam
1257 688 1550 744 interpretatio
1570 687 1754 730 nominis

327 743 457 785 habet
497 757 690 793 acumen,
722 758 817 784 cum
858 744 909 784 ad
951 742 1175 785 ridiculum
1209 755 1446 796 convertas,
1477 745 1755 801 quamobrem

327 802 388 842 ita
422 801 516 856 quis
548 809 746 851 vocetur3
779 810 824 841 ut
856 815 937 856 ego
963 814 1113 856 nuper,
1147 799 1398 843 Nummium
1432 801 1675 853 divisorem,
1708 810 1755 843 ut

329 857 661 913 Neoptolemum
693 857 743 898 ad
774 856 964 913 Trojam,
995 857 1056 898 sic
1085 856 1204 898 illum
1234 858 1276 898 in
1309 873 1460 914 campo
1492 858 1654 900 Martio
1677 873 1754 900 no-

242 913 421 968 64men
446 914 669 955 invenisse.
709 913 852 968 Atque
874 915 969 956 haec
991 914 1136 955 omnia
1156 916 1287 957 verbo
1308 915 1596 958 continentur.
1629 916 1753 972 Saepe

325 972 454 1012 etiam
487 985 629 1012 versus
662 971 800 1012 facete
830 971 1130 1028 interponitur,
1161 971 1226 1012 vel
1259 982 1306 1012 ut
1334 981 1412 1022 est,
1435 972 1499 1013 vel
1521 972 1754 1029 paullulum

326 1029 600 1081 immutatus3
630 1037 704 1069 aut
725 1028 866 1083 aliqua
888 1043 982 1085 pars
1007 1041 1164 1078 versus,
1187 1030 1222 1058 ¹3
1238 1038 1284 1069 ut
1305 1028 1466 1069 Statius
1486 1029 1646 1071 Scauro
1666 1039 1753 1071 sto-

325 1085 563 1136 machanti3
594 1100 648 1126 ex
667 1101 752 1140 quo
770 1095 868 1128 sunt
889 1083 1096 1136 nonnulli,
1118 1084 1190 1140 qui
1213 1095 1328 1127 tuam
1347 1085 1485 1141 legem
1505 1085 1556 1127 de
1578 1086 1753 1128 civitate

325 1153 485 1194 natam,
517 1143 683 1194 Crasse,
705 1143 876 1185 dicant:

427 1212 484 1252 St,
504 1215 627 1251 tacete,
658 1212 746 1258 quid
764 1211 828 1247 hoc
847 1211 1044 1248 clamoris?
1070 1210 1196 1259 quibus
1214 1223 1276 1247 nec
1291 1215 1417 1251 mater,
1437 1224 1501 1247 nec
1514 1216 1632 1259 pater,

431 1264 548 1300 Tanta
564 1263 778 1312 confidentia
792 1265 904 1300 estis?
930 1262 1072 1313 auferte
1094 1265 1199 1299 istam
1220 1265 1314 1299 enim
1326 1264 1538 1311 superbiam.

325 1331 436 1372 Nam
465 1331 507 1371 in
533 1330 676 1372 Coelio
708 1346 807 1372 sane
838 1331 967 1371 etiam
1000 1330 1052 1371 ad
1075 1344 1244 1371 causam
1268 1330 1371 1371 utile
1392 1329 1475 1371 fuit
1494 1342 1614 1371 tuum
1632 1329 1751 1380 illud,

321 1388 500 1439 Antoni,
536 1403 634 1429 cum
657 1387 725 1428 ille
754 1404 778 1428 a
799 1403 841 1428 se
861 1387 1082 1444 pecuniam
1108 1387 1343 1442 profectam
1362 1387 1522 1428 diceret
1544 1387 1677 1439 testis,
1708 1397 1752 1428 et

321 1445 499 1487 haberet
520 1444 654 1486 filium
677 1444 981 1495 delicatiorem,
1003 1445 1187 1485 abeunte
1202 1444 1295 1499 jam
1318 1444 1405 1495 illo,

426 1513 562 1550 Sentin’
577 1526 695 1550 senem
711 1526 782 1549 esse
796 1518 932 1549 tactum
946 1513 1102 1560 triginta
1116 1514 1221 1548 minis
1231 1514 1252 1548 ‚9

233 1591 309 1624 ‘258
327 1580 373 1622 In
410 1580 493 1622 hoc
525 1596 659 1636 genus
691 1581 982 1636 conjiciuntur
1020 1579 1264 1636 proverbia:
1297 1589 1344 1621 ut
1381 1579 1484 1621 illud
1518 1579 1748 1636 Scipionis,

322 1653 419 1679 cum
441 1637 607 1678 Asellus
629 1652 775 1678 omnes
797 1637 1036 1693 provincias
1068 1636 1281 1692 stipendia
1311 1647 1543 1677 merentem
1566 1651 1609 1678 se
1629 1650 1750 1693 pera-

321 1710 463 1750 grasse
485 1695 752 1752 gloriaretur,
784 1694 899 1750 Agas
919 1692 1097 1745 asellum,
1128 1703 1172 1734 et
1191 1704 1345 1745 cetera.
1407 1694 1551 1740 Quare
1572 1708 1621 1747 ea
1641 1707 1750 1749 quo-

320 1767 416 1808 que,
447 1753 650 1807 quoniam
683 1752 858 1792 mutatis
889 1751 1027 1792 verbis
1057 1765 1142 1791 non
1167 1761 1346 1807 possunt
1368 1751 1548 1791 retinere
1569 1751 1747 1792 eandem

231 1819 307 1853 259
322 1819 601 1860 venustatem,
632 1809 777 1850 nonin
807 1824 864 1859 re,
896 1808 967 1849 sed
996 1808 1040 1848 in
1070 1808 1209 1849 verbis
1235 1808 1374 1865 posita
1402 1808 1627 1849 ducantur.
1670 1805 1749 1848 Est

318 1866 448 1907 etiam
471 1867 513 1907 in
537 1867 667 1908 verbo
690 1866 876 1922 positum
900 1880 986 1906 non
1008 1864 1213 1906 insulsum
1239 1879 1386 1921 genus,
1408 1880 1462 1906 ex
1485 1878 1551 1915 eo,
1573 1877 1671 1905 cum
1693 1864 1747 1906 ad

186 1948 217 1978 p.
237 1938 304 1966 133.
320 1925 510 1974 verbum,
541 1939 627 1965 non
656 1923 709 1964 ad
742 1923 996 1964 sententiam
1027 1936 1116 1963 rem
1138 1922 1332 1977 accipere
1352 1922 1546 1964 videare:
1576 1936 1631 1962 ex
1661 1935 1748 1977 quo

275 1987 402 2022 a·uno
425 1995 579 2037 genere
600 1990 716 2022 totus
742 1990 806 2021 est
833 1979 982 2031 Tutor,
1012 1979 1154 2020 minus
1182 1989 1317 2030 vetus,
1346 1979 1508 2035 oppido
1529 1977 1746 2020 ridiculus.

317 2038 400 2079 Sed
422 2039 529 2080 abeo
552 2053 577 2078 a
596 2037 761 2079 mimis:
799 2046 966 2078 tantum
988 2050 1122 2093 genus
1143 2036 1271 2091 hujus
1299 2035 1465 2077 ridiculi
1488 2035 1646 2091 insigni
1669 2035 1745 2076 ali-

313 2109 399 2150 qua
418 2103 462 2136 et
484 2104 586 2136 nota
614 2109 657 2136 re
679 2094 818 2136 notari
839 2094 949 2135 volo.
1010 2092 1089 2134 Est
1109 2104 1252 2134 autem
1274 2107 1328 2134 ex
1351 2094 1434 2134 hoc
1452 2106 1607 2149 genere
1626 2091 1744 2144 illud,

312 2152 429 2207 quod
453 2161 514 2204 tu,
538 2151 703 2203 Crasse,
725 2165 861 2207 nuper
881 2151 935 2201 ei,
957 2150 1030 2206 qui
1052 2161 1094 2191 te
1116 2159 1321 2207 rogasset,
1343 2153 1488 2191 ¹4num
1512 2149 1592 2190 tibi
1610 2149 1744 2190 mole·

314 2218 403 2250 stus
426 2219 536 2250 esset
558 2209 740 2259 futurus,
771 2209 805 2249 si
827 2208 880 2249 ad
903 2218 943 2249 te
964 2210 1000 2238 ¹5
1014 2208 1120 2248 bene
1142 2217 1241 2248 ante
1270 2206 1408 2247 lucem
1437 2205 1646 2248 venisset:
1681 2204 1746 2247 Tu

313 2280 419 2315 vero,
450 2266 642 2320 inquisti,
675 2264 857 2306 molestus
891 2279 972 2305 non
1003 2264 1100 2305 eris.-
1141 2264 1313 2305 Jubebis
1344 2263 1474 2320 igitur
1507 2269 1559 2314 te,
1590 2263 1746 2318 inquit,

225 2322 526 2368 esosuscz’tari‘!
557 2333 600 2364 et
621 2332 682 2375 tn,
708 2320 826 2363 Certe
844 2335 1037 2380 negaram
1056 2328 1093 2362 te
1109 2320 1312 2362 molestum
1317 2318 1531 2377 ficturum.
1583 2318 1650 2361 Ex
1672 2333 1744 2362 eo-

361 2439 397 2468 12
421 2437 459 2468 Se
477 2436 528 2476 tu]
551 2436 685 2474 Vereor,
700 2442 738 2467 ut
760 2437 821 2468 hoc
842 2437 1007 2476 integrum
1049 2445 1206 2474 megarae,
1230 2444 1289 2475 pro
1311 2445 1485 2474 negaram,
1508 2433 1594 2474 quod
1619 2433 1653 2463 in
1675 2442 1743 2463 uno

314 2479 367 2510 sit.
384 2489 460 2510 nam
483 2489 551 2509 non
568 2484 618 2509 est
635 2479 706 2510 haec
729 2480 836 2510 forma
849 2478 1007 2519 responsi—
1051 2477 1113 2508 Ms.
1129 2484 1294 2518 repertum
1308 2482 1395 2508 reete
1411 2477 1554 2507 restituit
1576 2475 1740 2511 Pearcius,

313 2522 396 2552 onis.
1047 2526 1158 2559 estque
1173 2520 1272 2550 etiam
1294 2521 1328 2549 in
1345 2519 1407 2549 Ms.
1423 2519 1461 2549 E.
1507 2518 1579 2557 lpse
1599 2516 1651 2547 vel
1670 2518 1741 2547 sine

358 2565 394 2595 13
417 2567 454 2593 ut
470 2562 598 2594 Statius
611 2563 749 2602 Scauro]
766 2563 826 2593 Ed.
843 2572 869 2592 s.
884 2561 908 2592 l.
925 2566 959 2592 et
973 2571 1004 2592 a.
1048 2562 1112 2592 Ms.
1140 2562 1364 2592 restituissem.
1410 2560 1494 2591 Nam
1516 2558 1661 2591 Crassius
1683 2568 1740 2590 ue-

312 2605 399 2645 Lips.
416 2605 537 2635 habent
552 2605 659 2637 Seius:
683 2605 769 2644 quod
791 2604 1004 2645 praetulerim,
1048 2608 1153 2643 gar-at:
1170 2608 1207 2634 tu
1221 2613 1294 2633 vero
1308 2604 1456 2633 molestus
1466 2611 1528 2632 non
1543 2603 1616 2632 eris.
1643 2601 1740 2639 Num

312 2647 593 2685 intellexerimque
606 2647 699 2677 illum
712 2647 835 2683 Seium,
850 2647 942 2686 eujus
956 2651 1006 2676 est
1048 2646 1171 2676 habent
1195 2645 1265 2675 cdd.
1286 2656 1334 2685 pr.
1357 2653 1481 2680 omneS,
1497 2650 1530 2674 et
1555 2644 1618 2674 Ms.
1641 2642 1681 2673 E.
1704 2648 1740 2673 et

311 2699 331 2718 a
356 2689 399 2720 ud
432 2689 500 2720 cic.
528 2688 567 2718 de
593 2689 685 2719 Offic.
710 2689 756 2725 11,
791 2692 838 2722 17.
870 2687 1005 2718 mentio.
1049 2687 1132 2717 alius
1148 2687 1282 2718 Pearcii.

314 2699 460 2762 §atium
476 2740 571 2770 quem
587 2731 782 2769 intelligam,
800 2741 864 2760 non
881 2730 996 2760 habeo.
1093 2732 1129 2760 15
1153 2730 1227 2758 bene
1246 2733 1323 2758 ante
1344 2726 1461 2766 lucem]
1487 2726 1578 2758 Bene
1591 2725 1738 2765 aliquan-

358 2776 395 2804 14
417 2782 497 2803 num
512 2773 584 2812 tibi]
601 2772 772 2812 Quomodo
795 2773 884 2802 venit
908 2774 941 2801 in
965 2771 1004 2801 li-
1046 2771 1087 2801 do
1101 2778 1288 2810 suspectum
1308 2770 1381 2800 fuit.
1424 2768 1486 2799 Sed
1501 2769 1629 2801 videtur
1641 2778 1739 2798 mane

312 2815 387 2845 bros
410 2825 474 2846 non
494 2815 564 2851 tibi,
587 2814 673 2852 quod
693 2814 863 2845 manifeste
882 2814 1000 2844 salsum
1043 2813 1215 2843 excidisse:
1233 2813 1308 2842 bene
1318 2821 1413 2842 mane
1425 2815 1502 2841 ante
1510 2812 1633 2844 lucem;
1651 2809 1736 2840 idem

312 2864 375 2893 est,
399 2867 473 2887 eum
496 2857 541 2886 sit
563 2857 795 2895 interrogatin;
820 2857 852 2885 in
868 2867 932 2895 qua
946 2866 1002 2885 ne·
1043 2854 1231 2886 Guilielmiu
1255 2854 1288 2884 in
1312 2857 1457 2884 mentem
1483 2853 1604 2883 venisse
1619 2851 1737 2889 video;

311 2899 450 2929 cessaria
484 2905 534 2928 est
567 2898 726 2939 particula
752 2897 972 2937 interrogandi
986 2898 998 2927 ?
1043 2898 1098 2937 qui
1114 2902 1146 2928 et
1161 2900 1238 2929 ante
1250 2897 1353 2927 lucem
1368 2894 1466 2926 delet.

313 2940 452 2981 Nempe,
476 2941 551 2980 quia
579 2940 664 2971 infra
691 2940 805 2970 vitium
831 2941 1002 2979 irrepserat.
