1945 3235
341 64 392 103 ‘74
826 54 905 94 AD
934 53 1311 95 HERENNIUM

400 162 528 204 Nunc
551 172 720 218 tempus
735 160 938 217 postulat,
961 169 1006 201 ut
1026 160 1077 202 ad
1101 156 1357 202 elocutionis
1380 165 1598 215 praecepta
1618 164 1779 201 transe-

342 234 478 260 amus.
553 218 767 276 Bipertita
797 219 878 260 erit
908 218 1041 274 igitur
1079 217 1204 259 nobis
1238 214 1494 258 elocutionis
1526 217 1778 273 praeceptio.

344 276 539 319 Primum
570 277 776 326 dicemus,
799 276 956 332 quibus
980 275 1022 316 in
1054 274 1284 331 generibus
1317 286 1484 329 semper
1515 275 1655 316 omnis
1685 288 1782 315 ora«-

345 334 455 375 toria
475 334 662 375 elocutio
684 334 837 375 debeat
859 347 974 374 esse:
998 332 1153 373 deinde
1165 331 1572 386 ostendemus,quas
1586 344 1650 372 res
1669 345 1781 373 sem-

297 396 330 442 8
346 406 420 448 per
453 392 610 433 habere
631 391 801 432 debeat.
861 390 974 430 Sunt
996 390 1128 446 igitur
1150 389 1231 430 tria
1257 402 1428 445 genera,
1449 389 1490 421 4⁷
1503 401 1601 442 quae
1624 401 1784 444 genera

288 468 328 502 11
347 464 424 490 nos
454 448 614 505 figuras
643 447 922 504 appellamus,
946 447 988 488 in
1010 447 1166 503 quibus
1189 445 1328 487 omnis
1351 444 1490 487 oratio
1512 459 1599 486 non
1626 445 1783 486 vitiosa

345 507 637 558 consumitur,
660 519 788 546 unam
809 517 999 560 gravem,
1018 503 1194 545 alteram
1216 502 1493 553 mediocrem,
1516 501 1688 544 tertiam
1705 516 1784 543 ex-

345 572 565 605 tenuatam
593 576 812 604 voeamus.
874 561 1030 603 Gravis
1053 570 1131 612 est,
1153 575 1250 616 quae
1272 567 1444 602 constat
1469 573 1527 600 ex
1552 559 1783 602 verborum

343 621 542 677 gravium
563 623 604 652 48
618 633 777 676 magna
797 627 840 660 et
862 626 1014 660 ornata
1041 618 1379 670 construetione.
1440 615 1681 659 Mediocris
1702 624 1784 669 est,

343 692 440 734 quae
472 687 644 721 constat
671 691 727 718 ex
761 675 1002 726 humiliore,
1024 689 1164 731 neque
1196 674 1339 716 tamen
1372 689 1429 716 ex
1451 673 1602 716 infima
1621 684 1666 716 et
1687 688 1784 732 per-

343 735 642 790 vulgatissima
674 734 902 776 verborum
935 733 1164 789 dignitate.
1222 732 1462 774 Attenuata
1488 741 1568 783 est,
1588 746 1688 788 quae
1710 731 1784 774 de-

344 793 474 833 missa
495 800 560 833 est
583 806 716 848 usque
745 791 799 832 ad
834 789 1160 832 usitatissimam
1194 791 1289 847 puri
1322 790 1531 833 sermonis
1552 797 1787 832 consuetu-

341 850 503 890 dinem.

404 906 453 947 In
489 905 610 962 gravi
646 904 785 962 figura
816 912 1093 946 consumetur
1115 904 1268 956 Oratim
1299 904 1334 945 si
1356 920 1454 961 quae
1483 904 1696 961 cujusque
1724 903 1786 946 rei

343 972 550 1020 poterunt
582 962 856 1004 ornatissima
896 963 1026 1002 verba
1063 961 1254 1018 reperiri,
1295 962 1384 1004 sive
1409 963 1613 1019 propria,
1633 964 1680 1002 49.
1693 961 1785 1003 sive

346 1021 565 1072 translata,
592 1023 632 1051 50
647 1033 994 1075 unamquamque
1028 1018 1071 1059 in
1106 1033 1195 1060 rem
1227 1019 1694 1062 accommodabuntur:
1726 1027 1786 1070 et,

345 1079 380 1119 si
404 1093 555 1136 graves
589 1078 831 1128 sententiae,
860 1091 958 1132 quae
990 1076 1032 1118 in
1066 1076 1405 1133 amplificatione
1438 1085 1483 1118 et
1511 1077 1788 1118 commisera-

345 1137 465 1178 tione
484 1144 738 1187 traetantur,
759 1135 994 1191 eligentur:
1018 1143 1075 1185 et,
1099 1135 1132 1175 si
1155 1135 1459 1175 exornationes
1479 1134 1790 1176 sententiarum

347 1205 423 1235 aut
451 1194 697 1244 verborum,
728 1207 826 1248 quae
858 1192 1116 1248 gravitatem
1148 1191 1387 1242 habebunt,
1417 1191 1471 1232 de
1500 1191 1658 1247 quibus
1689 1198 1791 1249 post

288 1259 335 1295 12
349 1251 555 1302 dicemus,
579 1250 915 1292 adhibebuntur.
978 1248 1027 1290 In
1052 1249 1135 1290 hoe
1158 1263 1314 1306 genere
1336 1249 1488 1306 figurae
1510 1249 1593 1290 erit
1609 1248 1694 1292 hoc
1712 1263 1790 1291 ex-

346 1308 559 1366 emplum:
586 1307 701 1349 Nam
723 1307 818 1362 quis
841 1316 906 1348 est
927 1305 1133 1357 vestrum,
1149 1306 1336 1363 judices,
1365 1307 1440 1362 qui
1463 1307 1566 1348 satis
1588 1306 1789 1349 idoneam

346 1366 485 1423 possit
508 1366 552 1407 in
578 1380 677 1406 eum
701 1379 879 1421 poenam
901 1363 1167 1420 excogitare,
1187 1364 1260 1420 qui
1291 1365 1473 1421 prodere
1493 1364 1693 1406 hostibus
1715 1378 1792 1421 pa-

346 1424 475 1465 triam
504 1423 733 1479 cogitarit?
756 1422 872 1478 quod
903 1421 1165 1463 maleficium
1190 1436 1290 1463 cum
1319 1421 1403 1463 hoc
1434 1421 1591 1463 scelere
1612 1435 1791 1478 compa-

347 1481 581 1537 rari‚·quod
619 1480 719 1521 huic
750 1479 964 1521 maleficio
995 1478 1178 1535 dignum
1211 1479 1473 1536 supplicium
1501 1487 1646 1536 potest
1671 1479 1794 1520 inve*

345 1539 454 1580 niri?
480 1538 531 1579 In
553 1538 620 1589 iis,
639 1537 713 1593 qui
737 1540 772 1568 51
792 1537 1022 1578 violassent
1036 1536 1284 1592 ingenuam,
1302 1535 1672 1578 matremfamilias
1687 1549 1794 1578 con-

346 1604 628 1652 stuplassent,
660 1594 900 1651 pulsassent
935 1593 1138 1649 aliquem,
1180 1604 1256 1635 aut
1290 1603 1510 1650 postremo
1550 1600 1803 1645 necassent,·

345 1653 540 1694 maxima
561 1652 774 1709 supplicia
795 1654 834 1684 52
848 1651 1033 1706 majores
1059 1660 1411 1694 consumserunt:
1439 1651 1543 1694 huic
1577 1651 1795 1693 truculen-

345 1711 513 1752 tissimo
537 1725 587 1752 ac
608 1709 774 1752 nefario
796 1709 978 1752 facinori
1008 1708 1268 1765 singularem
1302 1724 1481 1766 poenam
1502 1723 1590 1751 non
1612 1708 1796 1764 relique-

302 1770 333 1801 b·
346 1770 471 1811 runt?
502 1767 648 1824 Atque
674 1768 719 1809 in
752 1767 844 1809 aliis
878 1766 1100 1808 maleficiis
1134 1766 1188 1808 ad
1219 1766 1427 1823 singulos,
1448 1776 1526 1808 aut
1545 1766 1599 1808 ad
1628 1779 1793 1824 paucos

1095 1911 1158 1942 que
1172 1906 1208 1934 et
1227 1902 1298 1934 edd.
1317 1912 1366 1944 pr.
1388 1902 1450 1934 nisi
1468 1902 1557 1943 quod
1570 1903 1606 1934 in
1627 1885 1812 1934 nonnullis*

385 1907 426 1939 47
448 1905 535 1946 Quoe
555 1903 707 1944 genera]
740 1902 932 1934 Addidimus
954 1911 1054 1941 genet-

1096 1944 1200 1983 libris‚
1223 1950 1264 1977 ut
1290 1945 1326 1975 in
1351 1945 1402 1976 ed.
1424 1945 1522 1976 Junt.
1539 1947 1608 1977 sive
1632 1946 1802 1978 translata

345 1958 388 1980 ra
408 1958 426 1978 e
447 1947 526 1978 Mss.
546 1951 582 1977 et
604 1946 676 1978 edd.
693 1956 745 1987 pr.
763 1955 837 1986 quae
857 1945 1012 1986 repetitio
1033 1955 1055 1976 a

344 1990 584 2021 consuetudine
606 1989 751 2020 auctoris
769 1998 837 2019 non
859 1995 911 2019 est
932 1987 1050 2019 aliena.

343 2030 452 2063 Junta
466 2031 556 2063 dedit
571 2039 663 2072 quas.
708 2030 812 2063 Aldus
825 2040 896 2071 quae
909 2030 980 2062 sine
992 2040 1053 2070 ge-

346 2084 429 2106 nera
440 2074 553 2105 edidit.

388 2120 428 2147 43
445 2116 577 2156 Magna
594 2120 625 2146 et
643 2120 764 2147 ornata
779 2114 913 2155 consen]
943 2114 1053 2146 Resti-

345 2159 472 2188 tuimus
497 2164 644 2189 veterem
678 2158 869 2195 lectionem,
896 2167 955 2198 pro
988 2167 1053 2198 qua

347 2201 510 2231 Gruterus
521 2212 540 2231 e
555 2201 636 2231 Mss.
650 2199 845 2240 quibusdam
859 2199 949 2231 dedit
962 2202 1050 2231 lam.-

347 2243 403 2274 scd
418 2244 451 2274 id
465 2245 602 2275 verbnm
621 2243 653 2274 h.
668 2242 690 2273 l.
707 2247 758 2274 est
777 2243 935 2273 alienum.
980 2243 1051 2275 Nee

347 2287 437 2316 enim
465 2286 519 2316 hic
544 2285 584 2316 de
613 2285 853 2327 compositione
875 2285 1051 2317 verborum

347 2339 398 2366 ea,
413 2339 453 2359 ex
473 2339 539 2368 qua
561 2327 688 2359 laevitas
709 2328 868 2359 orationis
890 2329 1050 2365 nascitur,

347 2380 455 2401 sermo
467 2377 531 2408 est,
545 2375 584 2401 ut
599 2375 693 2410 patet
712 2381 730 2401 e
744 2370 964 2409 sequentibus.
1010 2370 1056 2401 Et

347 2412 408 2443 illa
421 2413 549 2444 laevitas
571 2413 674 2444 etiam
697 2413 731 2444 in
754 2413 827 2443 aliis
850 2413 963 2452 figuris
986 2422 1054 2444 esse

348 2455 459 2486 debet:
472 2465 532 2486 nec
544 2463 674 2496 semper
684 2455 718 2485 in
729 2456 820 2494 gravi
829 2455 936 2495 figura
944 2456 1056 2486 locum

347 2496 460 2528 habet.
503 2497 651 2528 Verbum
682 2498 939 2529 constructionis
963 2497 1056 2529 dece-

348 2539 399 2580 pit
417 2543 590 2570 auctorem
603 2539 704 2580 hujus
719 2540 885 2577 lectionis,
901 2540 989 2581 quod
1002 2540 1057 2571 hic

349 2591 417 2612 non
430 2592 469 2613 eo
488 2591 587 2613 sensu
602 2582 735 2619 dicitur,
757 2593 821 2622 quo
836 2587 899 2620 est,
927 2593 1003 2614 eum
1018 2582 1058 2613 de

348 2628 519 2655 structura
533 2624 709 2656 verborum
722 2625 763 2656 ad
773 2625 982 2656 efficiendum
995 2635 1058 2656 nu-

347 2675 477 2697 merum
491 2666 624 2698 dicitur.

389 2711 431 2743 49
452 2707 530 2740 Sive
552 2709 747 2749 translata]
776 2710 816 2740 In
833 2709 977 2749 vulgatis
996 2709 1052 2740 ad-

347 2749 450 2787 ditur,
463 2752 530 2782 sive
541 2755 711 2782 extranea.
736 2751 799 2782 Sed
811 2751 882 2782 haee
892 2753 962 2793 ipsa
973 2756 1052 2784 sunt

347 2793 528 2826 translata:
544 2800 579 2826 et
599 2794 721 2826 absunt
736 2794 794 2825 illa
809 2804 828 2826 a
842 2794 923 2826 Mss.
938 2795 1052 2836 pleris-

1095 1987 1228 2019 absunt.
1264 1988 1297 2018 Si
1311 1988 1385 2028 quis
1397 1988 1469 2020 haee
1481 1987 1590 2020 delere
1606 1987 1716 2026 malit,
1731 1997 1801 2019 non

1095 2029 1189 2061 valde
1204 2039 1394 2071 repugnem.
1438 2030 1527 2062 Nam
1540 2034 1576 2062 et
1593 2029 1682 2061 infra
1694 2041 1724 2061 c.
1743 2032 1798 2063 31.

1094 2078 1535 2113 opponunturnomensuum
1541 2077 1577 2105 et
1583 2075 1799 2105 extraneum.-

1093 2124 1294 2155 quamquam
1303 2125 1359 2146 suo
1369 2116 1490 2147 rectius
1498 2116 1679 2158 opponitur
1685 2118 1800 2147 extra-

1093 2166 1204 2195 neum,
1220 2168 1318 2197 quam
1327 2158 1473 2198 proprio.

1137 2202 1178 2230 50
1206 2199 1480 2241 Unumquamque
1498 2200 1534 2230 in
1550 2200 1648 2242 rem]
1674 2201 1739 2232 Pro
1754 2200 1801 2239 ad

1093 2251 1228 2283 unamq.
1242 2253 1273 2274 r.
1293 2253 1312 2274 e
1334 2243 1425 2274 libris
1451 2242 1642 2274 melioribus
1666 2247 1704 2275 et
1725 2242 1800 2275 edd.

1094 2295 1143 2325 pr.
1173 2285 1219 2315 Et
1232 2285 1303 2316 hoec
1317 2285 1424 2316 forma
1434 2286 1623 2319 estauctori
1631 2285 1801 2326 frequens.

1094 2333 1132 2358 ut
1146 2327 1229 2358 bene
1239 2328 1371 2359 monuit
1383 2327 1416 2359 J.
1433 2328 1630 2359 Gronovius.

1140 2373 1173 2401 51
1204 2366 1384 2401 VZolassent
1407 2370 1614 2411 ingenuam]
1639 2369 1708 2401 Sic—
1717 2369 1801 2402 Mss-

1097 2413 1206 2454 plures
1231 2417 1265 2443 et
1292 2413 1364 2443 edd.
1393 2423 1441 2454 pr.
1470 2413 1559 2452 quod
1585 2412 1800 2444 servavimus.

1098 2455 1247 2494 Intelligi
1261 2456 1362 2486 etiam
1377 2455 1483 2486 altera
1496 2455 1596 2487 lectio
1611 2459 1736 2496 potest,
1748 2455 1800 2486 in·-

1096 2508 1261 2538 genuum:
1275 2497 1331 2528 sed
1346 2497 1380 2527 in
1395 2497 1456 2529 hac
1472 2508 1505 2528 re
1520 2497 1625 2538 magis
1645 2497 1801 2538 ingenue

1100 2541 1243 2580 virgines
1263 2545 1581 2577 commemorantur,
1594 2548 1695 2580 quam
1708 2539 1814 2580 inge-‘

1101 2583 1159 2613 nui
1170 2594 1181 2621 ·,
1194 2587 1235 2613 ut
1243 2591 1332 2619 mox,
1346 2583 1380 2612 in
1393 2580 1653 2622 matr-ilmsfam.
1667 2586 1699 2613 et
1708 2582 1802 2622 inge-

1100 2626 1189 2662 nuis,
1205 2624 1347 2664 virgines
1371 2624 1618 2665 intelliguntur,
1633 2623 1722 2665 quod
1743 2634 1802 2665 per

1095 2667 1237 2708 glossam
1254 2668 1289 2698 in
1305 2666 1478 2698 nonnullis
1493 2667 1538 2698 ibi
1553 2666 1703 2699 additum
1717 2671 1779 2699 est.

1138 2711 1180 2742 52
1205 2708 1376 2751 Majores]
1426 2709 1490 2740 Hie
1520 2719 1660 2750 quoque,
1685 2713 1726 2740 ut
1745 2718 1801 2740 su-

1095 2762 1168 2793 pra,
1183 2752 1286 2782 nostri
1299 2751 1417 2790 delevi,
1431 2751 1520 2792 quod
1538 2763 1558 2784 a
1571 2751 1654 2784 Mas.
1666 2751 1800 2793 quibus-

1095 2795 1173 2827 dam
1184 2795 1267 2827 bene
1280 2793 1385 2826 abest.
