1945 3235
173 271 250 310 317
266 265 428 305 viribus
451 263 537 305 suis
565 263 805 305 consulant.

170 1076 247 1110 319
261 1081 305 1112 et
320 1070 446 1111 facile
468 1070 717 1126 reperietur.

175 1418 509 1475 79effloruisse.

263 163 339 198 36⁶3

790 159 871 197 DE
905 158 1199 198 ORATORE

869 265 1021 321 Neque
1042 274 1107 306 est
1127 264 1324 315 dubium,
1354 258 1460 319 quin
1483 264 1710 307 exordium

262 322 432 363 dicendi
467 322 696 362 vehemens
718 332 761 362 et
794 337 969 378 pugnax
1002 337 1089 363 non
1122 337 1236 378 saepe
1258 335 1348 362 esse
1369 322 1547 364 debeat:
1581 323 1652 365 sed
1675 322 1710 364 si

262 380 306 420 in
331 381 424 436 ipso
443 379 514 420 illo
531 380 789 436 gladiatorio
814 379 913 421 vitae
934 381 975 410 6⁴
987 380 1235 429 certamine,
1267 394 1352 435 quo
1376 379 1488 421 ferro
1519 380 1711 422 decerni-

261 446 345 487 tur,
367 447 508 478 tamen
539 448 638 478 ante
668 451 948 493 congressum
982 437 1116 477 multa
1147 437 1270 488 fiunt,
1302 451 1400 492 quae
1434 432 1520 480 non
1543 437 1595 478 ad
1620 437 1714 479 vul-

259 509 355 546 nus,
378 495 449 536 sed
473 496 524 536 ad
550 495 734 550 speciem
763 494 898 535 valere
921 495 1170 536 videantur:
1203 505 1366 549 quanto
1390 494 1472 535 hoc
1495 494 1634 550 magis
1665 495 1709 536 in

261 554 458 593 oratione
489 552 844 608 exspectandum,
883 552 924 592 in
958 566 1044 606 qua
1074 554 1114 584 65
1128 567 1212 593 non
1246 553 1308 593 vis
1342 552 1502 608 potins,
1534 552 1606 594 sed
1636 551 1710 593 de-

263 610 437 651 lectatio
459 610 728 666 postulatur?
773 608 895 649 Nihil
917 619 981 649 est
1003 609 1188 665 denique
1216 610 1257 650 in
1284 620 1435 650 natura
1454 623 1594 650 rerum
1617 624 1711 651 om·-

261 669 397 717 nium,
416 668 530 723 quod
555 682 597 708 se
621 667 866 707 universum
891 666 1138 721 profundat,
1160 677 1203 707 et
1221 667 1337 722 quod
1362 676 1500 708 totum
1534 675 1710 723 repente

262 726 425 767 evolet:
458 725 569 765 GGsic
591 724 752 775 omnia,
774 739 872 779 quae
897 724 1022 774 fiunt,
1049 739 1232 780 quaeque
1268 735 1456 781 aguntur
1489 726 1709 775 acerrime,

173 783 496 824 3181enioribus
514 781 738 838 principiis
761 792 915 822 natura
937 781 1029 837 ipsa
1052 792 1300 837 praetexuit.

1364 782 1474 823 Haec
1496 792 1641 824 autem
1663 782 1708 823 in

261 841 445 881 dicendo
465 854 551 880 non
573 840 611 873 67
627 839 895 880 extrinsecus
929 839 1127 879 alicunde
1148 839 1394 894 quaerenda,
1428 840 1499 881 sed
1521 854 1575 881 ex
1604 839 1708 898 ipsis

262 898 498 938 visceribus
520 912 660 938 causae
693 896 901 937 sumenda
923 905 1036 937 sunt.
1059 896 1221 937 idcirco
1255 907 1346 937 tota
1377 912 1506 938 causa
1539 908 1709 953 perten-

261 965 352 996 tata
393 965 521 1009 atque
560 963 799 1010 perspecta,
840 953 947 995 locis
989 953 1190 994 omnibus
1230 954 1432 1004 inventis,
1474 963 1604 1010 atque
1643 955 1708 996 in-

262 1013 450 1063 structis,
472 1012 833 1053 considerandum
863 1019 942 1061 est,
961 1026 1048 1066 quo
1071 1012 1286 1067 principio
1311 1012 1366 1051 sit
1389 1012 1612 1053 utendum.
1645 1013 1707 1054 sic

778 1070 1012 1110 Sumentur
1032 1068 1146 1109 enim
1162 1083 1215 1109 ex
1237 1069 1287 1109 iis
1306 1069 1446 1119 rebus,
1463 1084 1560 1125 quae
1584 1080 1710 1111 erunt

259 1129 487 1169 uberrimae
512 1127 577 1168 vel
598 1127 642 1168 in
664 1126 945 1183 argumentis,
970 1125 1035 1167 vel
1056 1126 1099 1166 in
1120 1126 1170 1166 iis
1193 1127 1402 1182 partibus,
1418 1127 1470 1167 ad
1493 1141 1598 1182 quas
1615 1127 1709 1168 dixi

258 1186 434 1242 degredi
463 1199 578 1241 saepe
617 1194 832 1240 oportere.

895 1183 963 1224 Ita
997 1194 1042 1224 et
1073 1184 1283 1224 momenti
1313 1183 1476 1240 aliquid
1513 1183 1709 1236 afferent,

257 1258 356 1285 cum
379 1253 504 1284 erunt
533 1257 657 1300 paene
685 1256 740 1283 ex
775 1241 929 1282 intima
960 1241 1211 1282 defensione
1241 1242 1281 1272 68
1295 1241 1536 1297 depromta,
1558 1250 1602 1283 et
1633 1257 1709 1298 ap-

257 1303 428 1358 parebit
449 1315 499 1342 ea
512 1315 599 1341 non
614 1300 744 1341 modo
766 1313 853 1340 non
876 1313 968 1340 esse
989 1300 1253 1350 communia,
1268 1313 1347 1339 nec
1366 1299 1408 1339 in
1432 1298 1536 1340 alias
1559 1314 1708 1340 causas

259 1374 384 1415 posse
404 1358 640 1409 transferri,
664 1357 735 1398 sed
757 1357 929 1413 penitus
954 1371 1008 1396 ex
1027 1371 1079 1397 ea
1100 1372 1244 1407 causa,
1275 1371 1372 1411 quae
1411 1366 1502 1398 tum
1536 1367 1707 1413 agatur,

570 1415 713 1457 Omne
742 1424 886 1455 autem
923 1414 1185 1470 principium
1225 1423 1300 1455 aut
1333 1412 1393 1454 rei
1430 1414 1580 1465 totius,
1610 1429 1709 1470 quae

170 1486 426 1531 gsgoagetur,
469 1472 834 1530 significationem
875 1472 1032 1512 habere
1080 1471 1272 1522 debebit,
1314 1480 1390 1511 aut
1438 1472 1605 1513 aditum
1652 1472 1707 1514 ad

259 1548 432 1583 causam
451 1543 494 1574 et
517 1531 820 1581 munitionem,
842 1539 918 1570 aut
938 1529 978 1563 69
991 1529 1210 1584 quoddam
1241 1538 1542 1571 ornamentum
1573 1538 1617 1570 et
1643 1529 1709 1571 di-

299 1648 341 1678 64
362 1648 556 1683 certamine,
577 1655 638 1686 quo
640 1643 741 1685 ferro
755 1641 957 1681 decernitur]

256 1691 355 1731 ‚Quod
384 1690 501 1720 mallet
529 1689 692 1724 Peneius,
719 1689 813 1727 cujus
843 1687 960 1717 formae

256 1740 335 1763 sunt
355 1733 505 1773 exempla
537 1731 705 1771 quaedam:
729 1730 785 1760 sed
806 1729 882 1759 libri
912 1729 959 1760 nil

248 1776 381 1814 juvant.
407 1785 483 1805 nain
518 1774 589 1804 edd.
618 1773 772 1809 Victorii,
798 1772 958 1809 Ascensii,

255 1818 371 1858 Steph.
395 1818 478 1848 nibil
493 1818 546 1847 hic
566 1815 694 1846 valent:
719 1820 754 1845 et
769 1825 828 1845 nec
844 1824 958 1844 verum

255 1867 317 1898 est,
332 1871 385 1891 eas
401 1862 486 1901 quod
497 1860 634 1890 habere:
653 1857 715 1888 nisi
728 1858 752 1888 si
767 1857 960 1887 Victoriana

255 1913 318 1934 sec.
335 1906 379 1933 sic
394 1903 506 1939 habet,
520 1911 593 1941 quae
604 1910 671 1930 non
685 1901 779 1930 estin
793 1899 957 1930 manibus.

297 1946 338 1976 65
359 1956 423 1976 non
440 1947 486 1975 vis
501 1946 623 1985 potins,
637 1943 694 1973 sed
713 1943 842 1982 delech]
868 1942 961 1972 Inso-

256 1988 378 2019 lentius
394 1989 456 2019 hoc
468 1994 535 2018 est:
561 1988 672 2025 itaque
689 1986 840 2016 Pearcius
854 1995 872 2014 e
895 1986 960 2015 suis

255 2031 338 2062 Mss.
353 2037 387 2062 et
406 2030 625 2065 Gruterianis‚
649 2028 766 2068 quibus
791 2027 861 2058 Erl.
880 2037 959 2057 con-

255 2074 372 2112 sentit,
387 2074 476 2104 dedit
491 2083 591 2112 quam
605 2081 664 2111 pro
679 2071 743 2100 sed.
787 2071 911 2100 Verum
929 2069 961 2100 id

256 2122 308 2146 est
322 2127 339 2146 e
359 2116 563 2146 correctione
577 2114 778 2144 scribarum:
804 2113 876 2152 Ego
892 2121 961 2141 ma-

258 2158 316 2189 lim
326 2160 437 2198 potius
453 2158 572 2193 delere,
588 2156 675 2195 quud
689 2166 706 2185 e
721 2165 785 2184 non
807 2156 856 2185 vis
871 2155 960 2185 nasci

258 2201 380 2241 potuit.
427 2201 583 2231 Ceterum
596 2199 701 2229 oratio
715 2197 747 2228 h.
763 2197 785 2227 l.
809 2203 858 2227 est
873 2206 959 2237 pars,

258 2253 362 2282 genus
388 2243 561 2277 orationis,
587 2241 658 2271 scil.
681 2239 902 2277 exordiorum,
926 2240 960 2269 in

244 2287 375 2325 ‘quibus
389 2296 455 2316 non
466 2284 588 2321 vis,sed
600 2283 776 2313 delectatio
787 2283 959 2321 quaerstur,

257 2339 316 2368 per
341 2339 440 2368 quam
467 2327 634 2358 auditores
662 2324 883 2355 concilientur
913 2324 960 2355 di-

257 2372 358 2403 centi.

301 2414 342 2444 66
363 2414 409 2444 sic
423 2411 547 2452 omnia]
571 2411 650 2442 Non
662 2410 718 2441 hic
730 2418 779 2440 est
791 2419 961 2449 compara-

257 2457 319 2493 tio,
344 2464 383 2486 ut
405 2457 451 2486 sic
472 2456 582 2486 locum
605 2453 726 2483 habere
748 2452 847 2482 solito
863 2461 961 2481 sensu

257 2499 380 2538 possit:
404 2498 460 2528 sed
474 2498 691 2527 continuatur
707 2495 876 2536 proposita
889 2504 962 2524 sen-

257 2542 378 2577 tentia,
404 2539 664 2580 exprimiturque
691 2538 841 2578 positive,
870 2537 958 2576 quod

256 2583 382 2614 dietum
397 2588 469 2613 erat
491 2581 652 2621 negative.
697 2581 813 2619 Itaque
836 2579 959 2610 inteili-

257 2625 401 2665 gendum
425 2630 488 2660 est,
503 2625 594 2660 adeo,
613 2633 671 2663 pro
686 2633 752 2662 quo
767 2632 896 2662 quoque
914 2622 960 2652 sic

256 2674 292 2698 et
306 2670 355 2698 ila
369 2667 534 2697 dicuntur.
558 2666 646 2696 Nam
661 2666 823 2704 corrigere
837 2664 894 2695 sed
912 2664 961 2695 fa-

257 2711 320 2740 cile
340 2711 453 2745 fuerit,
477 2719 578 2748 eaque
600 2707 773 2738 commoda
794 2707 961 2737 sententia

257 2753 344 2783 foret
357 2765 363 2782 z
387 2752 442 2782 sed
455 2761 523 2781 non
536 2756 586 2780 est
600 2759 742 2780 necesse.

300 2796 340 2829 67
362 2796 563 2825 extrinsecus
585 2793 736 2822 alicunde
757 2790 958 2831 quoerenda.]

257 2838 402 2868 Aliunde
415 2837 536 2868 habent
552 2834 624 2866 edd.
638 2845 687 2874 pr.
699 2840 735 2865 et
745 2834 823 2864 Mss.
833 2843 959 2863 omnes.

258 2881 411 2910 alicunde
434 2878 562 2910 induxit
583 2877 698 2908 Aldus.
743 2875 962 2906 Extrinsecus

259 2928 294 2954 et
307 2923 442 2954 aliunde
447 2921 575 2962 jungit,
589 2919 645 2950 sed
659 2919 769 2956 aliter,
783 2919 898 2951 Cicero
921 2918 962 2949 ad

1005 1643 1081 1673 Div.
1092 1643 1135 1680 V,
1156 1645 1204 1673 13.
1221 1652 1298 1673 nam
1312 1641 1370 1672 illo
1384 1642 1418 1673 in
1431 1643 1505 1674 loco
1519 1646 1599 1674 sunt
1612 1653 1709 1684 syno-

1004 1695 1116 1725 nyma,
1133 1690 1168 1716 et
1177 1686 1217 1715 in
1232 1685 1366 1715 diversis
1381 1685 1496 1715 formis
1511 1684 1618 1716 dicta:
1643 1696 1708 1717 non

1003 1729 1138 1758 aliunde
1143 1728 1297 1768 pendere,
1310 1737 1368 1757 nec
1377 1728 1578 1758 extrinsecus
1590 1729 1710 1758 habere

1003 1780 1175 1811 suspensas
1189 1771 1333 1800 rationes
1348 1770 1425 1800 bene
1439 1771 1589 1810 makque
1600 1771 1711 1801 viver».

1003 1814 1046 1843 di.
1093 1813 1156 1844 Sed
1179 1813 1231 1843 hic
1258 1812 1380 1843 debent
1403 1813 1502 1843 verba
1527 1822 1624 1844 sensu
1646 1813 1710 1848 dif-

1001 1856 1104 1894 ferre3
1140 1855 1227 1895 quod
1250 1859 1365 1885 tamen
1390 1864 1459 1885 non
1484 1859 1545 1886 est.
1599 1855 1709 1895 Atque

1001 1898 1063 1929 hoc
1077 1903 1186 1928 motus
1198 1897 1328 1928 videtur
1342 1897 1442 1927 Aldus
1455 1898 1632 1928 correxisse
1641 1899 1705 1928 ali-

1003 1941 1126 1973 cundoe
1150 1941 1235 1970 sieut
1250 1945 1338 1970 recte
1353 1941 1515 1980 potuisset
1528 1940 1592 1970 dici
1605 1941 1708 1972 etiarn

1004 1985 1204 2014 ectr-insecus
1218 1983 1350 2012 alicubi.
1396 1982 1505 2022 Igitur
1518 1982 1559 2012 ad
1572 1991 1706 2014 sensum

1003 2027 1156 2056 alleunde
1171 2025 1287 2055 melius
1303 2028 1400 2062 esset,
1423 2025 1450 2055 si
1465 2024 1563 2055 modo
1578 2029 1709 2056 consta-

1006 2074 1055 2098 ret
1070 2069 1099 2099 id
1111 2078 1129 2097 e
1143 2068 1288 2104 genuino
1302 2067 1453 2107 exemplo
1465 2071 1626 2104 sumtum,
1641 2077 1708 2098 non

1004 2111 1045 2141 ab
1058 2110 1142 2141 Aido
1155 2111 1293 2145 factum,
1310 2109 1397 2149 quod
1410 2109 1507 2140 credo
1519 2121 1525 2139 :
1549 2109 1706 2150 valdeque

1004 2163 1129 2190 vereor,
1157 2162 1197 2183 ne
1223 2152 1359 2182 aliunde
1375 2162 1438 2192 ‘per
1460 2152 1602 2191 glossam
1618 2152 1708 2183 addi-

1003 2201 1076 2226 tum
1108 2197 1150 2235 τῷ
1177 2195 1377 2225 extrinsecus
1404 2194 1518 2231 fuerit,
1544 2198 1578 2225 et
1601 2195 1646 2225 sic
1673 2193 1709 2226 in

1003 2243 1199 2268 contextum
1211 2238 1348 2267 venerit.
1359 2236 1518 2267 Judieent
1531 2237 1706 2268 acutiores.

1046 2281 1086 2312 653
1121 2280 1630 2320 depromta—ea—commum'a]
1655 2280 1708 2312 Sic

1003 2333 1077 2353 cum
1102 2322 1235 2353 Pearcio
1258 2322 1418 2352 edidimus
1440 2331 1500 2361 pro
1523 2322 1707 2362 depromtoe.

1004 2364 1226 2405 Intelligenda
1249 2365 1338 2395 enim
1364 2369 1456 2401 sunt,
1477 2364 1638 2404 principia
1660 2364 1708 2395 di-

1004 2408 1112 2444 cendi,
1126 2407 1269 2438 exordia.
1315 2406 1473 2436 Confusio
1489 2411 1564 2437 orta
1577 2405 1707 2437 videtur

1005 2461 1024 2481 a
1041 2450 1245 2492 praecedente
1255 2450 1359 2481 verbo
1376 2449 1481 2480 rebus.
1517 2448 1706 2489 Depromta

1005 2493 1136 2533 quidem
1152 2492 1252 2522 habet
1261 2491 1358 2532 plane
1372 2491 1437 2522 Ms.
1454 2491 1493 2521 E.

1043 2537 1084 2568 69
1105 2534 1268 2575 quoddam
1289 2537 1520 2564 armamentum
1541 2536 1573 2563 et
1597 2533 1708 2572 digni-

1002 2578 1132 2617 tatem]
1169 2576 1361 2616 Suspicatus
1384 2586 1471 2612 sum,
1509 2575 1706 2606 Ciceronem

1002 2621 1166 2660 scripsisse
1175 2619 1220 2650 ad
1231 2619 1448 2657 dignitatem:
1472 2618 1520 2648 ita
1534 2619 1705 2648 venustius

1003 2662 1178 2703 respondet
1200 2660 1314 2701 priori,
1335 2661 1465 2691 aditum
1487 2659 1532 2690 ad
1552 2669 1707 2690 cumam.-

1002 2710 1037 2736 et
1053 2706 1138 2735 hanc
1152 2713 1210 2744 per
1225 2702 1369 2739 exordia,
1386 2703 1478 2733 velut
1492 2708 1705 2740 ornamenta,

1002 2748 1170 2778 conciliari
1180 2745 1324 2776 orationi
1333 2745 1406 2775 vult
1418 2745 1533 2776 Cicero
1546 2755 1622 2775 cum
1635 2745 1708 2776 aliis

1005 2790 1203 2826 rhetoribus,
1225 2789 1311 2818 sicut
1331 2793 1460 2818 ornatae
1480 2788 1565 2818 fores
1580 2787 1707 2818 addunt

1005 2832 1203 2871 dignitatem
1227 2830 1360 2861 aedibus.
1405 2830 1467 2861 Sed
1482 2836 1596 2860 tamen
1612 2829 1706 2860 video

1005 2875 1107 2905 etiam
1131 2883 1201 2904 orn.
1228 2878 1260 2907 et,
1287 2873 1485 2911 dignitatem
1510 2872 1706 2912 respondere

1005 2926 1098 2958 posse
1111 2917 1215 2947 verbis
1227 2916 1357 2947 aditum
1371 2920 1402 2946 et
1419 2915 1643 2947 munitionem.
