1945 3235
326 145 398 180 133
789 141 869 180 DE
897 142 1280 181 INVENTIONE

322 245 551 287 commoda
571 245 623 287 ad
652 247 958 303 rempublicam
982 247 1247 304 pervenisse3
1279 246 1313 287 is
1335 261 1421 290 non
1452 246 1676 301 intellexit,
1698 246 1757 292 in·

355 303 570 353 aratione,
591 304 790 360 exposito
814 319 981 360 genere,
1006 313 1169 360 partem
1199 317 1242 344 se
1261 305 1428 360 generis
1451 304 1743 348 admiscuisse.

325 318 439 401 giam
459 374 591 417 genus
610 372 687 412 est,
707 362 898 402 omnium
919 362 1118 401 nimirum
1137 359 1379 414 libidinum,
1393 361 1630 419 cupiditas:
1645 363 1744 418 'eJus

325 426 466 458 autem
487 418 651 474 generis
673 419 763 459 sine
784 418 915 458 dubio
935 432 1029 473 pars
1047 425 1113 458 est
1133 417 1324 459 avaritia.

262 485 312 520 33
385 474 484 516 Hoc
531 475 662 530 igitur
705 475 924 516 vitandum
967 483 1044 526 est,
1082 488 1150 525 ne,
1191 474 1314 529 cujus
1357 491 1491 532 genus
1538 476 1746 533 posueris,

327 532 467 588 69ejus
497 546 639 573 secum
671 531 871 586 aliquam,
899 532 1009 573 sicut
1041 531 1250 573 diversam
1281 547 1331 574 ac
1361 533 1624 584 dissimilem,
1646 545 1743 590 par-

326 599 408 630 tem
444 603 575 645 ponas
609 589 650 629 in
683 590 830 629 eadem
865 589 1109 644 partitione.
1170 588 1299 635 Quod
1330 589 1501 646 siquod
1535 590 1579 632 in
1611 603 1746 646 genus

324 646 463 703 plures
498 646 687 686 incident
719 655 874 702 parteS,
906 646 947 687 id
977 661 1075 687 cum
1106 646 1149 686 in
1184 646 1322 702 prima.
1351 647 1582 704 partitione
1603 661 1744 690 causae

322 704 403 745 erit
433 703 681 757 simpliciter
711 703 971 758 expositum,
1002 703 1281 744 distribuetur
1313 718 1364 746 eo
1399 714 1591 761 tempore
1627 718 1747 746 com·

322 760 583 809 modissime,
626 775 724 801 cum
753 761 806 801 ad
845 761 984 816 ipsum
1020 767 1193 801 ventum
1231 760 1312 801 erit
1353 761 1659 818 explicandum
1699 761 1747 803 in

322 832 460 858 causae
479 817 668 858 dictione
691 827 787 873 post
814 818 1103 873 partitionem.
1162 817 1306 873 Atque
1329 818 1430 860 illud
1453 833 1624 876 quoque
1649 832 1745 875 per·

322 874 430 914 tinet
454 874 505 914 ad
542 876 815 930 paucitatem,
838 888 890 915 ne
922 883 996 915 aut
1029 874 1163 930 plura,
1186 889 1314 931 quam
1346 876 1445 917 satis
1469 885 1546 928 est,
1568 876 1746 918 demon-

322 940 527 972 straturos
555 946 632 972 nos
661 931 867 981 dicamus,
896 931 980 972 hoc
1009 931 1163 972 modo:
1197 932 1434 984 ostendam,
1468 932 1747 984 adversarios,

320 989 435 1043 quod
468 989 700 1044 arguimus,
728 998 770 1028 et
805 989 992 1044 potuisse
1026 987 1180 1038 facere,
1203 997 1244 1029 et
1278 990 1474 1041 voluisse,
1496 1000 1541 1031 et
1569 990 1745 1032 fecisse:

320 1060 418 1086 nain
444 1045 593 1086 fecisse
625 1046 847 1087 ostendere
874 1045 974 1086 satis
996 1054 1084 1086 est:
1117 1053 1204 1096 aut,
1237 1060 1335 1086 cum
1357 1047 1400 1087 in
1422 1062 1550 1089 causa
1571 1047 1747 1104 partitio

320 1103 436 1143 nulla
466 1103 534 1152 sit,
565 1111 726 1144 etcum
761 1103 963 1158 quiddam
998 1102 1180 1158 simplex
1214 1111 1379 1158 agatur,
1409 1112 1552 1145 tamen
1577 1113 1748 1147 utamur

319 1159 646 1202 distributione:
672 1161 712 1202 id
727 1160 841 1215 quod
861 1174 1029 1215 perraro
1050 1168 1192 1216 potest
1212 1160 1419 1201 accidere.
1460 1160 1527 1203 Ac
1545 1170 1644 1203 sunt
1664 1161 1747 1202 alia

321 1232 492 1273 quoque
526 1228 742 1274 praecepta
780 1217 1074 1274 partitionum,
1097 1221 1246 1272 70quae
1276 1218 1328 1258 ad
1359 1217 1473 1259 hunc
1495 1233 1619 1260 usum
1651 1232 1746 1260 ora-

320 1275 478 1316 torium
500 1290 585 1316 non
609 1283 830 1331 tantopere
850 1275 1115 1330 pertineant3
1137 1289 1234 1329 quae
1254 1283 1474 1316 versantur
1491 1276 1535 1317 in
1557 1275 1748 1332 philoso-

319 1332 437 1389 phia,
456 1346 509 1374 ex
530 1333 685 1389 quibus
706 1332 799 1373 haec
823 1332 916 1388 ipsa
933 1331 1239 1381 transtulimus,
1261 1346 1358 1386 quae
1381 1333 1609 1374 convenire
1631 1333 1750 1375 vide·

319 1390 489 1440 bantur,
512 1404 694 1446 quorum
717 1389 823 1430 nihil
846 1390 888 1430 in
911 1388 1062 1430 ceteris
1084 1389 1246 1429 artibus
1269 1389 1606 1431 inveniebamus.
1666 1388 1748 1432 At·

319 1461 403 1501 que
434 1447 499 1487 his
529 1447 581 1488 de
616 1447 846 1504 partitione
878 1445 1121 1502 praeceptiS,
1151 1446 1194 1486 in
1227 1445 1344 1486 omni
1377 1446 1567 1489 dictione
1596 1448 1748 1489 merni-

318 1504 431 1544 nisse
451 1505 683 1560 oportebit,
703 1514 751 1545 ut
771 1513 815 1544 et
836 1503 974 1559 prima
991 1517 1174 1558 quaeque
1195 1517 1307 1558 parS,
1329 1511 1376 1544 ut
1397 1504 1596 1560 exposita
1615 1514 1680 1546 est
1701 1503 1746 1546 in

322 1561 568 1617 partitione,
600 1562 660 1603 sic
699 1561 848 1602 ordine
879 1561 1151 1617 transigatur,
1184 1568 1228 1601 et
1261 1560 1461 1602 omnibus
1503 1561 1745 1618 explicatis,

323 1627 566 1675 peroratum
585 1619 664 1670 sit3
695 1619 779 1660 hoe
800 1618 944 1669 modo,
967 1627 1016 1658 ut
1033 1632 1086 1658 ne
1108 1616 1210 1672 quid
1233 1618 1445 1672 posterius
1463 1627 1619 1674 praeter
1640 1633 1744 1660 con-

212 1695 243 1727 p.
259 1690 308 1719 50.
321 1675 555 1717 elusionem
578 1676 798 1717 inferatur.
860 1675 1051 1717 Partitur
1072 1674 1184 1730 apud
1218 1673 1467 1716 Terentium
1496 1676 1680 1718 breviter
1700 1684 1746 1717 et

277 1741 306 1761 ἃ·
319 1733 546 1775 commode
575 1747 705 1775 senex
728 1733 772 1774 in
793 1732 972 1784 Andria,
995 1746 1092 1788 quae
1114 1746 1376 1787 cognoscere
1396 1731 1599 1775 libertum
1621 1732 1747 1775 velit:

533 1808 590 1845 Eo
606 1813 729 1857 pacto,
745 1813 781 1844 et
796 1809 903 1855 gnati
920 1808 1047 1849 vitam,
1067 1810 1101 1842 et
1119 1806 1309 1842 consilium
1323 1817 1440 1842 meum

521 1861 729 1909 Cognosces,
748 1865 784 1896 et
798 1858 1020 1910 quidfacere
1037 1860 1075 1895 in
1095 1858 1162 1894 hac
1179 1870 1218 1894 re
1236 1862 1271 1894 te
1285 1858 1403 1896 velim.

315 1931 469 1989 Itaque
499 1927 863 1987 quemadmodum
892 1926 937 1968 in
966 1924 1198 1983 partitione
1230 1926 1471 1983 proposuit,
1493 1925 1555 1968 ita
1582 1933 1741 1978 narrat,

315 1990 501 2047 primum
524 1987 645 2044 gnati
668 1986 826 2027 vitam:

520 2062 617 2098 Nam
637 2063 666 2097 is
682 2065 877 2109 postquam
894 2059 1041 2094 excessit
1059 2070 1102 2093 ex
1119 2057 1274 2106 ephebis,
1294 2056 1414 2100 Sosia,

518 2113 683 2151 Liberius
701 2112 842 2148 vivendi
846 2110 930 2162 suit
938 2114 1114 2159 potestas.

318 2181 487 2226 Deinde
510 2194 634 2222 suum
656 2178 906 2221 consilium:

515 2250 567 2288 Et
584 2261 678 2285 nunc
694 2249 732 2284 id
750 2259 896 2296 operam
916 2247 973 2283 do.

310 2319 346 2350 ⁷1
362 2311 530 2356 Deinde
551 2311 655 2367 quid
678 2309 844 2351 Sosiam
863 2307 966 2349 velit
979 2306 1133 2359 facere,
1164 2307 1208 2350 id
1238 2307 1354 2364 quod
1383 2314 1648 2364 postremum
1669 2320 1749 2363 po-

317 2372 402 2413 suit
422 2371 465 2412 in
488 2368 733 2427 partitione,
758 2374 1022 2423 postremum
1044 2365 1177 2408 dicit:

519 2437 623 2475 Nunc
644 2441 744 2473 tuum
762 2440 813 2472 est
832 2434 1002 2484 officium.

347 2560 390 2603 89
405 2567 495 2608 Ejus
519 2574 626 2596 secum
652 2560 825 2602 aliquam]
854 2559 907 2590 Sic
933 2557 1009 2589 libri
1094 2559 1137 2591 70
1150 2556 1235 2598 ‚Quoe
1248 2555 1391 2587 adhunc
1402 2551 1527 2603 iesum]
1551 2551 1617 2583 Hic
1630 2550 1665 2584 in
1679 2559 1747 2583 una

308 2610 376 2643 {ere
390 2618 516 2645 omnes,
533 2611 651 2647 praeter
672 2605 752 2635 Mss.
768 2601 937 2638 Gronovii,
952 2600 1007 2640 qui
1052 2599 1341 2639 comprehensione
1360 2604 1530 2636 quinquies
1553 2598 1604 2626 est
1629 2601 1751 2640 prono-

305 2646 486 2687 habebant,
500 2650 579 2690 ejus,
591 2650 673 2678 sicut
686 2647 833 2686 utiquam
847 2644 1010 2674 diversam
1052 2650 1129 2672 men
1157 2640 1353 2677 relativum3
1390 2637 1477 2678 quod
1501 2646 1578 2686 sane
1612 2634 1750 2666 offendit

307 2703 348 2725 ac
359 2694 546 2725 dissimilem
555 2695 687 2731 partem
696 2703 706 2722 ,-
722 2698 819 2728 quam
831 2686 1008 2717 lectionem
1050 2690 1153 2716 aures:
1181 2683 1221 2713 In
1236 2682 1309 2713 loeo
1324 2679 1465 2711 secundo
1480 2682 1663 2720 suspicatus
1674 2685 1748 2726 sum

306 2737 374 2777 ipse
388 2741 423 2767 et
436 2736 542 2766 Graev.
566 2738 600 2764 ct
620 2731 704 2762 Oud.
726 2730 874 2771 probant.
920 2728 1006 2758 Con-
1049 2735 1117 2758 esse
1130 2723 1334 2755 scribendum
1346 2723 1411 2753 sed.
1457 2721 1612 2768 Cetei-nm
1634 2727 1747 2758 scripsi

306 2779 455 2808 sentiunt
485 2777 562 2807 Mss.
590 2774 698 2804 Guelf.
756 2771 797 2801 In
822 2771 885 2802 Ms.
915 2771 1003 2801 Cass.
1041 2769 1231 2810 pertineant
1252 2776 1271 2797 e
1288 2765 1367 2796 Mss.
1382 2763 1490 2794 Guelf.
1505 2769 1539 2793 et
1553 2773 1599 2793 mc
1611 2770 1680 2792 esse
1694 2759 1749 2790 de·

306 2821 396 2854 deest
408 2820 515 2850 sicuti.
550 2816 635 2849 Mihi
649 2814 771 2856 aliquid
784 2814 818 2843 in
833 2823 939 2844 seeum
953 2813 1001 2844 la-
1047 2814 1101 2843 bet
1116 2810 1150 2840 in
1165 2808 1307 2839 lectione
1321 2806 1466 2846 vulgata.

306 2869 375 2893 tere
389 2862 539 2899 videtum
563 2869 623 2890 nee
637 2857 772 2889 absurde
788 2856 999 2887 Beeichemus
1085 2856 1122 2887 71
1146 2850 1301 2890 Deinde]
1329 2849 1394 2879 Pro
1415 2849 1553 2888 posthoec
1575 2856 1594 2878 e
1608 2845 1688 2877 Mss.
1713 2848 1748 2875 et

306 2905 445 2944 conjecit
457 2904 611 2943 speeiem:
634 2900 720 2931 unde
737 2899 819 2930 niba
835 2898 983 2928 decemo.
1042 2896 1113 2927 edd.
1130 2903 1178 2935 pr.
1194 2902 1295 2932 usque
1311 2891 1352 2922 ad
1365 2890 1499 2921 A-ldum.
