1945 3235
555 102 735 141 LIBER
763 101 1092 139 SECUNDUS.
1453 107 1529 142 319

94 207 406 265 postliminium
429 222 542 249 esse:
574 206 681 248 nihil
703 204 754 246 ad
778 213 910 244 artem
929 205 1113 255 dicendi,
1137 219 1214 245 nec
1232 206 1281 247 ad
1303 220 1528 262 argumen-

97 274 140 306 ta
158 266 433 316 defensionis,
458 262 653 305 Mancini
678 275 830 303 nomen
857 261 1054 317 pertinet.
1115 260 1194 311 Ac,
1228 263 1258 302 si
1283 263 1384 316 quid
1407 264 1530 304 affert
1545 274 1617 308 133

95 334 302 378 praeterea
336 323 520 363 hominis
553 331 626 362 aut
657 319 861 374 dignitas,
888 327 961 358 aut
989 317 1238 372 indignitas,
1268 330 1389 359 extra
1412 335 1529 374 quae-

96 381 279 421 stionem
313 390 391 429 est,
422 382 492 419 5et
523 392 573 419 ea
603 388 745 418 tamen
775 376 867 431 ipsa
896 375 1032 415 oratio
1066 375 1118 414 ad
1148 375 1330 415 universi
1364 378 1530 431 generis

97 437 434 493 disputationem
458 435 662 476 referatur
685 447 856 474 necesse
877 442 955 472 est.
1012 431 1120 472 Haec
1143 447 1224 488 ego
1250 447 1331 471 non
1356 447 1406 472 eo
1429 448 1531 473 con-

99 495 192 535 silio
223 495 410 549 disputo,
445 502 488 532 ut
519 491 713 532 homines
743 490 932 530 eruditos
967 489 1239 543 redarguam:
1272 503 1531 544 quamquam

98 550 432 606 reprehendendi
462 558 574 598 sunt,
605 549 678 603 qui
703 548 744 587 in
769 561 922 602 genere
945 546 1188 587 definiendo
1212 547 1313 586 istas
1353 547 1531 587 b'causas

98 608 344 648 describunt
368 607 408 647 in
434 607 623 661 personis
646 614 689 645 et
712 605 753 644 in
779 603 1043 659 temporibus
1068 605 1228 658 positas
1253 617 1357 643 esse.
1420 604 1531 644 Nam
1548 609 1619 643 139

99 666 176 706 etsi
199 666 418 705 incurrunt
436 675 642 718 tempora,
661 672 704 702 et
724 675 931 717 personas,
952 670 1091 700 tamen
1112 660 1436 715 intelligendum
1455 669 1534 710 est,

99 737 184 762 non
207 736 259 761 ex
284 721 349 769 iis,
381 721 452 760 sed
475 734 527 760 ex
554 734 707 774 genere
729 718 979 773 quaestionis
1012 717 1196 773 pendere
1227 732 1390 757 causas.
1452 717 1535 758 Sed

99 778 182 819 hoc
203 777 310 818 nihil
333 778 382 818 ad
407 791 489 817 me.
550 777 726 817 Rullum
755 776 868 815 enim
899 776 1023 815 nobis
1046 778 1289 815 7certamen
1318 789 1416 815 cum
1444 776 1536 815 istis

100 849 190 876 esse
221 835 348 875 debet
376 844 565 875 tantum:
599 834 700 874 satis
733 842 796 873 est
830 832 1029 888 intelligi,
1064 845 1116 871 ne
1147 832 1229 872 hoc
1262 832 1434 886 quidem
1466 846 1537 872 eos

100 901 369 942 consecutOS,
398 892 511 946 quod
537 891 577 931 in
603 900 723 932 tanto
746 889 851 939 otio,
873 889 1001 930 etiam
1025 888 1114 929 sine
1139 890 1216 930 hac
1239 888 1398 929 forensi
1418 903 1538 929 exer-

99 949 321 999 citatione,
343 949 512 989 efficere
534 958 780 1003 potuerunt,
805 956 852 986 ut
882 960 1038 1002 genera
1072 960 1210 987 rerum
1235 946 1538 996 discernerent,

99 1021 233 1061 caque
267 1006 407 1062 paullo
448 1006 645 1047 subtilius
680 1004 961 1060 explicarent.
1022 1002 1182 1044 Verum
1217 1003 1298 1043 hoc
1329 1008 1395 1055 (ut
1427 1003 1538 1053 dixi)

101 1063 208 1104 nihil
238 1064 290 1104 ad
324 1077 405 1103 me.
469 1062 577 1103 Illud
610 1062 663 1103 ad
698 1076 778 1112 ine,
810 1075 859 1100 ac
884 1060 1018 1100 multo
1044 1061 1175 1101 etiam
1203 1061 1340 1116 magis
1373 1060 1425 1101 ad
1450 1075 1538 1110 vos,

103 1120 236 1162 Cotta
274 1131 415 1162 noster
449 1130 492 1160 et
522 1119 708 1175 Sulpici:
740 1117 958 1173 quomodo
995 1132 1108 1157 nunc
1142 1132 1185 1158 se
1218 1119 1397 1158 istorum
1429 1127 1539 1158 artes
1556 1123 1628 1155 140

103 1177 279 1228 habent,
311 1177 647 1234 pertimescenda
676 1185 739 1216 est
773 1174 1004 1215 multitudo
1039 1189 1286 1215 causarum:
1312 1177 1404 1214 8est
1425 1175 1541 1215 enim

103 1236 288 1285 infinita,
320 1235 418 1275 siin
451 1234 641 1290 personis
666 1232 862 1288 ponitur,
893 1241 1000 1285 quot
1033 1231 1243 1282 homines,
1278 1240 1343 1271 tot
1375 1246 1541 1273 causae:

105 1294 170 1333 sin
192 1294 241 1333 ad
264 1306 467 1348 generum
483 1291 698 1331 universas
717 1289 978 1344 quaestiones
998 1289 1260 1341 referuntur;
1284 1288 1343 1328 ita
1361 1289 1543 1329 modicae

105 1359 147 1390 et
172 1365 317 1405 paucae
342 1359 454 1399 sunt,
478 1358 524 1388 ut
547 1362 616 1388 eas
640 1361 802 1397 omnes,
830 1345 1073 1401 diligentes,
1093 1356 1135 1386 et
1164 1360 1389 1396 memores,
1412 1355 1454 1386 et
1477 1361 1545 1386 so-

107 1407 186 1447 brii
213 1418 400 1447 oratores
432 1420 650 1462 percursas
684 1404 842 1454 animo,
877 1406 966 1453 9et,
1000 1417 1133 1458 prope
1166 1404 1322 1452 dicam,
1344 1403 1545 1443 decanta-

106 1473 169 1504 tas
195 1464 349 1504 habere
370 1464 574 1504 debeant:
608 1461 687 1502 nisi
719 1461 829 1502 forte
853 1460 1126 1510 existimatis,
1154 1476 1178 1501 a
1202 1460 1266 1500 M’
1289 1459 1423 1500 Curio
1445 1476 1546 1501 cau-

107 1536 195 1561 sam
218 1521 418 1561 didicisse
442 1520 487 1560 L.
512 1520 728 1569 Crassum,
763 1521 800 1547 ¹0
813 1528 855 1557 et
877 1531 926 1557 ea
950 1532 991 1557 re
1016 1518 1147 1558 multa
1165 1517 1372 1568 attulisse,
1395 1532 1544 1571 quam-
1557 1526 1590 1556 b.

105 1578 269 1628 obrem,
302 1588 501 1633 postumo
532 1591 615 1617 non
645 1585 759 1626 nato,
795 1573 975 1615 Curium
1007 1584 1148 1615 tamen
1174 1574 1370 1615 heredem
1399 1574 1544 1630 Copo-

107 1635 169 1675 nii
198 1649 288 1675 esse
310 1642 541 1690 oporteret.
603 1633 724 1674 Nihil
745 1632 797 1673 ad
821 1633 990 1687 copiam
1013 1642 1378 1687 argumentorum,
1411 1646 1546 1686 neque
1562 1639 1629 1672 141

107 1692 160 1732 acl
193 1706 333 1732 causae
369 1693 470 1742 vim,
502 1706 550 1731 ac
591 1700 784 1730 naturam
823 1703 977 1729 nomen
1018 1689 1222 1744 Coponii,
1258 1691 1377 1729 llaut
1411 1688 1547 1739 Curii,

108 1748 330 1804 pertinuit.
392 1748 443 1788 In
472 1762 626 1803 genere
658 1757 748 1788 erat
776 1746 974 1786 universo
1005 1747 1063 1786 rei
1100 1746 1364 1802 negotiique,
1397 1760 1481 1786 non
1506 1746 1548 1786 in

110 1816 302 1861 tempore
323 1820 372 1845 ac
397 1805 705 1854 wnounnibus,
728 1803 866 1844 omnis
887 1805 1095 1858 quaestio:
1130 1803 1242 1844 Cum
1263 1803 1470 1858 scriptum
1490 1803 1551 1843 ita

152 1920 170 1948 5
192 1922 223 1948 et
237 1928 274 1948 ea
286 1918 355 1957 ipsa
371 1916 488 1956 oratio]
514 1917 551 1946 Id
565 1923 614 1947 est
627 1916 806 1956 eleganter,

109 1970 180 2001 pro,
197 1971 235 1990 ea
250 1961 318 2000 ipsa
333 1969 407 2000 pars
420 1959 589 1995 orationis,
606 1969 678 1998 quae
693 1959 743 1988 vel
761 1958 808 1987 di-

109 2003 271 2042 gnitatem
282 2002 333 2032 vel
346 2001 577 2041 indignitatem
590 2002 805 2036 demonstret,

111 2046 177 2074 sive
187 2054 259 2083 quae
269 2043 432 2074 diciturde
443 2044 474 2073 d.
482 2043 532 2073 vel
540 2043 605 2073 ind.
625 2043 735 2082 ltaque
744 2052 810 2072 non

110 2087 271 2126 corrigam
294 2096 368 2116 cum
386 2086 516 2115 Pearcio
540 2088 696 2121 oratione,
721 2085 808 2124 qnod

112 2129 145 2158 in
157 2129 234 2159 Mss.
250 2128 374 2158 duobus
391 2129 522 2167 reperit,
534 2134 644 2166 estque
655 2128 731 2157 etin
742 2126 810 2157 Erl.

154 2172 174 2201 6
196 2180 312 2201 causas
326 2171 508 2200 describunt
524 2170 596 2209 &c.]
632 2170 810 2209 Eleganter

113 2212 188 2249 hoc,
212 2222 284 2253 pru,
309 2212 435 2248 dicunt,
454 2212 589 2242 docent:
614 2213 691 2250 quia
707 2221 811 2251 respe-

113 2262 186 2285 ctus
201 2260 249 2285 est
265 2255 304 2284 ad
319 2254 597 2290 distributionem,
621 2254 659 2283 de
682 2264 745 2292 qua
760 2254 809 2283 de-

113 2298 251 2327 scribere
265 2296 434 2336 eleganter
448 2296 579 2326 dicitur.
597 2307 627 2325 v.
644 2295 735 2326 Clav.

156 2343 173 2372 7
197 2344 361 2369 certamen
375 2348 447 2368 cum
462 2339 484 2368 ἑ.
499 2348 527 2368 e.
545 2339 576 2368 d.
591 2342 738 2368 tantum:
762 2348 815 2367 sa-

117 2382 159 2411 tis
173 2392 200 2412 e.
217 2381 253 2420 i.]
302 2382 353 2411 Sic
368 2379 589 2410 distinximus.
635 2380 672 2409 In
691 2379 814 2418 xulgari

116 2423 396 2463 interpunctione,
433 2426 563 2452 tantum
601 2423 816 2459 conjungitur

119 2475 193 2495 cum
218 2466 309 2500 satis,
340 2465 519 2505 perinepte.
548 2464 814 2503 conjungendum

118 2513 167 2537 est
182 2517 256 2536 cum
271 2512 436 2537 certamen
460 2511 605 2543 tantum,
622 2516 666 2536 sc.
683 2511 721 2535 ut
737 2507 815 2535 istos

120 2548 263 2579 eruditos
277 2549 425 2578 homines
443 2549 633 2588 redarguere
649 2548 759 2578 velim.

164 2593 182 2620 8
205 2595 250 2620 est
275 2592 360 2620 enim
388 2591 532 2630 infinita,
560 2592 587 2620 si
615 2590 650 2619 in
671 2591 818 2629 personis

117 2632 266 2672 ponitur]
303 2633 356 2662 Sic
382 2632 444 2662 ista
469 2638 546 2662 sunt
577 2632 816 2671 conjungenda.

118 2674 252 2712 ponitur
280 2674 340 2703 int.
363 2684 476 2711 causa3
507 2675 568 2704 nisi
597 2674 738 2712 corrigas
761 2684 819 2714 po-

121 2721 260 2752 namur,
276 2717 350 2754 quia
367 2721 400 2745 et
417 2717 449 2745 in
463 2715 568 2746 altero
584 2717 730 2746 membro
745 2716 818 2756 plu-

123 2757 198 2787 ralis
221 2763 282 2794 est,
298 2757 500 2796 referuntur.
523 2764 595 2788 tum
616 2758 665 2788 his
688 2758 818 2797 elegan-

121 2804 173 2829 ter
187 2800 373 2837 subjicitur:
391 2804 464 2839 quot
477 2801 629 2837 hominem,
645 2804 690 2829 {ot
702 2809 818 2835 caus-(P,

121 2850 163 2872 sc.
178 2849 288 2872 erunt.
314 2841 455 2882 Vulgata
469 2841 637 2873 distinctio
648 2843 820 2882 perinepta

851 1920 901 1946 est
914 1928 919 1945 :
946 1916 1122 1946 multitudo
1134 1926 1312 1946 causarum
1324 1917 1552 1955 pertimescen-

851 1959 893 1988 da
911 1963 972 1988 est:
995 1963 1041 1988 est
1055 1960 1139 1988 enim
1157 1959 1297 1998 infinita.
1330 1959 1372 1988 At
1390 1959 1451 1988 hoc
1465 1968 1552 1997 quae-

852 2002 997 2035 rebatur,
1013 2007 1046 2030 et
1060 2007 1129 2030 erat
1143 2000 1447 2030 demonstrandum.
1473 2001 1552 2030 Mox

853 2042 924 2072 dedi
940 2053 993 2073 eas
1009 2053 1127 2078 omnm,
1144 2053 1202 2082 pro
1216 2053 1324 2073 omnes
1339 2053 1409 2075 ects‚·
1432 2048 1470 2072 ut
1480 2044 1551 2083 jam

853 2085 908 2114 alii
921 2097 927 2114 z
939 2091 1002 2115 -est
1017 2086 1106 2114 enim
1122 2085 1237 2115 lenius.

895 2132 914 2160 9
938 2131 980 2163 et,
999 2137 1100 2166 prope
1122 2127 1241 2162 (licam,
1267 2127 1347 2166 dea]
1374 2126 1490 2157 Addidi
1505 2128 1553 2156 di-

853 2179 925 2198 cam
943 2180 960 2199 e
977 2169 1039 2198 ΜΞ.
1057 2170 1158 2198 Gron.
1173 2175 1204 2199 et
1223 2170 1257 2199 E.
1274 2170 1353 2199 adeo
1369 2170 1554 2200 Ciceronia-

855 2221 933 2241 num
950 2218 1010 2240 est.
1049 2212 1082 2241 Si
1099 2211 1251 2241 voluisset
1269 2211 1382 2241 Cicero
1403 2212 1554 2241 adverbio

855 2254 917 2289 uti,
942 2253 1074 2283 dixieset
1098 2255 1202 2292 quasi.
1225 2263 1323 2293 supra
1338 2255 1411 2292 jam
1429 2254 1489 2284 hoc
1508 2264 1555 2284 re·

856 2295 1025 2325 stituimus
1041 2296 1201 2326 Ciceroni.

905 2341 940 2367 10
963 2343 992 2367 εἰ
1016 2348 1055 2367 ecc
1079 2347 1114 2366 re
1137 2348 1179 2368 m.
1205 2338 1251 2377 ω]
1283 2338 1403 2367 Sensus
1426 2342 1495 2367 est:
1522 2341 1555 2367 et

858 2379 935 2409 hinc
964 2381 1123 2420 accepisse
1149 2380 1206 2410 illa
1234 2380 1352 2415 multa,
1376 2389 1448 2418 quae
1476 2379 1558 2409 dixit

860 2423 919 2452 dcc.
939 2431 997 2451 nec
1013 2432 1095 2461 opus
1111 2426 1160 2450 cst
1177 2422 1389 2451 correctione.

906 2467 936 2493 ll
964 2469 1024 2494 aut
1042 2464 1146 2503 C‘urz’i]
1166 2465 1227 2493 Pro
1241 2474 1281 2494 αι·
1300 2464 1332 2494 C.
1345 2464 1423 2493 Mss.
1436 2468 1470 2493 et
1485 2463 1557 2493 edd.

859 2510 940 2536 vett.

906 2550 940 2579 12
963 2547 1157 2583 nominibus,
1181 2549 1284 2577 omnis
1301 2548 1449 2587 quoestio:
1478 2546 1558 2577 Cum

858 2591 906 2619 ita
929 2589 1006 2627 sen]
1042 2589 1105 2618 Hic
1128 2599 1237 2619 rursus
1254 2591 1369 2619 vitiosa
1383 2596 1430 2619 est
1447 2590 1559 2629 vulga-

859 2638 894 2661 ta
916 2631 1153 2671 interpunctio,
1176 2642 1305 2662 comma
1327 2631 1423 2661 niodo
1438 2631 1560 2661 habens

861 2678 935 2713 post
949 2675 1078 2712 quoestio
1089 2686 1098 2702 :
1121 2675 1206 2704 unde
1221 2681 1330 2704 cetera
1345 2675 1429 2703 fiunt
1445 2675 1561 2702 vitiosa

861 2716 1074 2754 temporibus.
1101 2714 1231 2746 deberet
1260 2716 1347 2746 enim
1376 2725 1458 2745 esse:
1483 2717 1560 2744 scri-

856 2763 952 2797 ptum
969 2762 1047 2787 esset
1063 2759 1122 2787 &a
1149 2758 1254 2787 lnnno
1278 2759 1309 2787 in
1326 2768 1411 2796 seqq.
1428 2758 1561 2797 exponi-

862 2805 918 2829 tur
938 2799 1062 2829 factum
1086 2803 1120 2829 et
1143 2801 1280 2839 quaestio
1304 2810 1320 2828 e
1341 2800 1441 2835 farem,
1464 2807 1497 2829 et
1513 2806 1561 2830 est

863 2842 996 2872 initium
1012 2851 1104 2872 novae
1119 2843 1302 2872 sententiae.
