1945 3235
726 139 761 177 B
772 140 810 178 R
821 140 903 178 UT
915 141 951 179 U
963 141 999 179 S.
1505 148 1582 184 469

140 241 401 296 urbanitate,
431 258 558 286 nemo
587 243 747 301 lepore,
776 258 904 285 nemo
938 243 1149 284 suavitate
1178 245 1407 289 conditior.
1467 247 1580 290 Sunt

141 299 236 354 ejus
266 301 431 357 aliquot
455 302 685 353 orationes,
710 317 765 343 ex
787 302 958 357 quibuS,
982 301 1093 341 sicut
1114 314 1169 341 ex
1200 302 1391 357 ejusdem
1415 312 1578 362 tragoe-

140 356 239 408 diis,
261 358 413 400 lenitas
433 359 526 415 ejus
557 359 649 400 sine
669 359 810 400 nervis
840 358 1025 414 perspici
1057 367 1215 414 potest.
1277 358 1382 415 Ejus
1401 363 1579 418 aequalis
1593 368 1666 407 178

141 411 194 455 Ρ.
216 414 452 473 Cethegus,
473 417 542 457 cui
566 417 618 458 de
640 415 860 473 republica
881 416 982 456 satis
1010 416 1316 472 suppeditabat
1337 419 1490 459 oratio.
1514 430 1580 461 to-

137 479 227 513 tam
260 473 376 514 enim
407 475 581 515 tenebat
610 488 718 525 eam,
743 473 998 529 penitusque
1019 485 1244 530 cognorat.
1276 474 1422 530 itaque
1451 476 1494 516 in
1517 492 1580 518 se-

137 539 243 570 natu
265 531 553 572 consularium
584 531 885 572 auctoritatem
917 532 1244 586 assequebatur:
1278 533 1350 573 sed
1377 532 1423 573 in
1441 535 1581 574 causis

141 587 326 642 publicis
359 589 478 640 nihil,
510 587 552 628 in
587 589 765 643 privatis
799 589 901 629 satis
927 598 1143 630 veterator
1176 589 1414 631 videbatur.
1476 588 1581 632 Erat

136 644 183 685 in
206 645 382 701 privatis
407 645 544 686 causis
569 645 625 691 Q.
651 645 876 686 Lucretius
899 645 1097 702 Vispillo,
1120 655 1163 687 et
1184 656 1351 699 acutus,
1380 656 1423 688 et
1447 647 1582 702 juris-

137 702 315 757 peritus.
347 717 447 743 nain
477 702 669 758 Aphilia,
702 704 845 759 aptior
880 704 1179 755 concionibus,
1221 720 1350 760 quam
1384 705 1580 760 judiciis.

137 759 324 814 prudens
353 759 483 800 etiam
512 759 562 801 T.
586 760 755 801 Annius
779 760 946 812 Velina,
968 771 1012 801 et
1041 760 1084 801 in
1117 762 1211 817 ejus
1237 763 1405 818 generis
1441 763 1580 804 causis

135 825 281 857 orator
299 831 399 858 sane
422 818 669 859 tolerabilis.
731 818 781 859 In
802 818 952 859 eodem
976 832 1132 875 genere
1145 834 1372 860 causarum
1396 820 1581 862 multum

133 882 225 914 erat
256 873 307 915 Τ.
328 874 575 927 Juventius,
606 875 734 917 nimis
763 875 832 916 ille
864 875 1039 931 quidem
1070 877 1208 917 lentus
1239 876 1282 917 in
1315 877 1514 930 dicendo,
1536 888 1580 919 et

133 945 260 986 paene
298 931 507 989 frigidus:
540 933 612 974 sed
645 943 688 974 et
719 933 911 984 callidus,
942 944 986 974 et
1016 935 1059 974 in
1092 934 1304 991 capiendo
1334 935 1577 977 adversario

133 998 345 1040 versutus,
368 1000 411 1031 et
437 1000 646 1046 praeterea
668 1006 745 1033 nec
770 991 986 1043 indoctus,
1010 1002 1054 1032 et
1076 1006 1234 1048 magna
1266 1007 1363 1033 cum
1381 993 1494 1048 juris
1516 994 1577 1034 ci-

130 1046 227 1087 vilis
261 1048 562 1104 intelligentia.
613 1048 750 1105 Cujus
780 1049 951 1089 auditor
974 1048 1025 1089 P.
1049 1048 1225 1101 Orbius,
1249 1064 1366 1091 meus
1399 1050 1488 1091 fere
1521 1064 1578 1092 ae·
1595 1057 1667 1097 179

128 1104 282 1159 qualis,
298 1106 340 1146 in
364 1106 547 1148 dicendo
580 1121 667 1147 non
699 1107 826 1148 nimis
854 1106 1131 1159 exercitatus,
1155 1107 1198 1147 in
1224 1107 1324 1162 jure
1346 1118 1490 1149 antem
1518 1109 1578 1150 ci-

131 1161 206 1203 vili
236 1177 323 1204 ηοη
357 1164 548 1215 inferior,
571 1179 700 1219 quam
731 1164 941 1220 magister
972 1164 1070 1205 fuit.
1140 1164 1255 1205 Nam
1288 1164 1339 1207 T.
1364 1165 1578 1218 Aufidius,

130 1219 206 1275 qui
227 1221 339 1262 vixit
369 1222 423 1263 ad
454 1236 665 1262 summam
697 1230 977 1272 senectutem,
1002 1222 1175 1263 volebat
1197 1237 1289 1263 esse
1319 1223 1469 1264 similis
1500 1224 1577 1265 ho-

129 1292 240 1329 rum,
263 1289 438 1335 eratque
459 1288 502 1320 et
524 1280 661 1321 bonus
685 1279 762 1330 vir,
785 1289 828 1320 et
857 1280 1078 1330 innocens,
1102 1281 1173 1321 sed
1205 1281 1379 1321 dicebat
1410 1295 1577 1337 parum.

131 1335 227 1377 Nec
251 1351 350 1377 sane
384 1337 478 1393 plus
502 1336 632 1378 frater
662 1336 755 1391 ejus
780 1336 848 1378 M.
875 1336 1096 1393 Virgilius,
1120 1338 1193 1392 qui
1216 1338 1414 1379 tribunus
1438 1338 1577 1394 plebis

133 1392 183 1434 L.
207 1393 336 1435 Sullae
369 1394 617 1450 imperatori
648 1395 762 1435 diem
785 1394 912 1435 dixit.
976 1393 1082 1450 Ejus
1114 1395 1282 1452 collega
1306 1395 1356 1436 P.
1383 1395 1576 1453 Magius,

130 1450 176 1492 in
197 1451 380 1493 dicendo
401 1452 546 1508 paullo
569 1461 712 1493 tamen
735 1452 968 1508 copiosior.
1016 1453 1100 1494 Sed
1123 1454 1316 1494 omniurn
1341 1464 1576 1506 oratorum,
1592 1466 1667 1500 180

130 1508 221 1550 sive
241 1509 500 1561 tabularum,
532 1511 606 1566 qui
637 1522 680 1551 et
711 1510 837 1565 plane
864 1510 1044 1561 indocti,
1067 1519 1141 1551 aut
1163 1510 1380 1562 inurbani,
1411 1521 1485 1552 aut
1507 1526 1578 1553 ru-

129 1566 230 1608 stici
262 1567 394 1609 etiam
416 1567 604 1619 fuerunt,
635 1582 743 1623 quos
774 1567 949 1622 quidem
981 1582 1064 1624 ego
1087 1569 1384 1624 cognoverim,
1408 1569 1581 1610 solutis-

134 1624 291 1666 simum
328 1625 372 1667 in
413 1625 597 1666 dicendo
632 1635 676 1666 et
714 1625 1010 1666 acutissimum
1040 1625 1210 1681 judico,
1247 1626 1382 1666 nostri
1416 1626 1580 1668 ordinis

129 1681 188 1728 Q.
209 1682 461 1735 Sertorium,
484 1683 692 1739 equestris
717 1682 769 1724 C.
788 1682 1080 1739 Gorgonium.
1143 1683 1244 1724 Fuit
1265 1684 1397 1724 etiam
1420 1683 1579 1736 facilis,

125 1750 173 1780 et
194 1741 422 1797 expeditus
452 1741 505 1782 ad
537 1741 783 1792 dicendum,
805 1749 848 1781 et
878 1741 979 1782 vitae
1013 1741 1240 1797 splendore
1269 1740 1422 1792 multo,
1449 1752 1493 1782 et
1511 1742 1578 1782 in·-

128 1797 259 1853 genio
285 1813 386 1840 sane
417 1799 646 1855 probabili,
667 1798 718 1840 T.
737 1798 910 1849 Junius,
935 1797 983 1839 L.
1008 1798 1057 1839 F.
1082 1798 1356 1849 tribunicius,
1387 1813 1474 1854 quo
1505 1814 1577 1842 ac-

120 1864 302 1897 cusante
325 1856 376 1898 P.
400 1857 591 1908 Sextius,
613 1867 771 1913 praetor
803 1856 1070 1912 designatus,
1094 1856 1322 1897 damnatus
1345 1865 1411 1896 est
1436 1858 1576 1898 ambi-

127 1921 212 1954 tus.
243 1913 278 1955 is
312 1915 590 1970 processisset
624 1914 859 1956 honoribus
890 1914 1078 1970 longius,
1100 1913 1181 1954 nisi
1215 1927 1382 1970 semper
1405 1914 1576 1956 infirma

127 1978 258 2027 atque
279 1973 409 2014 etiam
430 1988 547 2030 aegra
570 1972 806 2014 valitudine
831 1972 996 2012 fuisset.

183 2027 329 2085 Atque
361 2046 442 2088 ego
475 2030 679 2087 praeclare
700 2029 911 2086 intelligo,
934 2044 1002 2070 me
1026 2029 1068 2070 in
1090 2043 1238 2071 eorum
1260 2043 1573 2073 commemora-
1585 2033 1659 2090 49

126 2086 246 2129 tione
271 2089 444 2141 versari,
467 2088 540 2145 qui
577 2102 656 2129 nec
686 2088 825 2128 habiti
859 2087 944 2127 sint
978 2096 1184 2138 oratoreS,
1221 2101 1362 2142 neque
1396 2087 1659 2141 fuerint,131

124 2146 422 2203 praeteririque
455 2162 480 2187 a
513 2160 580 2187 me
612 2145 778 2201 aliquot
810 2159 863 2186 ex
895 2145 1126 2196 veteribus,
1157 2146 1573 2193 commemoratione

122 2211 202 2243 aut
231 2204 356 2245 laude
386 2204 564 2261 dignos:
598 2204 670 2245 sed
693 2204 776 2244 hoc
799 2203 974 2258 quidem
1006 2203 1295 2259 ignoratione.
1328 2203 1430 2258 quid
1455 2203 1570 2244 enim

126 2269 192 2300 est
222 2262 451 2318 superioris
485 2261 641 2313 aetatis,
672 2261 788 2316 quod
820 2261 948 2302 scribi
981 2261 1118 2316 possit
1149 2260 1201 2302 de
1233 2261 1299 2311 iis,
1329 2262 1382 2301 de
1413 2260 1570 2315 quibus

126 2318 244 2359 nulla
285 2329 566 2361 monumenta
607 2319 855 2374 loquuntur,
887 2332 966 2359 nec
1009 2318 1206 2368 aliorum,
1241 2332 1318 2358 nec
1349 2318 1571 2373 ipsorum?

128 2374 198 2418 De
220 2377 270 2417 iis
293 2387 452 2429 autem,
475 2391 582 2432 quos
605 2377 686 2432 ipsi
718 2376 919 2427 vidimus,
942 2376 1158 2416 neminem
1191 2375 1279 2416 fere
1312 2375 1571 2431 praetermit-

125 2434 256 2475 timus
277 2449 442 2486 eorum,
459 2449 566 2490 quos
589 2433 819 2490 aliquando
841 2433 1032 2474 dicentes
1058 2433 1256 2474 vidimus.
1325 2431 1432 2473 Volo
1453 2432 1658 2473 enim182

126 2491 241 2542 sciri,
271 2492 314 2533 in
348 2502 468 2534 tanta
502 2501 545 2532 et
578 2502 667 2532 tam
705 2500 848 2532 vetere
886 2491 1107 2547 republica
1144 2489 1347 2531 maximis
1379 2490 1569 2545 praemiis
1583 2496 1613 2526 P·
1633 2488 1702 2518 ¹²¹1

121 2548 383 2605 eloquentiae
413 2549 661 2607 propositis,
692 2563 840 2589 omnes
872 2549 1042 2604 cupisse
1071 2548 1228 2598 dicere,
1252 2562 1338 2588 non
1361 2547 1569 2604 plurimos
1582 2540 1612 2561 a.

124 2621 251 2648 ausos
273 2622 378 2660 esse,
401 2608 592 2665 potuisse
616 2621 791 2663 paucos.
854 2605 950 2661 Ego
982 2616 1127 2646 tamen
1149 2605 1210 2645 ita
1231 2605 1283 2646 de
1306 2619 1569 2660 unoquoque

122 2664 279 2716 dicam,
296 2675 344 2706 ut
360 2665 540 2722 intelligi
565 2665 716 2721 possit,
729 2678 856 2720 quem
873 2663 1118 2704 existimem
1131 2662 1422 2714 clamatorem,
1439 2677 1568 2718 quem

121 2733 340 2764 oratorem
362 2722 507 2765 fuisse.
569 2722 729 2764 lisdem
759 2721 846 2762 fere
881 2721 1163 2777 temporibus,
1186 2730 1314 2761 aetate
1343 2720 1568 2761 inferiores

122 2780 282 2837 paullo,
323 2795 451 2836 quam
489 2780 647 2831 Julius,
688 2779 762 2820 sed
804 2778 989 2834 aequales
1034 2778 1349 2834 propemodum
1395 2776 1570 2836 fuerunt

129 2837 183 2879 C.
207 2837 353 2889 Cotta,
387 2837 436 2880 P.
469 2838 699 2894 Sulpicius,
724 2837 780 2884 Q.
801 2836 970 2887 Varius,
993 2835 1076 2878 Cn.
1101 2835 1385 2893 Pomponius,
1410 2834 1462 2876 C.
1482 2833 1571 2886 Cu?

329 2894 331 2897 ⁴
816 2909 842 2935 u
871 2893 944 2934 br3
