1945 3235
673 117 863 156 LIBER
889 116 1133 155 PRIMUS.
1550 120 1640 160 ²47⁴

174 238 334 280 augere
356 233 502 281 posset
523 231 651 279 atque
672 235 840 272 ornare,
872 234 969 276 quae
994 219 1135 271 vellet,
1168 233 1403 275 omnesque
1428 220 1626 262 omnium

177 296 333 332 rerum,
365 297 462 338 quae
485 281 538 322 ad
560 280 791 321 dicendum
823 278 1103 333 pertinerent,
1137 277 1278 317 fontes
1301 280 1447 318 animo
1469 293 1519 319 ac
1538 292 1628 319 me-

177 340 316 379 moria
337 340 597 381 contineret.
657 336 708 378 Id
732 336 764 377 si
787 346 852 376 est
872 335 1049 376 difficile
1071 334 1213 384 nobis,
1244 334 1319 389 qui
1349 345 1463 384 ante,
1495 350 1626 391 quam

174 397 226 437 ad
250 397 501 438 discendum
525 395 706 451 ingressi
730 407 891 442 summ,
923 392 1147 433 obruimur
1174 391 1414 432 ambitione
1441 402 1483 432 et
1506 392 1624 444 foro;

175 454 232 494 sit
254 464 397 495 tamen
416 454 460 493 in
484 467 527 493 re
549 453 738 508 positum
762 459 892 505 atque
912 459 1080 490 natura.
1141 447 1237 506 Ego
1259 448 1391 498 enim,
1412 457 1685 503 quantum-95

169 525 357 567 auguror
378 510 644 565 conjectura,
666 517 913 563 quantaque
931 507 1108 563 ingenia
1131 508 1176 547 in
1193 506 1348 547 nostris
1373 506 1623 547 hominibus

174 582 266 612 esse
301 568 440 617 video,
472 581 560 607 non
601 566 798 621 despero,
830 566 922 605 fore
960 565 1146 620 aliquem
1185 563 1432 619 aliquando,
1463 564 1537 619 qui
1579 572 1624 604 et

173 626 316 667 studio
349 626 527 674 acriore,
559 637 687 678 quam
722 637 801 663 nos
835 636 996 672 sumus,
1028 632 1157 677 atque
1189 621 1366 672 fuimus,
1388 630 1432 661 et
1459 621 1550 662 otio
1573 627 1736 665 acio-92·

172 682 378 724 facultate
397 679 592 722 'discendi
616 679 780 736 majore
802 694 851 720 ae
874 679 1123 729 maturiore,
1154 689 1198 719 et
1231 679 1377 719 labore
1405 687 1536 734 atque
1557 678 1623 719 in-
1635 677 1667 698 ὃ·

172 740 336 781 dustria
357 738 589 795 superiore,
612 753 711 779 cum
735 751 779 777 se
800 737 854 778 ad
873 737 1150 787 audiendum,
1168 735 1414 791 legendum,
1435 736 1627 777 scriben-

173 798 362 852 dumque
384 796 610 845 dediderit,
652 796 814 836 existat
842 793 939 836 talis
972 804 1132 845 orator,
1164 793 1333 849 qualem
1367 795 1626 848 quaerimus:

171 855 246 910 qui
261 855 361 910 jure
385 868 470 894 non
495 853 633 893 solum
655 853 854 903 disertus,
887 852 960 893 sed
982 853 1112 893 etiam
1131 851 1335 906 eloquens
1358 851 1442 892 dici
1465 852 1625 907 possit:

169 911 243 967 qui
265 922 422 962 tamen,
440 925 536 951 mea
555 911 782 961 sententia,
801 920 875 951 aut
894 909 965 950 hie
979 910 1144 965 estjam
1163 908 1357 960 Crassus,
1377 918 1465 959 aut,
1482 910 1512 950 si
1528 908 1625 965 quis

168 969 262 1025 pari
284 969 415 1010 fuerit
437 968 629 1024 ingenio,
653 968 859 1024 pluraque
881 982 1006 1022 quam
1032 967 1119 1017 hic,
1142 976 1185 1007 et
1207 967 1406 1017 audierit,
1437 976 1481 1007 et
1503 967 1625 1008 lecti-

170 1027 286 1077 tarit,
308 1037 351 1067 et
373 1026 607 1082 scripserit,
631 1025 818 1081 paullum
845 1025 946 1065 huic
968 1025 1130 1080 aliquid
1154 1025 1314 1080 poterit
1335 1024 1507 1065 addere.

226 1084 328 1126 Hoc
360 1084 456 1125 loco
496 1083 728 1139 Sulpicius,
760 1082 997 1138 insperanti
1034 1082 1156 1131 mihi,
1189 1081 1346 1136 inquit,
1378 1091 1422 1122 et
1457 1081 1684 1132 Cottae‚9⁶

168 1142 240 1183 sed
265 1142 386 1183 valde
408 1142 577 1198 optanti
602 1141 772 1195 utrique
802 1148 1012 1189 nostrum,
1043 1139 1215 1188 cecidit,
1243 1148 1288 1179 ut
1313 1139 1356 1178 in
1381 1139 1511 1179 istum
1535 1153 1623 1180 ser-

168 1215 357 1250 monem,
391 1199 558 1249 Crasse,
589 1197 911 1239 delaberemini.
975 1197 1115 1237 Nobis
1149 1197 1263 1237 enim
1298 1195 1384 1236 huc
1411 1196 1623 1237 venienti-

169 1257 248 1298 bus
275 1257 520 1312 jucundum
554 1256 656 1296 satis
690 1255 782 1295 fore
816 1254 1057 1304 videbatur,
1089 1254 1138 1304 si,
1169 1269 1268 1294 cum
1301 1268 1375 1294 vos
1410 1254 1463 1294 de
1495 1256 1622 1295 rebus

168 1315 261 1356 aliis
284 1314 582 1370 loqueremini,
615 1324 758 1353 tamen
782 1327 859 1353 nos
882 1312 1044 1367 aliquid
1069 1326 1124 1352 ex
1148 1326 1344 1352 sermone
1369 1321 1509 1352 vestro
1533 1326 1622 1352 me-

168 1373 308 1413 moria
339 1372 517 1428 dignum
545 1370 747 1426 excipere
780 1384 1027 1426 possemus,
1060 1379 1107 1410 ut
1132 1384 1232 1410 vero
1256 1369 1428 1425 penitus
1457 1369 1502 1410 in
1524 1384 1620 1411 eam

165 1429 304 1486 ipsam
327 1430 460 1470 totius
484 1428 612 1484 hujus
633 1427 698 1468 vel
718 1427 865 1477 studii,
898 1427 962 1467 vel
985 1427 1175 1478 artificii,
1195 1426 1261 1467 vel
1283 1426 1503 1468 facultatis
1531 1427 1620 1468 dis-

164 1489 435 1543 putationem
504 1500 598 1527 aene
628 1486 825 1526 intimam
856 1485 1073 1535 veniretis,
1109 1486 1180 1525 vix
1217 1484 1457 1540 optandum
1491 1485 1617 1526 nobis

164 1545 407 1586 videbatur.
470 1502 566 1600 {go
585 1543 715 1594 enim,
743 1542 814 1598 qui
840 1543 894 1583 ab
915 1542 1090 1583 ineunte
1110 1552 1240 1583 aetate
1262 1542 1461 1583 incensus
1480 1557 1616 1584 essem
1630 1550 1682 1588 97

166 1603 309 1643 studio
334 1603 557 1656 utriusque
580 1610 782 1650 vestrum,
807 1599 952 1640 Crassi
977 1615 1077 1641 vero
1099 1599 1229 1641 etiam
1254 1614 1414 1651 amore,
1440 1614 1539 1640 cum
1561 1601 1617 1641 ab

164 1675 216 1701 eo
249 1674 462 1715 nusquam
495 1658 774 1709 discederem,
807 1657 987 1698 verbum
1022 1672 1076 1698 ex
1113 1672 1165 1698 eo
1196 1672 1431 1713 numquam
1465 1656 1619 1699 elicere

165 1718 289 1774 potui
329 1718 382 1758 de
414 1717 454 1757 vi
488 1731 537 1757 ac
570 1716 738 1757 ratione
771 1715 960 1766 dicendi,
992 1729 1091 1755 cum
1127 1726 1170 1756 et
1205 1729 1279 1771 per
1312 1716 1628 1772 memetipsum-

163 1775 365 1830 egissem,
397 1783 440 1815 et
470 1788 545 1830 per
566 1772 755 1815 Drusum
776 1787 891 1828 saepe
910 1783 1168 1816 tentassem:
1200 1787 1287 1828 quo
1310 1773 1352 1813 in
1377 1787 1534 1829 genere
1556 1782 1619 1826 tu,

163 1832 331 1873 Antoni
349 1836 469 1884 (vere
490 1831 659 1886 loquar)
682 1844 918 1885 numquam
940 1830 1045 1871 mihi
1070 1831 1385 1886 percunctanti,
1406 1840 1480 1873 aut
1497 1846 1618 1886 quae-

165 1890 276 1930 renti
297 1889 474 1944 aliquid,
506 1888 697 1939 defuisti,
728 1899 771 1929 et
793 1901 987 1943 persaepe
1006 1901 1088 1938 me,
1111 1902 1207 1942 quae
1232 1888 1387 1929 soleres
1406 1888 1449 1929 in
1470 1889 1618 1930 dicen-

164 1948 221 1988 do
258 1947 500 1997 observare,
532 1946 734 1987 docuisti.
797 1945 927 1985 Nunc
965 1945 1170 2000 quoniam
1208 1955 1387 2001 uterque
1428 1957 1615 1988 vestrum
1628 1958 1679 1996 93

163 2004 372 2061 patefecit
389 2018 535 2045 earum
558 2018 698 2045 rerum
718 2004 909 2060 ipsarum
943 2003 1124 2054 aditum,
1152 2018 1257 2059 quas
1291 2003 1542 2058 quaerimus,
1573 2013 1619 2046 et

162 2063 369 2118 quoniam
393 2063 592 2118 princeps
617 2060 796 2102 Crassus
819 2060 912 2115 ejus
941 2061 1149 2101 sermonis
1176 2061 1372 2102 ordiendi
1397 2060 1495 2112 fuit,
1517 2061 1618 2104 date

161 2121 289 2161 n'obis
311 2119 423 2160 hanc
445 2119 631 2170 veniam,
664 2129 712 2159 ut
733 2132 798 2168 ea,
829 2132 928 2173 quae
960 2118 1128 2159 sentitis
1151 2118 1205 2159 de
1225 2119 1345 2159 omni
1369 2133 1527 2175 genere
1551 2120 1624 2161 di-.

160 2178 301 2229 cendi,
333 2176 548 2218 subtiliter
567 2175 899 2233 persequamini.
961 2176 1093 2226 Quod
1116 2176 1291 2231 quidem
1318 2176 1352 2217 si
1371 2178 1464 2218 'erit
1493 2192 1518 2218 a
1541 2192 1616 2219 vo-

163 2235 230 2276 bis
269 2235 563 2291 impetratum‚
595 2248 799 2289 magnam
832 2233 1018 2284 habebo,
1052 2233 1220 2284 Crasse,
1252 2233 1354 2275 huic
1384 2234 1612 2290 palaestrae,

160 2301 204 2334 et
235 2292 479 2334 Tusculano
513 2302 587 2332 tuo
614 2291 815 2347 gratiam,
847 2301 890 2331 et
913 2290 1044 2348 longe
1068 2290 1320 2333 Academia:
1350 2291 1411 2333 illi
1443 2307 1493 2334 ac
1525 2292 1610 2349 Ly-

161 2365 238 2392 ceo
262 2361 382 2392 tuun]
416 2350 500 2391 hoc
528 2350 824 2390 suburbanum
857 2350 1133 2404 gymnasium
1157 2360 1437 2405 anteponam.
1497 2348 1609 2392 Tum
1623 2344 1693 2392 22

159 2407 244 2459 ille,
274 2411 314 2442 77
331 2407 472 2451 Immo
493 2421 608 2458 vero,
640 2406 807 2461 inquit,
830 2406 1012 2462 Sulpici,
1035 2421 1237 2462 rogemus
1256 2406 1516 2457 Antonium,
1534 2408 1675 2464 qui99
1702 2415 1707 2420 “

160 2475 204 2506 et
225 2474 370 2522 potest
393 2465 535 2506 facere
556 2465 615 2515 id,
647 2464 763 2519 quod
793 2464 988 2518 requiriS,
1019 2477 1063 2505 et
1083 2464 1326 2515 consuevit,
1351 2475 1398 2506 ut
1419 2475 1462 2507 te
1483 2466 1613 2508 audio

160 2523 317 2564 dicere.
379 2523 492 2564 Nam
513 2537 582 2563 me
603 2522 793 2578 quidem,
825 2520 979 2572 fateor,
1003 2536 1172 2578 semper
1193 2537 1219 2563 a
1240 2537 1397 2579 genere
1417 2522 1499 2564 hoc
1519 2532 1615 2565 toto

162 2580 369 2621 sermonis
392 2580 617 2637 refugisse,
639 2589 681 2620 et
706 2579 786 2620 tibi
809 2578 1004 2634 cupienti
1026 2589 1156 2635 atque
1175 2579 1353 2623 instanti
1375 2580 1616 2637 saepissime

160 2651 355 2694 negasse,
386 2646 435 2678 ut
456 2647 548 2679 tute
570 2636 714 2694 paullo
737 2645 837 2678 ante
865 2635 1033 2679 dixisti.
1095 2637 1228 2685 Quod
1249 2652 1334 2695 ego
1359 2653 1448 2681 non
1467 2652 1615 2695 super-

204 2754 243 2785 77
268 2750 375 2782 Immo
388 2752 490 2792 vera]
518 2751 580 2783 Ed.
593 2761 619 2782 s.
635 2750 659 2782 l.
673 2755 707 2781 et
723 2761 755 2782 a.
772 2749 863 2781 Med.
909 2754 990 2788 tute,
1007 2760 1082 2790 quae
1105 2761 1165 2782 nos
1188 2748 1303 2783 omnia
1317 2752 1561 2784 consentientia
1573 2751 1615 2783 li-

161 2798 196 2823 et
221 2793 294 2824 Asc.
310 2795 492 2824 enimvero.-
516 2795 598 2825 illud
616 2804 740 2824 verum.
786 2794 867 2824 Post
909 2792 976 2823 bris
999 2794 1145 2835 antiquis
1171 2795 1366 2837 reperimus,
1388 2799 1488 2837 atque
1509 2795 1614 2830 secuti

162 2835 195 2866 in
211 2841 306 2866 textu
330 2846 350 2866 a
363 2836 496 2867 Pearcio
521 2837 633 2868 addita
652 2837 700 2873 id,
722 2841 798 2877 post
802 2834 868 2872 sa·
910 2844 1038 2867 sumus.

156 2887 244 2921 nere,
257 2877 387 2919 fateor,
410 2883 486 2921 post
504 2880 647 2922 quidem,
670 2882 705 2910 et
727 2882 766 2910 ut
789 2882 868 2910 ante

848 2925 930 2966 34·
