1945 3235
394 154 470 190 404
912 155 993 195 DE
1026 156 1313 196 ORATORE

396 263 521 298 trono
555 260 624 310 (ut
657 257 781 301 Plato
816 261 971 313 voluit)
1004 262 1264 319 philosopho
1303 260 1533 304 succubuit
1563 268 1721 311 orator,
1757 256 1831 315 qui

394 323 470 354 aut
502 329 587 356 non
625 326 690 357 est
726 318 864 359 victus
898 333 1099 376 umquam
1135 336 1159 361 a
1189 322 1380 369 Socrate,
1415 333 1553 374 neque
1589 332 1727 359 sermo
1760 317 1833 358 ille

395 369 590 414 Platonis
621 388 744 415 verus
774 386 859 417 est:
892 387 980 427 aut,
1003 378 1036 418 si
1069 388 1132 418 est
1156 377 1309 428 victus,
1342 376 1611 431 eloquentior
1635 374 1834 416 videlicet

394 427 491 479 fuit,
524 439 567 471 et
590 430 789 473 disertior
819 434 1034 485 Socrates,
1068 446 1126 485 et,
1151 444 1197 475 ut
1233 446 1277 475 tu
1313 434 1516 489 appellas,
1548 432 1767 489 copiosior
1787 439 1831 471 et

393 486 544 528 melior
563 499 721 530 orator.
783 490 865 532 Sed
894 491 978 542 hic,
997 491 1038 532 in
1064 491 1135 532 illo
1160 492 1252 548 ipso
1276 491 1468 532 Platonis
1491 490 1615 541 libro,
1638 490 1690 531 de
1713 487 1832 529 omni

393 557 450 594 re,
470 559 756 601 quaecumque
788 547 830 587 in
862 548 1222 604 disceptationem
1253 549 1626 604 quaestionemque
1657 559 1832 587 vocare-

393 609 475 652 tur,
495 617 538 642 se
556 603 852 658 copiosissime
871 605 1087 646 dicturum
1107 620 1197 647 esse
1217 606 1467 663 profitetur3
1491 606 1611 660 isque
1630 603 1830 662 princeps

390 672 444 699 ex
480 660 682 700 omuibus
705 676 831 702 ausus
855 672 919 702 est
943 663 985 703 in
1009 673 1224 704 conventu
1252 678 1441 719 poscere,
1465 678 1550 718 qua
1571 662 1624 703 de
1649 675 1693 702 re
1714 660 1831 716 quis-

391 730 474 770 que
495 716 618 757 vellet
646 718 819 760 audire:
850 719 917 760 cui
954 728 1099 760 tantus
1134 720 1270 761 honos
1307 721 1478 761 habitus
1509 729 1574 760 est
1596 735 1621 761 a
1643 717 1832 767 Graecia,

392 773 469 813 soli
503 783 548 814 ut
566 789 620 815 ex
644 776 846 816 omnibus
879 776 1061 833 Delphis
1095 792 1183 818 non
1213 778 1407 818 inaurata
1430 787 1586 828 statua,-
1609 776 1682 817 sed
1704 788 1833 816 aurea

306 835 664 872 130statueretur.
724 832 870 888 Atque
903 833 947 884 ii,
978 849 1086 889 quos
1120 835 1355 884 nominavi,
1383 834 1593 890 multique
1626 843 1835 890 praeterea

391 889 409 917 8
434 889 589 929 summi
615 890 785 931 dicendi
809 900 1020 943 auctores,
1045 907 1130 932 uno
1154 902 1348 948 tempore
1370 891 1568 933 fuerunt:
1599 906 1652 932 ex
1673 890 1831 946 quibus

390 942 572 1001 intelligi
600 957 758 1003 potest,
782 948 841 989 ita
864 963 907 989 se
937 963 1025 989 rem
1046 949 1218 1000 habere,
1240 959 1286 990 ut
1306 959 1366 999 tu,
1388 948 1554 1000 Crasse,
1572 949 1705 1000 dicis3
1736 961 1832 988 ora·

393 1002 582 1058 totisque
606 1018 761 1045 nomen
791 1006 904 1061 apud
936 1006 1136 1062 antiquos
1170 1007 1212 1047 in
1252 1007 1439 1057 Graecia,
1458 1006 1622 1062 majore
1644 1005 1830 1061 quadam

305 1066 373 1100 131
392 1059 457 1100 vel
481 1061 608 1117 copia
631 1061 694 1103 vel
724 1062 875 1118 gloria,
900 1063 1108 1105 floruisse.
1171 1065 1272 1111 Quo
1295 1064 1468 1119 quidem
1491 1064 1630 1119 magis
1659 1062 1828 1111 dubito,

389 1116 526 1158 tibine
565 1118 657 1174 plus
686 1119 837 1171 laudis,
864 1136 916 1162 an
947 1121 1114 1162 Graecis
1146 1121 1478 1178 vituperationis
1513 1135 1605 1162 esse
1637 1120 1828 1160 tribuen-

386 1174 487 1215 dum
509 1185 720 1219 statuam:
753 1193 852 1219 cum
877 1188 937 1229 tu,
958 1179 1000 1219 in
1022 1178 1104 1220 alia
1126 1178 1274 1235 lingua
1304 1194 1354 1220 ac
1377 1179 1569 1220 moribus
1592 1187 1732 1229 natus,
1755 1191 1829 1217 oc-

383 1233 664 1288 cupatissima
678 1235 720 1275 in
735 1235 926 1286 civitate,
942 1236 1006 1277 vel
1029 1240 1048 1270 9
1063 1236 1327 1293 privatorum
1346 1236 1533 1293 negotiis
1553 1249 1676 1292 paene
1689 1233 1829 1276 omni-

385 1289 478 1340 bus,
503 1291 568 1331 vel
591 1292 707 1333 orbis
739 1301 861 1335 terrae
886 1294 1204 1349 procuratione,
1223 1309 1273 1335 ae
1300 1295 1455 1335 summi
1479 1293 1647 1349 imperii
1672 1293 1831 1349 guber-

383 1348 558 1389 natione
580 1349 815 1401 districtus,
837 1360 1001 1392 tantam
1021 1351 1108 1391 vim
1133 1366 1271 1392 rerum
1302 1352 1685 1408 cognitionemque
1707 1363 1827 1391 com-

383 1404 674 1459 prehenderiS,
694 1422 874 1463 eamque
893 1423 1065 1449 omnem
1097 1423 1193 1449 cum
1220 1409 1327 1463 ejus,
1354 1409 1427 1464 qui
1450 1408 1632 1450 consilio
1662 1416 1706 1448 et
1731 1421 1827 1448 ora-

380 1462 500 1503 tione
518 1463 561 1504 in
581 1463 758 1505 civitate
781 1466 934 1516 valeat,
951 1465 1131 1506 scientia
1149 1476 1277 1521 atque
1295 1466 1607 1507 exercitatione
1625 1464 1823 1506 sociaris:

381 1519 441 1559 illi
476 1521 566 1561 nati
598 1522 641 1562 in
674 1521 845 1574 litteris,
879 1523 1162 1577 ardentesque
1197 1523 1262 1563 his
1293 1523 1459 1575 studiis,
1483 1523 1575 1564 otio
1611 1537 1709 1564 vero
1738 1520 1824 1562 dif-

386 1577 582 1630 fluentes,
607 1594 693 1619 non
720 1580 850 1621 niodo
882 1580 989 1621 nihil
1018 1580 1311 1635 acquisierint,
1339 1581 1412 1621 sed
1434 1595 1487 1621 ne
1510 1580 1706 1621 relictum
1728 1578 1825 1633 qui-

298 1641 368 1690 33
384 1634 496 1685 dem,
519 1645 562 1676 et
588 1637 807 1688 traditum,
837 1647 880 1678 et
911 1652 1033 1679 suum
1057 1638 1420 1679 conservaverint.
1479 1637 1591 1678 Tum
1627 1636 1823 1686 Crassus,

295 1714 368 1748 132
387 1691 485 1732 Non
507 1693 549 1733 in
570 1693 664 1745 hac,
684 1694 840 1750 inquit,
864 1710 961 1746 una,
986 1695 1154 1745 Catule,
1185 1710 1243 1745 re,
1274 1696 1344 1736 sed
1369 1695 1412 1736 in
1434 1695 1527 1736 aliis
1549 1695 1680 1735 etiam
1702 1708 1823 1734 com-

247 1771 278 1802 p.
299 1766 367 1794 155.
383 1749 590 1804 pluribus,
605 1751 912 1793 distributione
926 1752 1113 1809 partium
1137 1767 1186 1793 ac
1207 1753 1476 1808 separatione
1502 1750 1821 1808 magnitudines

335 1817 479 1847 a·sunt
502 1809 660 1849 artium
695 1809 936 1851 diminutae.
997 1809 1068 1850 An
1093 1821 1137 1850 tu
1172 1811 1411 1861 existimas,
1438 1825 1536 1851 cum
1573 1817 1685 1850 esset
1708 1807 1823 1864 Hip-

379 1876 576 1919 pocrates
609 1866 677 1907 ille
713 1867 846 1918 Cous,
879 1867 1011 1908 fuisse
1036 1878 1126 1908 tum
1160 1867 1264 1908 alios
1295 1868 1500 1918 medicos,
1533 1868 1607 1922 qui
1641 1866 1820 1916 morbis,

375 1921 497 1972 alios,
537 1924 610 1979 qui
648 1924 910 1976 vulneribus,
945 1925 1065 1974 alios,
1097 1925 1170 1980 qui
1203 1924 1338 1966 oculis
1368 1925 1672 1966 mederentur?
1698 1937 1820 1981 ¹num

374 1981 658 2034 geometriam
693 1981 872 2023 Euclide
914 1993 989 2022 aut
1019 1982 1295 2032 Archimede,
1324 1997 1424 2023 num
1465 1982 1689 2032 musicam,
1729 1980 1820 2021 Da-

372 2050 502 2077 mone
535 2049 610 2079 aut
641 2038 922 2090 Aristoxeno,
946 2055 1047 2080 num
1086 2041 1200 2096 ipsas
1223 2040 1386 2080 litteras
1414 2039 1707 2095 Aristophane
1742 2048 1817 2078 aut

375 2093 644 2136 Callimacho
669 2106 895 2147 tractante,
919 2106 1005 2138 tam
1029 2097 1265 2153 discerptas
1288 2097 1434 2148 fuisse,
1458 2107 1505 2138 ut
1526 2111 1653 2137 nemo
1681 2108 1818 2151 genus

374 2151 619 2194 universum
645 2154 1017 2210 complecteretur,
1037 2166 1166 2209 atque
1185 2163 1232 2194 ut
1254 2154 1360 2194 alius
1383 2154 1509 2195 aliam
1531 2153 1612 2194 sibi
1633 2163 1816 2210 partem,

287 2218 360 2253 133
377 2207 418 2248 in
439 2224 524 2263 qua
547 2209 800 2261 elaboraret,
819 2215 1072 2267 seponeret?
1108 2211 1317 2267 Equidem
1342 2226 1456 2268 saepe
1485 2211 1568 2252 hoc
1592 2210 1738 2251 audivi
1762 2209 1817 2251 de

374 2276 496 2322 patre
518 2278 559 2308 et
592 2268 644 2308 de
662 2283 810 2309 socero
841 2284 953 2320 meo,
982 2278 1151 2310 nostros
1181 2283 1353 2324 quoque
1385 2269 1595 2319 homines,
1628 2268 1701 2323 qui
1737 2281 1817 2307 ex-

372 2323 525 2365 cellere
557 2326 778 2382 sapientiae
811 2326 949 2382 gloria
985 2327 1153 2378 vellent,
1190 2327 1350 2378 omnia,
1385 2341 1482 2382 quae
1512 2325 1686 2381 quidem
1721 2333 1813 2366 tum

371 2379 466 2422 haec
502 2382 655 2423 civitas
690 2394 847 2433 nosset,
882 2383 1030 2425 solitos
1069 2398 1159 2425 esse
1193 2383 1448 2440 complecti.
1518 2382 1813 2423 Meminerant

370 2437 429 2478 illi
452 2439 554 2480 Sex.
571 2440 749 2490 fElium,
770 2440 836 2481 M’
852 2456 950 2482 vero
970 2441 1202 2482 Manilium
1224 2456 1300 2482 nos
1319 2442 1448 2482 etiam
1474 2440 1656 2481 vidimus
1677 2447 1814 2480 transss

370 2509 492 2536 verso
515 2498 806 2538 ambulantem
833 2498 952 2550 foro;
983 2499 1098 2554 quod
1117 2509 1208 2539 erat
1230 2499 1414 2555 insigne,
1437 2512 1550 2548 eum,
1573 2497 1647 2552 qui
1673 2497 1717 2538 id
1746 2496 1811 2537 fa-

367 2563 498 2602 ceret,
523 2554 662 2595 facere
683 2555 851 2597 civibus
874 2556 1075 2596 omnibus
1109 2556 1277 2597 consilii
1308 2556 1371 2596 sui
1401 2555 1570 2610 copiam
1589 2571 1598 2596 :
1617 2555 1682 2599 ‚ad
1702 2569 1811 2610 quos

368 2609 470 2650 olim
490 2622 533 2650 et
552 2612 612 2652 ita
635 2613 918 2663 ambulantes,
938 2623 981 2654 et
1000 2614 1042 2654 in
1072 2614 1178 2654 solio
1202 2614 1396 2654 sedentes
1421 2613 1554 2663 domi,
1577 2612 1638 2653 sic
1661 2612 1810 2652 adiba-

368 2678 451 2717 tur,
471 2683 557 2708 non
578 2669 714 2710 solum
742 2680 786 2710 ut
808 2671 973 2725 dejure
992 2670 1109 2711 civili
1128 2671 1178 2712 ad
1205 2685 1293 2720 eos,
1317 2685 1463 2710 verum
1487 2671 1616 2711 etiam
1637 2669 1690 2710 de
1720 2669 1809 2710 filia

363 2724 630 2777 collocanda,
648 2727 700 2767 de
720 2727 854 2769 fundo
876 2729 1073 2779 emendo,
1096 2728 1148 2769 de
1169 2742 1275 2784 agro
1302 2727 1499 2778 colendo,
1523 2727 1576 2768 de
1597 2726 1715 2767 omni
1734 2726 1808 2767 de-

401 2857 419 2885 8
441 2856 563 2885 summi
585 2857 711 2886 dicendi
733 2857 894 2898 auctores]
926 2859 979 2889 Sic
1002 2868 1061 2899 pro
1144 2862 1165 2892 9
1179 2857 1317 2896 negotiis
1321 2858 1533 2897 privatorum
1541 2865 1635 2897 poene
1643 2853 1802 2893 omnibu-s]

358 2897 498 2944 doctores
513 2898 578 2930 Ms.
594 2899 665 2931 Erl.
684 2900 877 2932 rectissime.
1104 2900 1253 2931 Fortasse
1269 2899 1386 2931 melius
1399 2900 1497 2931 suerit
1513 2900 1670 2930 omnium.
1731 2932 1734 2934 ,
