1945 3235
608 157 792 208 L113ER
822 158 1154 198 SECUNDUS.
1289 152 1292 156 ’
1523 165 1602 206 ειη

163 265 242 311 est,
274 274 318 301 re
351 261 616 303 continetur:
648 262 763 317 quod
797 262 974 302 mutatis
1008 262 1150 304 verbis
1187 262 1315 304 salem
1345 266 1525 319 amittit,
1557 269 1602 309 in

165 318 308 358 verbis
330 318 463 359 habet
484 319 670 375 leporem
694 334 880 360 omnem.

176 422 179 424 ,
219 374 442 432 Ambigua
461 388 560 417 sunt
581 376 624 417 in
648 377 796 432 primis
817 383 958 425 acuta,
976 384 1105 429 atque
1127 375 1171 416 in
1190 376 1322 417 verbo
1343 379 1498 432 posita,
1515 395 1601 422 non
1612 392 1690 426 253

163 431 205 472 in
229 446 298 474 re:
331 433 402 474 sed
426 447 509 474 non
533 448 647 489 saepe
666 447 871 489 magnum
890 433 1019 473 risum
1044 442 1243 474 movent:
1277 436 1414 490 magis
1434 447 1481 476 ut
1496 438 1618 482 belle.

163 498 207 530 et
227 488 412 531 litterate
434 490 551 531 dicta
570 490 818 532 laudantur:
846 493 864 520 5
878 498 926 531 ut
944 489 987 530 in
1002 490 1120 531 illum
1139 489 1320 541 Titium,
1342 505 1485 546 quem,
1504 509 1604 536 cum

163 546 353 588 studiose
383 546 470 602 pila
500 547 677 598 luderet,
707 548 782 589 6et
815 547 928 588 idem
962 547 1087 603 signa
1110 562 1230 588 sacra
1250 559 1380 589 noctu
1405 549 1604 606 frangere

164 612 400 658 putaretur,
431 604 726 660 gregalesque,
750 609 766 638 7
782 619 879 645 cum
911 605 954 645 in
977 619 1178 661 campum
1202 620 1287 645 non
1311 606 1511 658 venisset,
1543 623 1606 649 re-

163 661 398 714 quirerent,
430 662 655 702 excusavit
678 662 822 718 Vespa
842 661 1083 713 Terentius,
1117 662 1232 717 quod
1266 676 1362 703 eum
1395 664 1606 706 brachium

147 715 326 774 fregisse
348 717 532 760 diceret:
565 727 613 759 ut
632 719 733 760 illud
758 719 970 770 Africani,
987 720 1101 774 quod
1125 729 1189 760 est
1211 720 1325 775 apud
1344 720 1584 765 Lucilium:

269 787 366 828 Quid
380 786 401 822 ‚9
430 788 577 828 Decius,
598 788 780 824 Nuculam
799 800 846 823 cm
865 788 1041 837 confixum
1058 787 1278 837 visfaceref)
1305 790 1437 836 inquit.

163 849 226 894 ‘Ut
260 864 359 896 tuus
395 855 574 906 amicus,
606 855 773 906 Crasse,
806 855 1009 907 Granius,
1040 870 1119 896 non
1159 870 1234 897 esse
1265 857 1471 898 sextantis.
1533 856 1693 910 Et,254

162 910 197 952 si
227 914 435 967 quaeritis,
469 913 518 965 is,
550 912 624 968 qui
653 913 892 969 appellatur
915 913 1058 964 dicaX,
1083 913 1194 954 8hoc
1227 928 1383 969 genere
1414 916 1605 957 maxime

164 969 370 1013 excellet:
403 971 475 1011 sed
499 971 607 1011 risus
628 979 807 1011 movent
827 971 909 1011 alia
927 971 1126 1026 majores.
1176 970 1444 1027 Ambiguum
1462 987 1537 1029 per
1559 988 1604 1015 se

164 1025 306 1080 ipsum
336 1029 544 1084 probatur
571 1028 613 1069 id
642 1028 831 1083 quidem,
854 1037 902 1068 ut
922 1037 1023 1068 ante
1043 1028 1151 1079 dixi,
1183 1028 1250 1069 vel
1272 1029 1461 1071 maxime
1482 1031 1605 1088 inge-

164 1084 274 1126 niosi
298 1086 413 1126 enim
436 1086 618 1136 videtur,
640 1087 727 1126 vim
750 1086 868 1126 verbi
903 1085 945 1126 in
975 1085 1104 1137 aliud,
1135 1095 1264 1141 atque
1289 1088 1418 1127 ceteri
1441 1089 1645 1145 accipi-b.

166 1152 255 1193 ant,
287 1157 411 1199 posse
439 1143 619 1184 ducere:
653 1143 725 1183 sed
762 1143 1090 1184 admirationem
1123 1143 1276 1199 magis,
1306 1159 1436 1199 quam
1470 1146 1602 1187 risum

165 1210 327 1252 movet,
359 1201 439 1241 nisi
462 1201 495 1240 si
515 1200 686 1255 quando
710 1199 863 1241 incidit
885 1200 930 1240 in
951 1199 1063 1241 aliud
1088 1215 1223 1256 genus
1245 1201 1429 1243 ridiculi.
1489 1203 1600 1250 Quae
1614 1192 1686 1247 63

165 1271 323 1312 genera
344 1272 586 1314 percurram
608 1257 832 1312 equidem:
866 1257 937 1298 sed
954 1258 1078 1298 'scitis
1099 1272 1190 1298 esse
1208 1258 1481 1300 notissimum
1503 1261 1604 1302 ridi·
1615 1271 1693 1305 255

165 1315 250 1355 culi
273 1330 423 1372 genuS,
453 1329 552 1356 cum
574 1314 689 1355 aliud
710 1324 1026 1370 exspectamus,
1047 1315 1161 1356 aliud
1183 1315 1356 1356 dicitur.
1419 1316 1507 1359 Hic
1529 1333 1607 1359 no-

167 1372 324 1413 bismet
346 1373 448 1429 ipsis
471 1381 616 1413 noster
637 1386 753 1413 error
774 1373 905 1412 risum
928 1382 1089 1414 movet.
1140 1373 1270 1420 Quod
1295 1373 1328 1414 si
1362 1374 1607 1417 admixtum

166 1440 230 1469 est
253 1431 382 1470 etiam
404 1430 673 1485 ambiguum,
711 1430 759 1470 fit
788 1429 962 1471 salsius:
995 1439 1042 1470 ut
1072 1431 1187 1486 apud
1212 1430 1415 1472 Naevium
1441 1432 1609 1474 videtur

165 1501 257 1527 esse
279 1487 519 1528 misericors
552 1487 636 1536 ille,
659 1487 732 1542 qui
747 1487 994 1542 judicatum
1016 1488 1115 1529 duci
1140 1488 1270 1539 videt,
1303 1499 1607 1544 percunctatus

166 1543 241 1595 ita,
277 1543 436 1589 Quanti
475 1543 692 1596 addictus?
731 1543 842 1585 mille
880 1543 1101 1586 nummum.
1163 1545 1208 1586 Si
1245 1546 1479 1588 addidisset
1514 1558 1610 1590 tan-

167 1603 407 1653 tummodo,
439 1600 583 1642 Ducas
603 1600 720 1651 licet5
750 1611 860 1642 esset
882 1602 985 1642 illud
1007 1617 1142 1658 genus
1163 1602 1332 1644 ridiculi
1355 1614 1511 1659 praeter
1532 1610 1610 1646 ex-

169 1660 502 1715 spectationem:
535 1659 607 1700 sed
648 1659 750 1714 quia
790 1659 970 1710 addidit,
1008 1659 1133 1701 Nihil
1171 1659 1292 1712 addo,
1329 1660 1452 1702 ducas
1492 1662 1610 1705 licet.-

165 1720 186 1750 9
210 1716 358 1758 addito
380 1716 602 1771 ambiguo,
633 1716 766 1757 altero
788 1731 943 1772 genere
966 1717 1148 1769 ridiculi,
1179 1717 1276 1769 fuit,
1309 1728 1357 1759 ut
1385 1719 1492 1760 mihi
1516 1720 1611 1776 qui-

169 1772 266 1814 dem
288 1774 471 1824 videtur,
506 1773 845 1815 10salsissimum.
908 1774 1009 1815 Hoc
1032 1783 1123 1816 tum
1152 1785 1216 1816 est
1247 1775 1611 1829 venustissimum,

169 1845 266 1875 cum
291 1831 334 1871 in
368 1831 644 1872 altercatione
677 1831 879 1887 arripitur
906 1833 959 1872 ab
990 1832 1231 1873 adversario
1266 1834 1459 1885 verbum,
1482 1843 1524 1875 et
1555 1850 1609 1877 ex

169 1902 236 1939 eo,
268 1899 316 1929 ut
337 1904 361 1929 a
384 1888 540 1930 Catulo
575 1889 617 1928 in
645 1888 911 1945 Philippum,
947 1889 991 1930 in
1023 1905 1121 1930 eum
1155 1891 1296 1946 ipsum
1329 1890 1505 1947 aliquid,
1537 1893 1610 1948 qui

169 1945 399 1997 lacessivit,
430 1946 656 2002 infligitur.
718 1946 801 1987 Sed
824 1960 922 1987 cum
957 1946 1079 2003 plura
1110 1948 1195 1988 sint
1224 1948 1417 2005 ambigui
1439 1959 1700 2006 genera‚256

169 2003 223 2043 de
244 2004 399 2058 quibus
422 2012 487 2044 est
509 2003 706 2044 doctrina
734 2004 932 2060 quaedam
962 2005 1183 2057 subtilior,
1214 2007 1434 2047 attendere
1462 2016 1506 2048 et
1537 2023 1612 2049 au-

170 2061 319 2116 cupari
343 2062 474 2102 verba
495 2061 738 2117 oportebit:
774 2062 864 2102 llin
886 2077 987 2116 qu0,
1021 2073 1067 2104 ut
1092 2077 1156 2115 ea,
1186 2077 1284 2119 quae
1307 2064 1393 2105 sint
1415 2063 1613 2122 frigidio-

215 2194 233 2221 5
255 2197 292 2222 ut
306 2193 450 2223 inillam
468 2191 609 2230 Titium,
623 2192 693 2233 qui]
717 2193 757 2224 In
774 2193 871 2223 illum
913 2193 979 2232 qui.
1003 2193 1064 2223 nisi
1087 2194 1156 2233 quis
1177 2193 1272 2224 malit
1293 2203 1366 2232 eur,
1389 2205 1448 2235 pro
1469 2206 1557 2234 cum,
1574 2198 1615 2228 ut

173 2232 299 2264 Reium
321 2235 386 2265 int.
414 2235 552 2272 dictum,
580 2245 639 2265 nec
667 2244 795 2265 necesse
821 2240 872 2266 est
913 2240 963 2265 est
979 2236 1013 2265 in
1028 2235 1091 2266 Ms.
1107 2236 1175 2266 Erl.
1192 2236 1246 2266 sed
1262 2237 1465 2277 praecedcnte
1478 2249 1565 2270 eum.

173 2286 248 2306 cum
264 2277 396 2308 Pearcio
411 2278 571 2317 corrigere
592 2282 629 2308 ut
640 2278 727 2308 illud
738 2278 773 2308 in
789 2277 871 2308 Titi-
956 2281 974 2309 8
998 2279 1242 2319 hoc—eoecelcet]
1269 2280 1321 2309 Sic
1346 2281 1549 2311 restituimus
1574 2291 1614 2312 ex

172 2328 247 2348 um:
270 2329 467 2358 quamquam
496 2319 613 2350 melius
639 2321 794 2351 convenit
822 2330 871 2352 se·
914 2319 987 2351 edd.
1005 2331 1055 2361 pr.
1070 2321 1188 2360 quibus
1203 2323 1369 2352 consentit
1380 2323 1443 2353 Ms.
1461 2324 1499 2353 E.
1511 2325 1614 2355 ειη-εῖ-

175 2362 302 2400 quenti,
318 2366 354 2392 ut
366 2363 452 2392 illud
460 2361 534 2401 At'r.
558 2362 600 2392 At
613 2366 700 2402 post,
714 2373 807 2402 quem
821 2373 877 2393 ne·
920 2363 959 2392 lit
972 2368 1022 2393 est
1036 2363 1076 2393 ab
1090 2363 1162 2393 Aldi
1179 2365 1391 2395 correctione.

172 2405 347 2439 cessarium
361 2412 409 2434 est
425 2404 493 2434 ficri
506 2414 522 2433 e
535 2405 589 2443 qui
600 2417 609 2433 :
623 2404 720 2444 quod,
734 2415 800 2435 non
814 2411 875 2444 est,
961 2409 980 2439 9
1003 2406 1112 2435 addito
1123 2406 1290 2445 ambiguo]
1316 2407 1442 2447 Nempe
1456 2409 1542 2438 m‘lzz'l
1555 2409 1614 2438 ad-

171 2455 236 2484 quo
250 2447 420 2477 referatur.
436 2447 542 2487 Quem
559 2446 641 2476 refer
652 2447 691 2477 ad
699 2449 874 2480 excusavit.
919 2448 975 2480 d⁰‚·
1000 2447 1085 2487 quod
1100 2453 1149 2477 &t
1163 2459 1201 2478 ex
1218 2449 1436 2479 auctionibus:
1462 2459 1528 2483 non
1541 2450 1614 2492 plus

217 2488 237 2518 6
258 2493 288 2518 et
313 2489 397 2519 idem
422 2491 519 2527 signa
542 2492 872 2532 sacrm-putaretur]
918 2489 1039 2527 liceor3
1063 2490 1145 2520 habe
1159 2491 1218 2520 tibi
1233 2491 1449 2530 mancipium.

176 2530 322 2560 Primum
347 2537 378 2562 et
400 2531 584 2570 elegantius
606 2532 710 2568 abest,
733 2535 767 2562 et
789 2535 876 2572 quod
964 2535 1000 2561 10
1015 2533 1243 2572 salsissimum]
1262 2534 1314 2563 Sic
1326 2534 1395 2564 sine
1408 2534 1615 2566 haesitatione

177 2578 292 2602 natum
309 2574 437 2605 videtur
452 2584 489 2603 ex
504 2574 623 2603 ultima
639 2574 872 2614 praecedentis:
918 2575 1042 2604 correxi
1059 2575 1227 2613 vulgatum
1245 2576 1451 2607 salsissimus.
1480 2577 1613 2607 Retule-

171 2613 291 2645 ,deinde
305 2625 402 2647 saera
414 2615 602 2647 delendum:
619 2626 773 2655 quorsum
786 2618 876 2649 enim
919 2621 996 2647 runt
1012 2616 1132 2647 librarii
1150 2617 1188 2647 ad
1205 2617 1311 2654 illum,
1336 2619 1389 2658 qui
1406 2619 1491 2659 apud
1505 2618 1615 2650 Naevi-

179 2656 334 2687 additur?
919 2670 975 2689 um
998 2659 1061 2689 ista
1074 2659 1169 2689 dixit:
1195 2659 1292 2690 male.
1320 2661 1532 2701 Respondent
1553 2663 1614 2692 sibi

220 2702 235 2731 7
260 2710 334 2729 eum
349 2701 383 2730 in
399 2710 550 2740 campum
567 2711 628 2731 non
643 2701 792 2740 venisset]
822 2701 875 2732 Sic
919 2702 1005 2731 clare
1028 2701 1112 2731 haec:
1137 2708 1216 2732 esset
1236 2703 1323 2732 illud
1339 2713 1456 2742 gen-as,
1478 2708 1512 2734 et
1524 2703 1617 2747 fuit,

177 2740 248 2771 edd.
265 2751 313 2780 pr.
330 2748 428 2779 recte,
452 2753 510 2783 pro
525 2743 672 2783 vulgato,
695 2753 878 2774 eum—nrm
918 2754 953 2774 u.
967 2754 1010 2774 m.
1027 2754 1055 2783 q.
1073 2754 1102 2774 v.
1117 2745 1341 2775 salsissimum.

176 2784 308 2819 venisse,
322 2785 409 2823 quod
422 2786 517 2825 plane
531 2795 597 2816 non
612 2786 677 2816 coit
694 2796 767 2816 cum
783 2790 878 2816 textu
967 2789 999 2816 11
1025 2788 1059 2816 in
1079 2787 1152 2826 quo]
1180 2786 1253 2817 Hoc
1268 2791 1317 2817 est
1334 2787 1374 2817 ab
1387 2787 1483 2824 Aldo,
1506 2788 1560 2826 qui
1575 2787 1617 2818 ad

179 2825 350 2861 orationis,
366 2833 478 2867 estque
493 2828 533 2858 ab
546 2828 640 2858 Aldo.
679 2829 716 2858 In
735 2838 807 2858 meo
823 2839 877 2859 ex·
920 2833 1029 2858 totum
1046 2830 1172 2859 retulit.
1203 2829 1286 2859 Edd.
1302 2839 1350 2869 pr.
1367 2830 1431 2860 Ms.
1449 2831 1488 2862 E:
1499 2831 1534 2860 in
1548 2830 1619 2870 qui·-

178 2868 286 2906 emplo
303 2868 420 2900 Aldine
431 2870 530 2900 etiam
547 2870 592 2900 sic
605 2871 745 2900 correxit
761 2880 877 2901 manus
922 2872 991 2909 bus,
1006 2871 1093 2911 quod
1108 2871 1148 2901 ad
1161 2873 1259 2902 verba
1271 2871 1426 2902 refertur:
1450 2872 1482 2902 id
1498 2873 1618 2903 rectius

178 2909 285 2950 docta.
331 2910 470 2954 Decepit
485 2912 608 2943 Aldum
621 2913 774 2944 vitiosum
796 2913 879 2944 illud
921 2918 1016 2955 puto.
1039 2913 1090 2944 Ad
1105 2922 1237 2946 sensum
1252 2919 1366 2946 tamen
1381 2914 1428 2951 nil
1444 2915 1593 2947 interest.
