1914 3220
584 116 776 158 LIBER
807 116 1137 157 SECUNDUS.
1540 119 1591 162 17

139 223 257 268 enim
283 233 487 283 negatur:
517 239 598 266 nec
619 224 941 269 firmamentum
958 222 1225 279 exquir-itum
1263 222 1470 278 quoniam
1498 236 1587 264 non
1599 244 1631 274 p.
1649 231 1683 265 6.

141 285 292 325 subest
311 284 436 325 ratio.
466 290 470 296 '
497 282 643 329 Quare
663 297 719 324 ex
750 283 992 323 intentione
1018 290 1063 321 et
1088 279 1350 321 infitiatione
1370 280 1588 335 judicatio
1600 288 1630 308 a.

140 342 438 392 constituitur,
459 339 543 395 hoc
565 339 718 381 modo:
755 343 788 385 U
803 339 1012 390 Intentio,
1036 337 1251 379 Occidisti
1273 336 1472 392 Ajacem.
1516 337 1590 379 Iu-

141 398 316 451 fitiatio‚
341 398 445 440 Non'
465 397 621 438 occidi.
672 397 699 440 J
705 396 911 448 udicatio,
935 396 1230 437 Occideritne.
1283 394 1416 435 Ratio
1448 396 1589 436 omnis

142 458 366 512 utriusque
395 455 617 506 orationis,
651 464 699 495 ut
721 464 821 495 ante
843 455 1010 496 dictum
1036 464 1115 505 est,
1139 453 1193 494 ad
1214 453 1327 493 hanc
1350 451 1590 507 judicatio-

75 546 91 555 ,
141 527 244 555 nem
281 512 542 559 conferenda
573 521 653 553 est.
714 512 760 553 Si
790 512 932 568 plures
965 521 1092 553 erunt
1129 509 1479 560 constitutiones,
1516 518 1593 551 aut

141 581 286 630 partes
307 570 693 622 constitutionum3
717 569 1013 626 judicationes
1035 583 1210 625 quoque
1233 567 1374 624 plures
1396 576 1524 608 erunt
1546 567 1592 609 in

142 643 230 670 una
249 642 377 669 causa
391 644 411 679 ς-
437 629 474 660 ¹2
487 627 561 668 sed
583 642 732 669 omnes
750 627 879 668 simili
902 627 1070 668 ratione
1087 626 1369 682 reperientun.
1431 624 1592 666 Sedulo

142 682 338 728 dedinius
371 699 562 740 operam,
596 695 645 726 ut
678 685 865 726 breviter
895 694 939 726 et
961 684 1164 736 dilucide,
1194 683 1352 738 quibus
1380 682 1433 723 de
1463 683 1592 723 rebus

143 743 283 786 adhuc
300 742 532 784 dicendum
551 741 649 794 fuit,
668 743 923 784 diceremus.
965 742 1096 784 Nunc
1112 741 1321 797 quoniam
1339 740 1442 781 satis
1461 739 1593 795 hujus

141 799 374 843 voluminis
395 799 652 856 magnitudo
674 801 825 852 crevit,
843 800 1115 842 commodius
1146 807 1211 840 est
1238 798 1284 840 in
1314 798 1449 839 altero
1480 796 1592 839 libro

139 857 195 899 de
216 857 371 899 ceteris
393 858 520 899 rebus
542 858 746 915 deinceps
769 872 1014 914 exponere3
1046 872 1101 899 ne
1122 871 1222 913 qua,
1245 865 1424 913 propter
1444 855 1594 896 multi-

112 936 119 942 *
139 915 339 956 tudinem
369 915 624 969 litterarum,
646 916 785 973 possit
814 916 1009 957 animum
1031 924 1155 957 tuum
1177 914 1436 970 defatigatio
1460 922 1594 954 retar-

137 972 256 1014 dare.
305 976 341 1005 13
358 973 443 1014 Sed
471 973 506 1014 si
529 989 616 1029 quo
639 973 801 1015 tardius
825 974 935 1025 haec,
958 988 1089 1029 quam
1113 973 1273 1024 studes,
1296 971 1592 1022 absolventur,

138 1045 241 1072 cum
260 1045 402 1072 rerum
420 1032 728 1087 magnitudini,
748 1041 841 1073 tum
859 1031 1017 1073 nostris
1035 1045 1210 1086 quoque
1228 1029 1594 1086 occupationibus

137 1088 360 1145 assignare
382 1088 575 1130 debebis.
636 1090 947 1131 Verumtamen
964 1089 1294 1140 maturabimus,
1317 1096 1362 1129 et
1383 1087 1500 1143 quod
1518 1100 1596 1128 ne-

137 1147 264 1202 gotio
286 1146 550 1188 diminutum
571 1146 716 1199 fuerit,
729 1147 1058 1203 exaequabimus
1082 1146 1316 1187 industria:
1348 1154 1397 1186 ut
1417 1159 1495 1201 pro
1517 1156 1593 1185 tuo
1652 1144 1654 1146 ’

137 1205 185 1246 in
208 1219 288 1246 nos
310 1204 457 1246 officio
479 1213 523 1246 et
540 1213 689 1259 nostro
712 1204 756 1246 in
779 1213 822 1246 te
841 1205 986 1247 studio
1008 1219 1166 1246 munus
1185 1203 1271 1246 hoc
1289 1202 1595 1245 accumulatis-

138 1261 248 1304 sime
270 1271 357 1304 tuae
378 1262 612 1319 largiamur
633 1262 863 1306 voluntati.

136 1376 210 1408 sine
223 1387 303 1408 nam
317 1381 378 1410 aut
391 1379 479 1409 enim
491 1390 502 1408 .·
515 1377 604 1418 quod
614 1381 650 1409 et
663 1382 773 1420 posset
787 1379 842 1410 ab·

137 1429 220 1457 esse,
247 1421 309 1451 nisi
328 1419 491 1451 librorum
516 1430 694 1453 consensus
709 1422 844 1462 juberet

137 1462 265 1493 addere„
289 1463 329 1495 In
343 1464 555 1501 Gruteriana,
570 1469 605 1495 et
617 1475 691 1496 eam
709 1467 843 1504 secutis,

136 1505 226 1536 male
237 1506 339 1536 etiam
353 1508 390 1537 in
403 1507 583 1537 omittitur.

184 1550 218 1578 11
246 1549 401 1586 Intentio,
417 1549 582 1590 occidisti]
612 1549 729 1581 Delevi
745 1560 844 1591 copu—

136 1589 206 1621 lam
220 1596 279 1629 est,
292 1601 366 1632 quae
379 1593 421 1623 ab
436 1593 516 1623 meis
532 1592 632 1623 codd.
646 1598 681 1623 et
695 1592 844 1634 pluribus

136 1643 189 1706 ag.
204 1633 290 1666 Oud.
303 1641 339 1666 et
352 1635 506 1666 omnibus
521 1635 591 1667 edd.
607 1637 689 1667 meis
701 1636 845 1677 antiquis

135 1685 157 1708 a
180 1681 240 1712 est,
367 1690 370 1691 ⁷

184 1721 222 1751 12
246 1719 316 1751 Sed
326 1720 459 1760 onmes]
483 1719 562 1751 Mss.
578 1720 710 1761 quidam
719 1721 847 1753 addunt

136 1765 182 1799 et,
196 1761 292 1802 idque
306 1773 421 1794 omnes
435 1763 506 1795 edd.
522 1768 602 1794 vett.
617 1774 721 1804 usque
731 1765 773 1796 ad
786 1764 844 1795 Al·

135 1804 218 1835 dum
242 1806 380 1843 habent,
405 1807 461 1847 qni
487 1806 617 1837 delevit.
662 1808 725 1839 Ms.
751 1808 842 1849 Lips.

138 1845 242 1878 habet
254 1858 300 1878 eoe
313 1858 373 1889 pro
387 1851 454 1887 sed,
469 1849 558 1889 quod
572 1859 640 1880 non
655 1851 842 1891 spreverim.

185 1891 221 1920 13
246 1890 314 1921 Sed
323 1891 350 1922 si
364 1901 425 1931 quo
437 1893 566 1922 tardius
578 1894 655 1931 hoec,
665 1903 765 1932 quam
776 1898 846 1923 sta-

136 1931 217 1972 des]
244 1933 297 1964 Sic
319 1934 394 1964 libri
407 1939 534 1965 veteres
549 1945 619 1966 scr.
635 1940 668 1966 et
689 1935 758 1966 edd.
785 1947 844 1977 pro

136 1974 228 2016 vulg.
249 1977 317 2007 hec
334 1977 473 2008 tardius.
489 1978 638 2009 Graevius
652 1979 754 2010 etiam
768 1989 844 2020 pro-

886 1379 987 1411 babat
995 1387 1067 1420 quoe
1080 1379 1200 1415 studes,
1211 1387 1229 1409 e
1245 1376 1325 1408 Cod.
1339 1376 1408 1408 Era
1424 1385 1484 1406 nec
1499 1379 1596 1416 puta-

889 1423 948 1453 bat
962 1423 1105 1454 latinum
1121 1432 1202 1458 esse,
1217 1430 1319 1461 quam
1331 1420 1448 1450 studes.
1466 1418 1528 1449 Sed
1542 1419 1596 1449 hic

889 1475 957 1496 non
966 1470 1014 1496 est
1028 1474 1134 1496 sermo
1146 1465 1186 1495 de
1199 1463 1324 1494 artibus
1334 1463 1424 1503 ipsis,
1438 1471 1519 1502 quas
1531 1461 1611 1491 dis-—

888 1519 961 1539 cere
976 1508 1142 1550 cupiebat,
1158 1506 1214 1537 sed
1228 1506 1268 1536 de
1285 1506 1468 1546 cupiditate
1483 1504 1596 1543 legem

888 1551 921 1582 di
936 1555 1103 1592 pra-cepta
1115 1550 1226 1587 amici3
1240 1553 1275 1579 et
1289 1548 1476 1589 praecedens
1491 1547 1598 1577 tardi-

888 1604 940 1632 us,
956 1593 1092 1633 requirit
1106 1602 1216 1633 quam.
1233 1591 1374 1622 Stadere
1388 1601 1448 1632 pro
1463 1599 1596 1630 cupere,

889 1636 954 1668 dici
966 1637 1050 1667 bene
1072 1636 1190 1672 latine,
1207 1644 1275 1665 non
1299 1633 1405 1670 video,
1431 1631 1597 1672 quomodo

888 1679 1034 1710 dubitari
1046 1679 1162 1719 possit:
1177 1683 1213 1708 at
1220 1677 1350 1708 studere
1359 1678 1485 1712 literas,
1494 1679 1598 1713 artes,

889 1732 934 1752 an
958 1722 1041 1753 bene
1065 1720 1209 1757 dicatur,
1234 1720 1401 1750 incertum
1425 1724 1486 1749 est.
1532 1717 1598 1748 Hic

888 1761 1047 1805 provocat
1062 1764 1168 1794 Graev.
1193 1763 1235 1794 ad
1247 1762 1303 1792 Or.
1322 1766 1396 1803 post
1411 1760 1490 1792 Red.
1515 1770 1542 1790 c.
1558 1760 1579 1791 6
1586 1771 1596 1798 3

887 1808 944 1838 sed
958 1808 1003 1838 ibi
1026 1808 1094 1848 ipse
1114 1818 1132 1837 e
1156 1806 1234 1837 Mss.
1262 1805 1412 1845 praetulit
1433 1805 1548 1840 literis,
1563 1807 1599 1834 et

889 1850 984 1881 Brut.
1000 1853 1050 1884 93.
1066 1860 1143 1881 vera
1162 1849 1261 1880 lectio
1277 1853 1328 1878 est
1351 1847 1513 1878 studuisse
1528 1847 1598 1877 cite-

889 1894 948 1931 ris,
965 1903 1025 1923 nec
1043 1892 1140 1924 aliter
1155 1901 1253 1923 ausus
1268 1896 1318 1921 est
1335 1890 1429 1920 edere
1443 1890 1474 1920 «Ι.
1491 1889 1594 1921 Gron.

887 1945 1075 1976 quanquam
1089 1935 1119 1966 ei
1134 1933 1339 1966 accusativus
1349 1932 1512 1974 placebat.

506 2165 901 2222 RHETORI
917 2163 1233 2221 CORUM

416 2351 489 2418 c.
552 2276 1322 2420 HEREDNNIUM

586 2470 778 2515 LIBER
809 2468 1160 2514 SECUNDUS.

664 2663 1077 2706 ARGUMENTUM.

139 2740 339 2792 Jraemissa
356 2742 454 2782 brevi
469 2755 550 2780 cum
567 2743 749 2780 dictorum
770 2742 950 2791 superiori
971 2741 1076 2784 libro,
1095 2743 1173 2777 tum
1191 2738 1258 2776 hoc
1275 2739 1354 2788 ipso
1369 2735 1603 2786 dicendorum

193 2808 337 2834 summa
355 2808 385 2833 c.
407 2800 441 2833 1.
459 2799 508 2834 2:
520 2798 647 2846 pergit
675 2809 718 2833 ea
735 2807 924 2845 exponere,
944 2806 1024 2843 quae
1043 2795 1092 2831 ad
1119 2805 1232 2842 genus
1252 2804 1445 2830 causarum
1463 2788 1605 2839 judici]-

193 2849 254 2890 ale
266 2850 467 2897 pertinent,
488 2850 532 2887 de
550 2861 620 2898 quo
638 2850 820 2899 superiori
839 2848 931 2884 libro
950 2851 1105 2896 caeperat
1119 2847 1330 2895 praecipere,
1348 2849 1403 2888 ut,
1424 2843 1604 2892 quomodo

193 2913 344 2956 quaeque
354 2902 392 2939 in
399 2901 492 2952 foro
499 2900 727 2953 judiciisque
743 2902 900 2941 tractari
919 2913 1030 2939 cansa
1046 2903 1227 2951 oporteat,
1241 2903 1338 2937 recte
1355 2897 1599 2948 intelligcu‘m¹

231 2966 342 2996 VOL.
359 2966 395 3002 ¹2

915 2965 942 2994 G
