1945 3235
565 143 754 182 LIBER
790 142 1068 194 TERTJUS.
1499 147 1549 184 59

101 249 448 293 cachinnationis
470 248 675 290 721eviter
705 248 927 305 oportebit
948 263 974 288 a
995 261 1192 288 sermone
1214 246 1325 288 serio
1349 254 1550 303 torquere

104 309 157 349 ad
180 308 400 349 liberalem
416 307 570 363 jocum
591 320 759 348 vocem.
820 305 936 347 Cum
967 314 1112 346 autem
1135 305 1397 345 contendere
1420 301 1550 361 opor-

102 366 239 417 tebit3
271 365 476 421 quoniam
507 364 550 405 id
581 372 656 404 aut
687 377 763 419 per
792 362 1183 412 continuationem,
1215 369 1291 402 aut
1323 364 1363 394 73
1380 376 1453 417 per
1483 363 1550 403 di-

105 423 409 466 stributionem
432 421 679 463 faciendum
702 429 785 462 est:
816 421 858 461 in
882 420 1227 469 continuatione,
1250 418 1436 459 adaucto
1458 433 1550 459 me-

104 481 310 522 diocriter
341 494 446 520 sono
479 479 612 530 vocis,
636 478 778 519 verbis
801 477 1123 528 continuandis,
1144 480 1186 511 7⁴
1202 489 1352 517 vocem
1375 490 1548 530 quoque

96 537 286 594 jungere
307 537 542 593 oportebit,
565 546 609 577 et
632 545 831 590 torquere
855 549 1023 586 sonu-m,
1047 543 1091 574 et
1113 533 1308 575 celeriter
1336 547 1435 574 cum
1459 533 1545 573 cla-

103 609 223 636 more
244 596 376 637 verba
387 594 616 645 conficere,
633 603 678 634 ut
699 593 785 633 vim
801 592 1034 634 volubilem
1056 591 1265 632 orationis
1290 589 1547 631 vociferatio

103 653 308 708 consequi
332 651 490 707 Possit;
521 654 561 686 75
576 652 620 692 in
643 650 950 692 distributione
972 651 1026 691 ab
1060 650 1156 690 imis
1180 648 1379 689 faucibus
1402 648 1548 688 excla-
1560 646 1657 683 ΡΩ]-

103 710 338 751 mationem
361 723 491 764 quam
514 707 796 750 clarissimam
818 708 1024 748 adhibere
1043 716 1238 762 oportet:
1271 715 1315 746 et
1336 714 1547 761 quantum
1560 697 1590 717 a.

103 767 231 822 spatii
265 781 339 823 per
371 766 561 822 singulas
601 766 940 807 exclamationes
981 764 1274 815 sumserimus,
1303 771 1474 804 tantum
1504 763 1550 803 in

101 824 270 881 singula
300 824 524 866 intervalla
555 824 682 880 spatii
714 837 967 864 consumere
988 823 1259 878 76jubemur.
1322 820 1373 861 In
1397 819 1551 876 ampli-

102 881 394 932 ficationibus,
419 897 519 923 cum
542 881 846 923 cohortatione
869 890 1040 921 utemur
1062 894 1166 920 voce
1190 879 1551 929 attenuatissima,

100 938 288 981 clamore
326 940 426 989 leni,
456 943 496 973 77
509 954 615 981 sono
658 938 877 994 aequabili,
919 937 1336 979 commutationibus
1375 935 1552 987 crebris,

100 998 293 1038 maxima
305 997 548 1039 celeritate:
572 997 616 1038 in
640 996 952 1051 conquestione
972 999 1012 1030 78
1029 1005 1198 1036 utemur
1220 1008 1325 1035 voce
1338 994 1553 1049 depressa,

102 1054 310 1096 inclinato
342 1069 464 1105 sono,
507 1055 669 1096 crebris
706 1054 955 1104 intervallis,
999 1052 1139 1108 longis
1181 1052 1347 1107 spatiis,
1381 1051 1551 1106 magnis
1614 1094 1634 1104 -

100 1113 534 1154 commutationibus.
598 1111 667 1153 De
689 1112 830 1168 figura
851 1112 969 1152 vocis
994 1111 1096 1150 satis
1119 1110 1285 1151 dictum
1309 1119 1400 1151 est:
1432 1123 1548 1149 nunc
1571 1096 1637 1143 13

103 1169 156 1210 de
174 1171 368 1226 corporis
392 1179 514 1211 motu
538 1170 771 1211 dicendum
795 1169 980 1210 videtur.
1235 1215 1245 1218 μ

160 1227 314 1269 Motus
336 1237 401 1268 est
428 1227 621 1283 corporis
645 1236 807 1283 gestus,
837 1236 881 1267 et
904 1225 1046 1267 vultus
1069 1223 1310 1266 moderatio
1331 1223 1613 1279 qtiaedam,⁶26

102 1299 200 1340 quae
223 1286 521 1341 pronuntianti
555 1285 775 1336 convenit,
798 1293 842 1325 et
875 1283 1170 1340 probabiliora
1198 1281 1339 1322 reddit
1361 1296 1424 1332 ea,
1451 1295 1550 1336 quae

102 1344 451 1398 pronuntiantur.
514 1341 734 1384 Convenit
764 1343 900 1399 igitur
923 1341 966 1382 in
1000 1341 1119 1382 vultu
1144 1339 1354 1396 pudorem
1377 1348 1422 1380 et
1443 1339 1554 1380 acri-

100 1400 293 1441 moniam
320 1414 433 1442 esse:
458 1400 502 1440 in
533 1409 659 1456 gestu
689 1414 769 1442 nec
804 1408 1075 1441 venustatem
1094 1403 1134 1433 79
1149 1396 1446 1453 conspicuam,
1474 1411 1555 1438 nec

101 1457 416 1513 turpitudinem
438 1472 544 1510 esse,
567 1473 622 1499 ne
646 1468 720 1499 aut
743 1458 990 1508 histriones,
1010 1466 1085 1498 aut
1115 1455 1300 1512 operarii
1332 1454 1557 1496 videamur

101 1529 204 1557 esse.
265 1515 336 1558 ,Ad
359 1516 531 1557 easdem
561 1516 696 1573 igitur
719 1525 877 1573 partes,
902 1516 944 1556 in
973 1530 1079 1570 quas
1101 1528 1188 1555 vox
1219 1521 1284 1554 est
1305 1512 1554 1565 distributa,

101 1575 142 1604 80
153 1582 297 1614 motus
320 1588 495 1629 quoque
517 1574 710 1630 corporis
731 1574 841 1615 ratio
862 1573 1033 1615 videtur
1051 1586 1143 1613 esse
1166 1570 1553 1612 accommodanda.

101 1628 218 1672 Nam
241 1631 275 1672 si
298 1632 380 1673 erit
402 1646 541 1673 sermo
575 1646 675 1673 cum
707 1632 949 1688 dignitate3
978 1640 1140 1672 stantes
1172 1630 1216 1670 in
1240 1628 1444 1684 vestigio,
1471 1627 1556 1669 levi

100 1687 292 1734 dexterae
311 1698 434 1731 motu
457 1689 575 1745 loqui
599 1689 835 1747 oportebit,
858 1689 1091 1740 hilaritate,
1116 1686 1307 1738 tristitia,
1326 1686 1559 1728 mediocri-

102 1754 190 1787 tate
215 1746 356 1790 vultus
375 1748 429 1789 ad
449 1748 658 1789 sermonis
683 1747 918 1789 sententias
942 1745 1294 1788 accommodata:
1319 1744 1384 1785 sin
1408 1744 1490 1785 erit
1512 1744 1557 1785 in

103 1803 472 1847 demonstratione
492 1820 657 1858 sermo3
681 1809 717 1837 81
736 1804 974 1862 paullulum
994 1819 1150 1862 corpus
1171 1818 1196 1844 a
1217 1802 1460 1845 cervicibus
1483 1801 1558 1843 de-

142 1921 184 1953 72
207 1918 342 1951 Leviter
380 1920 559 1961 oportebit]
599 1921 651 1951 Sic
690 1921 804 1961 scripsi
819 1931 837 1945 x
848 1920 1039 1951 nunciandi.
1063 1920 1180 1960 Itaque
1194 1918 1367 1950 blanditur
1378 1917 1477 1947 lectio
1493 1917 1558 1948 Ms.

99 1971 159 2002 pro
186 1963 303 1993 leniter
316 1974 333 1994 e
349 1962 428 1993 Mss.
456 1966 490 1993 et
515 1963 586 1994 edd.
606 1973 655 2004 pr.
700 1964 807 2003 Supra
850 1963 941 1994 Coi-t.
946 1964 1114 2004 jubemus,
1129 1963 1191 1992 nisi
1205 1965 1317 1991 totum
1338 1960 1475 1991 verbum
1491 1961 1559 1991 fac·

99 2014 228 2043 quoque
254 2015 314 2045 pro
335 2006 450 2035 leniter
475 2010 570 2036 trem.
604 2005 703 2036 multi
730 2005 806 2037 libri
849 2011 922 2036 tum
938 2011 989 2036 est
1003 2016 1019 2035 e
1034 2006 1193 2036 debemus.
1206 2013 1284 2035 nam
1297 2003 1359 2033 etsi
1372 2003 1474 2033 etiam
1486 2012 1557 2034 ma-

99 2045 223 2077 habent
237 2049 362 2079 leviter.
385 2048 447 2078 Sed
461 2049 560 2078 verbo
570 2052 666 2079 trem.
690 2053 806 2088 aptum
851 2049 944 2088 gistri
958 2049 1082 2080 artium
1097 2048 1254 2078 dicuntur
1266 2046 1385 2088 jubere
1400 2045 1487 2085 apud
1503 2045 1558 2076 Ci-

97 2094 148 2118 cst
164 2091 292 2127 leuiter,
307 2095 346 2121 ut
369 2091 467 2121 verbo
482 2091 657 2131 torquendi
678 2092 801 2121 leviter.

99 2131 138 2161 In
167 2132 233 2163 fine
255 2143 362 2164 vocem
385 2139 461 2174 post
475 2133 592 2173 jocum
615 2143 692 2163 sane
709 2143 803 2164 aures

98 2183 188 2205 meas
196 2175 352 2213 offendit3
368 2175 424 2206 sed
433 2182 481 2206 ost
492 2176 526 2206 in
536 2176 626 2206 libris
636 2177 802 2214 omnibus,

98 2222 132 2246 et
144 2221 292 2258 torquere
300 2218 430 2249 videtur
440 2219 472 2249 id
481 2219 616 2249 verbum
630 2219 719 2258 requi
725 2229 804 2249 rere.

141 2262 181 2293 73
211 2260 283 2291 Per
295 2261 580 2301 distributionem]
606 2262 627 2292 i.
643 2272 671 2292 e.
686 2272 744 2302 per
757 2261 804 2292 al-

97 2303 330 2342 tercationem,
358 2313 436 2334 cum
463 2304 600 2335 alternis
623 2303 806 2344 loquuntur

99 2349 256 2376 oratores.
282 2357 313 2378 v.
328 2346 420 2378 Clav.
434 2347 469 2377 in
484 2348 666 2377 altercatio.

141 2391 182 2421 74
210 2388 326 2420 Vocem
338 2389 636 2430 quoquejemg-ere.]
653 2390 705 2421 Sic
719 2400 802 2421 non-

99 2430 184 2461 nulli
210 2431 290 2462 Mss.
317 2433 417 2463 etiam
440 2432 530 2473 Lips.
554 2438 589 2462 et
611 2431 682 2462 edd.
713 2436 804 2467 1475.

97 2472 188 2504 Med.
206 2477 297 2510 1498.
311 2475 408 2506 Junt.
454 2475 515 2506 Est
534 2476 744 2513 continuare,
766 2481 805 2506 ut

98 2514 195 2546 docet
203 2516 305 2548 Gron.
320 2518 362 2549 ad
376 2517 408 2548 h.
418 2517 440 2549 l.
453 2529 492 2549 ex
506 2518 609 2558 patris
624 2518 717 2548 Obss.
731 2521 763 2556 2,
774 2521 805 2549 3.

141 2561 182 2592 75
208 2559 252 2590 In
278 2561 505 2591 distributione
529 2571 637 2591 vocem
663 2562 705 2591 ab
730 2562 806 2591 imis

96 2598 250 2637 saucibus
275 2605 512 2634 exclamatione
534 2613 635 2644 qnam
661 2604 806 2634 clarissi-

99 2644 181 2683 mct.]
208 2645 260 2676 Sic
280 2646 393 2686 vulgg.
419 2656 544 2677 omnes.
589 2646 705 2677 Delevi
728 2657 805 2677 cum

100 2685 230 2733 (ffraevio
245 2699 263 2718 e
277 2688 357 2719 Cod.
371 2688 440 2727 Erf.
454 2699 574 2726 vocem,
590 2693 624 2719 et
639 2690 804 2720 eam-lama-

99 2731 219 2759 tzmzem
241 2741 341 2770 quam
362 2733 582 2763 clarissimam
599 2731 692 2762 dedi:
718 2731 805 2771 quod

101 2779 150 2800 res
173 2771 274 2802 etiam
298 2775 444 2813 requirit.
490 2775 532 2806 In
547 2774 682 2813 vulgata
694 2784 807 2805 sensus

101 2814 294 2845 commodus
308 2825 375 2846 non
388 2823 450 2848 est.
697 2846 699 2848 .

118 2897 125 2904 ⁶
142 2856 184 2888 76
209 2856 400 2899 Jubemur]
427 2860 493 2891 [nt.
521 2871 541 2891 a
565 2860 732 2900 magistris
755 2870 806 2891 ar-

100 2902 143 2928 tis
159 2897 298 2931 dicendi.
321 2901 385 2932 Sed
400 2908 512 2933 noster
525 2913 624 2943 supra
638 2902 734 2939 dixit,
750 2913 806 2933 eos

101 2949 169 2971 non
182 2943 360 2984 praecipere
370 2944 546 2986 diligenter
562 2945 600 2976 de
617 2945 714 2976 modo
730 2957 805 2987 pro-

847 2101 999 2122 cer-onem
1013 2103 1022 2128 ;
1037 2099 1152 2121 tamen
1168 2094 1294 2127 noster,
1307 2087 1395 2128 quod
1406 2089 1558 2120 observa-

847 2134 924 2171 rim,
940 2143 1111 2173 nunquam
1127 2133 1187 2163 hoc
1203 2132 1302 2162 verbo
1318 2131 1356 2161 de
1372 2131 1409 2160 iis
1426 2131 1544 2161 utitur.

889 2180 929 2211 77
957 2177 1042 2207 Sono
1057 2175 1232 2216 oequabilz']
1260 2175 1313 2205 Sic
1329 2174 1410 2204 Mss.
1423 2183 1475 2214 ap.
1489 2173 1558 2204 Ou-

848 2219 944 2250 dend.
971 2220 1076 2250 nostri
1096 2223 1131 2250 et
1156 2217 1228 2249 edd.
1251 2226 1302 2257 pr.
1327 2222 1449 2257 praeter
1467 2218 1558 2250 1474.

847 2262 946 2302 Vulg.
959 2262 1088 2302 aequali.

890 2308 930 2339 78
962 2304 1102 2336 Ueemur
1116 2313 1188 2334 voce
1207 2301 1382 2343 depressa]
1417 2301 1558 2332 Utemur

849 2348 942 2378 abest
965 2358 984 2378 a
1007 2347 1071 2378 ΜΞ.
1099 2347 1191 2378 Cort.
1219 2346 1316 2383 bene,
1339 2351 1378 2375 ut
1403 2344 1557 2375 arbitror.

850 2390 901 2421 Ea
914 2400 977 2421 vox
992 2389 1103 2421 addita
1118 2394 1167 2419 est
1183 2393 1320 2429 propter
1334 2388 1556 2427 interpuncti-

848 2443 960 2470 onem,
978 2443 1050 2473 quae
1064 2434 1098 2463 in
1112 2432 1203 2462 libris
1219 2435 1293 2472 post.
1308 2431 1474 2461 celeritate
1488 2440 1555 2460 ma-

848 2476 938 2506 xima
952 2482 1013 2506 est.

891 2523 932 2554 79
950 2517 1189 2558 Conspicuam]
1206 2514 1424 2555 Mssquidam
1435 2517 1557 2555 conspi-

848 2562 1013 2597 ciendum,
1029 2560 1117 2601 quod
1130 2561 1273 2601 probant
1288 2561 1394 2589 Graev.
1409 2563 1444 2588 et
1458 2558 1543 2588 Oud.

892 2606 932 2635 80
969 2604 1082 2635 Motus
1119 2613 1242 2643 quoque
1268 2601 1434 2641 eorporis]
1471 2602 1558 2632 Puto

849 2647 984 2677 verbum
999 2647 1140 2687 corporis
1159 2655 1226 2676 esse
1241 2645 1402 2685 spurium.
1424 2654 1503 2674 nam
1517 2644 1557 2674 dc

847 2693 922 2720 toto
949 2694 1058 2726 motu,
1079 2697 1148 2719 non
1173 2688 1212 2719 dc
1233 2692 1340 2729 parte,
1361 2686 1383 2717 i.
1398 2696 1426 2716 e.
1447 2692 1556 2726 gestu,

849 2742 956 2763 serino
972 2736 1032 2762 est.

895 2778 929 2806 81
961 2775 1164 2805 Paulzuzum
1199 2782 1316 2814 corp-us
1338 2782 1360 2802 a
1382 2771 1559 2802 cervicibus

852 2817 1092 2857 demutamus]
1119 2818 1140 2848 i.
1166 2827 1195 2847 e.
1222 2827 1243 2847 a
1266 2821 1361 2856 parte
1383 2813 1556 2854 superiori,

851 2860 959 2891 iudea
973 2859 1153 2890 cervicibus
1176 2859 1299 2890 leniter
1322 2855 1475 2888 inclinari
1501 2865 1560 2886 ane

849 2907 995 2935 troi-sum
1009 2907 1042 2934 et
1060 2912 1169 2933 versus
1185 2901 1355 2933 audientes
1368 2899 1474 2930 debet.

1048 2949 1067 2965 ,ὑ
