1945 3235
366 174 443 213 356
882 172 964 212 DE
997 172 1283 213 ORATORE

368 288 483 335 ptus,
506 278 661 335 inquit,
680 286 726 320 et
746 293 844 320 eum
872 278 1040 321 doctior
1071 293 1146 335 per
1168 288 1224 330 te,
1246 287 1337 320 tum
1359 278 1490 320 etiam
1523 277 1724 320 audacior
1745 277 1808 319 fa-

367 344 464 377 ctus
495 350 586 377 sum
619 336 671 378 ad
697 336 951 391 jocandum.
1012 336 1110 378 Non
1134 337 1247 377 enim
1274 350 1435 386 vereor,
1457 350 1510 377 ne
1539 336 1635 391 quis
1664 349 1735 377 me
1764 336 1808 378 in

371 392 454 434 isto
477 407 633 451 genere
654 393 855 435 leviorem
877 393 970 448 jam
993 403 1129 449 putet,
1151 394 1355 448 quoniam
1377 393 1550 448 quidem
1583 401 1628 433 tu
1661 392 1810 434 Fabri-

372 450 463 492 cios
493 450 598 492 mihi
631 460 840 500 auctores,
862 460 906 491 et
929 449 1170 500 Africanos,
1195 450 1433 500 Maximus,
1457 450 1660 500 Catones,
1685 449 1811 504 Lepi-

286 514 359 550 291
375 507 454 549 dos
475 508 706 565 protulisti.
766 508 848 549 Sed
873 507 1040 548 habetis
1063 523 1126 557 ea,
1147 523 1243 563 quae
1269 507 1462 548 voluistis
1484 521 1536 548 ex
1560 520 1628 548 me
1650 505 1811 557 audire,

375 564 429 606 de
448 566 605 620 quibus
627 564 799 620 quidem
832 565 1072 605 accuratius
1093 565 1323 606 dicendum
1345 574 1388 605 et
1409 564 1690 620 cogitandum
1714 562 1811 604 fuit.

377 637 475 664 nam
497 633 639 664 cetera
660 621 852 662 faciliora
873 630 987 672 sunt,
1009 631 1050 662 at
1086 636 1137 662 ue
1157 636 1210 662 ex
1236 622 1300 672 iis,
1323 637 1419 677 quae
1445 622 1538 676 jam
1561 621 1678 662 dieta
1698 630 1812 669 flunt,

294 674 363 728 72
377 679 538 735 reliqua
560 689 794 721 nascuntur
822 679 983 720 omnia.
1062 690 1138 734 ⁴go
1168 680 1282 720 enim
1313 693 1412 720 cnm
1441 678 1494 720 ad
1516 692 1689 720 causam
1719 691 1812 718 sum

375 752 618 793 aggressus,
641 746 770 791 atque
791 735 938 777 omnia
957 735 1206 790 cogitando,
1228 737 1368 792 quoad
1392 736 1532 778 facere
1559 735 1698 791 potui,
1717 746 1816 790 per-

375 804 571 844 secutus;
610 808 708 834 cum
751 803 793 833 et
833 807 879 833 ar
916 801 1088 833 umenta
1119 807 1274 843 causae‚
1312 803 1356 834 et
1387 807 1459 834 eos
1497 793 1629 843 locos,
1658 792 1814 847 quibus

375 851 507 892 animi
533 851 733 905 judicum
765 807 1064 900 conciiiiantur,
1094 859 1138 890 et
1171 849 1278 901 illos,
1306 850 1462 904 quibus
1526 857 1815 898 ermoventur,

375 908 464 949 vidi
497 918 625 964 atque
655 907 867 963 cognovi:
902 915 992 947 tum
1029 906 1262 957 constituo,
1297 907 1400 961 quid
1438 867 1596 948 haEeat
1630 916 1816 962 quaeq'ue

375 979 506 1006 causa
530 965 647 1015 boni,
669 964 773 1020 quid
804 963 920 1004 mali.
983 963 1114 1005 Nulla
1142 964 1255 1004 enim
1288 963 1376 1004 fere
1410 978 1474 1004 res
1504 972 1647 1020 potest
1677 963 1722 1005 in
1751 963 1816 1004 di-

376 1022 501 1064 cendi
535 1022 892 1078 disceptationem
926 1029 1001 1061 aut
1034 1021 1370 1063 controversiam
1404 1021 1562 1072 vocari,
1594 1035 1692 1075 quae
1730 1034 1817 1061 non

290 1079 537 1127 292habeat
570 1089 822 1134 utrumque:
855 1078 942 1129 sed,
977 1087 1186 1133 quantum
1222 1077 1392 1129 habeat,
1431 1078 1472 1119 id
1512 1078 1655 1119 refert.
1714 1076 1821 1118 Mea

378 1146 521 1178 autem
555 1137 664 1178 ratio
696 1136 740 1177 in
770 1135 954 1177 dicendo
984 1135 1079 1177 liaec
1108 1149 1199 1177 esse
1229 1135 1350 1186 solet,
1375 1143 1436 1186 ut,
1464 1135 1565 1176 boni
1596 1135 1712 1189 quod
1743 1134 1818 1175 ha·

378 1194 493 1245 beat,
529 1194 573 1235 id
611 1193 860 1250 amplectar,
893 1206 1114 1244 exornem,
1145 1206 1432 1248 exaggerem3
1465 1192 1524 1233 ibi
1563 1205 1818 1242 commorer,

377 1250 438 1292 ibi
462 1251 669 1302 habitem,
694 1251 753 1292 ibi
776 1251 985 1292 haeream:
1018 1264 1043 1290 a
1071 1250 1183 1291 malo
1206 1261 1349 1291 autem
1373 1249 1566 1305 vitioque
1587 1263 1728 1290 causae
1759 1248 1820 1290 ita

376 1309 589 1359 recedam,
610 1323 697 1349 non
730 1317 777 1348 ut
808 1308 848 1348 id
882 1322 949 1349 me
969 1307 1225 1364 &defugere
1256 1315 1475 1364 appareat,
1498 1307 1572 1348 sed
1592 1314 1642 1348 ut
1663 1315 1820 1357 totum,

377 1367 495 1407 bono
529 1365 601 1407 illo
633 1365 826 1407 ornando
858 1377 902 1406 et
942 1365 1141 1422 augendo
1178 1364 1561 1415 45dissimulatum‚
1598 1364 1819 1405 obruatur.

248 1434 280 1466 P·
299 1423 366 1454 ¹35·
382 1421 452 1474 Et,
475 1423 510 1464 si
531 1438 661 1465 causa
681 1432 744 1464 est
767 1423 809 1464 in
832 1423 1121 1478 argumentis3
1154 1422 1398 1462 firmissima
1418 1435 1602 1477 quaeque
1633 1420 1821 1462 maxime

336 1476 517 1532 ‘'tueor,
550 1481 638 1521 sive
674 1480 797 1537 plura
828 1488 941 1529 sunt,
979 1479 1067 1520 sive
1099 1479 1272 1535 aliquod
1306 1493 1464 1520 unum:
1497 1479 1562 1519 sin
1594 1487 1738 1519 autem
1777 1477 1821 1518 in

380 1537 699 1589 conciliatione,
721 1546 795 1578 aut
822 1537 866 1578 in
889 1536 1156 1593 permotione
1177 1551 1305 1577 causa
1325 1545 1415 1587 est;
1445 1535 1498 1576 ad
1520 1549 1614 1576 eam
1644 1549 1715 1576 me
1743 1549 1822 1590 po-

380 1595 594 1636 tissimum
624 1604 805 1650 partem,
836 1609 933 1649 quae
964 1593 1154 1635 maxime
1181 1607 1453 1635 commovere
1484 1593 1650 1634 animos
1681 1591 1823 1633 homi-

292 1657 368 1692 293
381 1667 485 1693 num
517 1660 674 1708 potest,
697 1651 888 1693 confero.
949 1650 1127 1692 Summa
1155 1650 1340 1705 denique
1370 1650 1499 1704 hujus
1529 1649 1697 1706 generis
1728 1649 1823 1691 liaec

381 1720 461 1761 est,
483 1719 546 1760 ut,
569 1709 602 1750 si
636 1709 679 1749 in
704 1708 935 1750 refellendo
958 1708 1198 1749 adversario
1221 1708 1384 1748 firmior
1404 1721 1496 1748 esse
1517 1708 1671 1758 oratio,
1693 1720 1820 1762 quam

382 1767 425 1808 in
449 1766 754 1808 confirmandis
776 1766 932 1806 nostris
961 1766 1102 1816 rebus,
1127 1774 1282 1821 potest,
1304 1765 1451 1806 omnia
1471 1764 1515 1804 in
1534 1764 1653 1804 illum
1675 1762 1824 1805 eon-fe-

381 1838 474 1865 ram
508 1824 615 1876 tela3
647 1823 712 1864 sin
749 1833 897 1864 nostra
929 1821 1096 1863 facilius
1137 1823 1322 1878 probari,
1361 1836 1490 1877 quam
1523 1821 1595 1862 illa
1623 1820 1821 1876 redargui

383 1883 580 1938 possunt,
602 1881 814 1922 abducere
836 1880 1002 1921 animos
1025 1894 1049 1920 a
1070 1880 1285 1921 contraria
1304 1879 1569 1930 defensione,
1588 1887 1632 1919 et
1662 1878 1713 1920 ad
1747 1891 1824 1919 no-

294 1945 371 1980 294
384 1952 515 1980 stram
534 1940 576 1970 46
589 1953 723 1980 conor
754 1938 989 1979 traducere.
1051 1936 1152 1977 Duo
1173 1937 1357 1992 denique
1387 1937 1472 1987 illa,
1494 1951 1591 1991 quae
1621 1934 1825 1976 facillima

383 1996 596 2046 videntur,
619 1996 823 2050 quoniam
855 2010 951 2050 quae
983 1994 1227 2035 difficiliora
1247 2004 1360 2045 sunt,
1386 2008 1472 2034 non
1504 2007 1695 2050 possum,
1715 1991 1824 2034 mihi

382 2068 461 2110 pro
493 2067 588 2094 meo
613 2053 713 2108 jure
745 2066 892 2093 sumo:
926 2066 1073 2102 unum,
1106 2062 1151 2092 ut
1181 2052 1362 2092 molesto
1395 2060 1470 2092 aut
1501 2049 1666 2092 difficili
1697 2063 1823 2106 argu-

381 2120 545 2160 mento,
582 2120 656 2150 aut
686 2109 781 2151 loco
812 2123 1136 2163 nonnumquam
1164 2109 1340 2149 omnino
1376 2107 1484 2149 nihil
1517 2107 1822 2163 respondeam:

334 2208 337 2210 .
381 2168 498 2223 quod
521 2167 699 2207 forsitan
723 2167 875 2221 aliquis
900 2166 1000 2221 jure
1023 2166 1212 2206 irriserit.
1235 2166 1330 2221 quis
1351 2165 1464 2206 enim
1489 2174 1568 2215 est,
1598 2165 1672 2219 qui
1694 2163 1738 2205 id
1761 2163 1824 2204 fa-

382 2239 478 2266 cere
500 2239 584 2265 non
619 2224 782 2280 possit?
813 2224 885 2264 sed
910 2234 1049 2264 tamen
1073 2237 1155 2279 ego
1178 2223 1230 2264 de
1262 2237 1356 2264 mea
1377 2237 1506 2273 nunc,
1529 2236 1615 2262 non
1637 2222 1690 2262 de
1719 2219 1824 2262 alio-

382 2296 476 2323 rum
500 2281 704 2322 facultate
727 2281 917 2337 disputo,
939 2280 1232 2334 confiteorque
1263 2293 1346 2331 me,
1377 2280 1411 2320 si
1434 2294 1531 2334 quae
1562 2287 1733 2334 premat
1759 2291 1823 2318 nes
1850 2291 1858 2299 ·

382 2339 693 2389 vehementius,
724 2338 785 2378 ita
814 2338 964 2379 cedere
995 2336 1143 2388 solere,
1174 2346 1221 2378 ut
1251 2351 1337 2378 non
1365 2337 1494 2378 modo
1525 2351 1612 2378 non
1635 2335 1824 2391 abjecto,

426 2498 467 2528 44
489 2495 645 2536 defugere
666 2493 842 2534 appareat]
866 2494 944 2525 Non
969 2499 1084 2534 aptum

383 2538 416 2569 h.
432 2538 453 2569 l.
469 2539 603 2568 verbum
621 2535 790 2576 defugere,
805 2536 891 2575 qnod
913 2536 952 2566 de
975 2536 1084 2567 labore

382 2580 535 2617 dicimus,
563 2589 661 2618 quem
690 2588 875 2609 recusamus
905 2579 1012 2609 obire:
1050 2583 1086 2608 at

384 2622 522 2659 malum,
537 2621 716 2659 cujusmodi
731 2627 780 2651 est
802 2620 834 2650 h.
851 2621 872 2651 1.
888 2620 1084 2660 refugimus.

365 2664 461 2695 just.
484 2674 512 2694 c.
539 2666 591 2697 75.
619 2663 699 2692 dicit
727 2662 920 2702 simpliciter
934 2662 1082 2702 fugere,-

368 2706 437 2745 ,cui
452 2706 552 2736 etiam
569 2705 735 2735 recedendi
751 2705 884 2735 verbum
899 2705 1064 2735 convenit.

425 2751 466 2779 45
488 2747 732 2777 dissimulatum
745 2747 918 2786 obruatur]
939 2747 1027 2778 Haesi
1051 2747 1083 2778 in

373 2789 639 2829 dissimulatum,
653 2789 739 2828 quod
753 2788 786 2818 h.
803 2789 823 2819 l.
838 2799 953 2829 parum
969 2795 1084 2829 aptum

383 2832 523 2862 =idetur.
546 2832 623 2863 Non
639 2831 726 2861 enim
742 2831 980 2868 dissimulatur,
995 2831 1082 2871 quod

384 2883 450 2904 non
475 2873 635 2911 refugitur
658 2882 800 2912 prorsus,
848 2873 953 2903 Haesit
980 2875 1080 2904 etiam

383 2915 604 2954 Guilielmius,
615 2916 708 2955 cujus
719 2920 833 2949 tamen
846 2916 1006 2948 correctio
1016 2916 1080 2949 dte-

1125 2493 1310 2524 eimulatim
1324 2502 1390 2524 non
1406 2493 1524 2534 placet.
1552 2491 1670 2523 Malim
1684 2501 1704 2522 a
1717 2491 1825 2532 glossa

1127 2541 1238 2566 ortum
1263 2540 1396 2575 putare:
1422 2544 1499 2566 nam
1518 2535 1596 2574 quid
1616 2534 1651 2564 in
1672 2544 1711 2565 eo
1727 2534 1824 2564 verbo

1127 2577 1244 2614 lateat,
1259 2583 1373 2618 aptum
1390 2577 1422 2608 h.
1438 2577 1461 2607 l.
1478 2586 1546 2607 non
1562 2576 1697 2617 reperio.
1818 2575 1820 2577 ’

1168 2620 1210 2650 46
1232 2629 1327 2650 conor
1339 2619 1525 2658 traducere]
1551 2619 1701 2650 Pearcius
1722 2616 1824 2649 edidit

1127 2672 1234 2699 coner,
1253 2666 1383 2692 secutus
1406 2661 1616 2692 Lambinum.
1660 2660 1694 2691 Si
1716 2668 1827 2691 neees-

1127 2704 1213 2735 sario
1226 2703 1267 2735 ad
1280 2709 1316 2734 ut
1340 2703 1543 2735 referendum
1559 2710 1609 2734 est
1622 2703 1771 2740 verbum,
1785 2707 1825 2732 ue

1126 2746 1294 2787 conferam
1305 2758 1314 2776 .·
1338 2751 1435 2776 recte.
1478 2746 1536 2776 Sin
1551 2745 1655 2776 altera
1669 2753 1742 2785 pars
1757 2752 1825 2774 non

1127 2789 1175 2819 ita
1189 2798 1263 2819 cum
1287 2788 1392 2829 prima
1405 2787 1559 2824 cohaeret,
1574 2792 1614 2818 ut
1628 2787 1762 2830 verbum
1783 2785 1825 2815 ab

1122 2835 1161 2861 ut
1208 2829 1326 2861 endere
1351 2829 1481 2867 debeat,
1504 2839 1601 2861 conor
1627 2838 1740 2864 verum
1764 2832 1824 2859 est.

1123 2874 1169 2907 Et
1206 2883 1245 2904 oc
1261 2871 1343 2904 mihi
1357 2872 1496 2904 videtur.
1795 2888 1798 2892 <
