1945 3235
373 139 446 178 170
824 134 906 173 DE
944 132 1250 173 INVENTIO
1260 131 1341 171 NE

317 244 347 274 b·
361 239 474 280 ditos
496 238 722 295 dignitate.
775 236 947 280 Etenim
970 240 1157 295 quodam
1180 246 1371 295 tempore
1395 234 1660 279 Crotoniatae
1682 235 1794 279 mul-

359 306 451 337 tum
490 296 688 337 omnibus
719 310 947 352 corporum
983 298 1146 338 viribus
1174 305 1218 337 et
1250 293 1534 353 dignitatibus
1563 301 1792 336 antestete-

356 363 472 405 runt,
503 364 631 409 atque
662 354 982 395 honestissimas
1013 369 1067 395 cx
1099 354 1303 410 gymnico
1325 350 1557 394 certamine
1586 351 1787 393 victorias

355 411 531 452 domum
572 425 670 452 cuin
709 412 900 452 maxima
938 411 1059 452 laude
1103 411 1350 452 retulerunt.
1412 409 1525 450 Cum
1561 423 1790 464 puerorum

353 468 489 524 igitur
520 469 678 509 formas
703 478 743 508 ct
767 483 947 524 corpora
977 482 1136 524 magno
1161 468 1230 509 hic
1252 481 1379 523 opere
1410 466 1658 507 miraretur:
1692 465 1788 507 Ho-

354 540 464 577 rum,
488 527 719 581 4inquiunt
749 525 823 575 illi,
848 540 1011 566 sorores
1044 534 1143 566 sunt
1177 526 1290 582 apud
1319 539 1395 565 nos
1419 523 1621 580 virgines.
1643 537 1788 580 quare,

353 598 452 638 quae
484 583 569 624 sint
599 582 680 623 illae
711 582 937 638 dignitate,
973 591 1093 638 potes
1124 597 1178 624 ex
1210 583 1275 623 his
1309 581 1529 637 suspicari.
1590 579 1789 622 Praebete

353 640 488 696 igitur
518 640 639 690 mihi,
671 654 833 694 quaeso,
866 639 1019 695 inquit,
1049 655 1106 681 ex
1140 640 1231 681 istis
1262 639 1501 696 virginibus
1532 637 1789 679 formosissi-

352 711 459 748 mas,
481 698 583 738 dum
615 696 748 752 pingo
780 696 837 748 id,
860 697 975 752 quod
1007 697 1221 753 pollicitus
1253 711 1346 738 sum
1378 696 1514 747 vobis,
1541 704 1590 736 ut
1618 702 1788 736 mutum

354 754 398 796 in
442 753 715 794 simulacrum
753 768 807 794 ex
850 754 1022 795 animali
1061 754 1259 811 exemplo
1298 754 1452 795 veritas
1495 751 1788 794 transferatur.

316 815 372 852 35
397 810 507 852 Tum
531 810 813 862 Crotoniatae,
845 811 1019 868 publico
1051 812 1103 853 de
1133 811 1327 862 consilio,
1359 810 1546 867 virgines
1577 824 1711 851 unum
1742 809 1786 850 in

353 867 495 909 locum
518 869 834 919 conduxerunt,
865 877 908 909 et
939 869 1109 925 pictori,
1141 884 1246 924 quas
1278 868 1416 919 vellet,
1447 867 1632 924 eligendi
1664 875 1786 923 pote-

354 933 510 967 statem
552 925 775 966 dederunt.
846 923 923 966 Ille
964 936 1109 967 autem
1150 927 1339 981 quinque
1379 925 1565 982 delegit3
1607 938 1789 980 quarum

349 983 527 1024 nomina
552 982 677 1023 multi
711 990 852 1038 poetae
885 983 1106 1024 memoriae
1140 984 1420 1034 tradiderunt,
1449 983 1565 1039 quod
1598 982 1691 1037 ejus
1723 996 1788 1022 es—

350 1040 630 1095 sentjudicio
654 1040 863 1095 probatae,
885 1040 958 1095 qui
984 1040 1250 1081 verissimum
1272 1039 1604 1095 pulchritudinis
1629 1039 1785 1080 habere

342 1096 561 1152 judicium
583 1097 814 1138 debuisset.
847 1111 985 1153 neque
1007 1097 1122 1138 enim
1153 1097 1336 1153 putavit,
1359 1097 1518 1148 omnia,
1540 1111 1637 1152 quae
1667 1111 1785 1151 quae-

347 1164 459 1196 reret
481 1155 534 1196 ad
556 1163 839 1205 venustatem,
862 1169 948 1195 uno
972 1155 1013 1195 in
1037 1168 1216 1210 corpore
1239 1168 1282 1195 se
1304 1155 1487 1210 reperire
1509 1167 1658 1210 posse3
1689 1153 1786 1195 ideo

346 1212 463 1269 quod
493 1212 616 1263 nihil,
640 1211 858 1268 6simplici
893 1212 936 1252 in
968 1226 1137 1268 genere,
1165 1211 1281 1253 omni
1309 1226 1363 1253 ex
1394 1219 1514 1268 parte
1546 1209 1786 1267 perfectum

347 1278 502 1312 natura
522 1269 748 1325 expolivit.
772 1269 962 1324 7itaque,
988 1280 1192 1325 tanquam
1214 1269 1366 1310 ceteris
1388 1283 1475 1310 non
1499 1268 1554 1309 sit
1584 1268 1787 1309 habitura

346 1327 463 1383 quod
496 1327 716 1383 largiatur,
749 1326 782 1367 si
815 1327 886 1368 uni
920 1335 1078 1368 cuncta
1106 1326 1378 1377 concesserit,
1413 1326 1527 1367 aliud
1562 1325 1634 1367 alii
1667 1339 1785 1367 com-

348 1384 481 1435 modi,
504 1384 647 1439 aliquo
670 1384 876 1439 adjuncto
901 1384 1190 1434 incommodo,
1211 1393 1473 1425 muneratur.

302 1451 334 1499 2
409 1442 538 1488 Quod
562 1441 766 1496 quoniam
788 1441 912 1481 nobis
935 1455 1106 1496 quoque
1129 1440 1360 1482 voluntatis
1385 1440 1558 1490 accidit,
1580 1447 1629 1480 ut
1649 1447 1786 1482 artem

312 1527 338 1560 4
351 1499 518 1540 dicendi
541 1499 913 1555 perscriberemus,
932 1513 1019 1539 non
1042 1513 1174 1538 unum
1194 1498 1365 1553 aliquod
1385 1497 1686 1554 proposuimus
1707 1511 1785 1539 ex-

349 1556 553 1612 emplum,
577 1556 699 1610 cujus
722 1569 868 1596 omnes
897 1564 1051 1611 partes,
1073 1570 1346 1611 quocumque
1367 1565 1508 1596 essent
1539 1554 1582 1595 in
1613 1568 1784 1610 genere,

341 1613 636 1670 exprimenda:
677 1613 804 1653 nobis
847 1613 1085 1653 necessario
1128 1612 1402 1654 viderentur:
1456 1612 1542 1664 sed,
1582 1611 1783 1653 omnibus

342 1686 476 1712 uuum
500 1671 543 1711 in
566 1670 709 1712 locum
731 1669 892 1711 coactis
923 1670 1218 1726 scriptoribus,
1241 1669 1355 1724 quod
1385 1670 1568 1725 quisque
1589 1683 1783 1710 commo-

341 1728 516 1769 dissime
546 1728 779 1784 praecipere
802 1727 1041 1778 videbatur,
1063 1727 1370 1783 excerpsimUS,
1400 1736 1444 1768 et
1472 1742 1526 1768 ex
1559 1725 1686 1768 variis
1717 1725 1784 1767 in-

340 1786 480 1842 geniis
519 1784 878 1827 excellentissima
916 1799 1098 1840 quaeque
1139 1784 1383 1826 libavimus.
1444 1783 1514 1825 Ex
1551 1783 1619 1824 his
1651 1782 1782 1835 enim,

342 1843 415 1898 qui
447 1843 621 1885 nomine
651 1851 695 1884 et
723 1841 932 1883 memoria
960 1842 1081 1898 digni
1113 1850 1226 1893 sunt,
1249 1855 1328 1883 nec
1358 1841 1468 1883 nihil
1497 1841 1676 1898 optime,
1701 1854 1783 1882 nee

340 1901 487 1942 omnia
508 1899 832 1957 praeclarissime
855 1899 1080 1955 quisquam
1103 1899 1244 1940 dicere
1265 1899 1391 1940 nobis
1414 1898 1654 1940 videbatur.
1676 1913 1784 1954 qua·

339 1968 515 2014 propter
548 1958 731 1999 stultitia
760 1957 852 1998 visa
883 1965 961 2007 est,
993 1966 1067 1997 aut
1099 1972 1124 1997 a
1153 1958 1261 1998 bene
1293 1957 1476 1998 inventis
1505 1955 1687 2010 alicujus
1716 1969 1782 1997 re-

338 2016 503 2066 cedere,
528 2016 561 2057 si
584 2030 669 2070 quo
693 2015 736 2055 in
758 2014 865 2055 vitio
888 2013 980 2068 ejus
1012 2012 1340 2065 offenderemur,
1362 2023 1437 2055 aut
1467 2013 1520 2054 ad
1543 2013 1651 2054 vitia
1671 2027 1780 2067 quo-

339 2087 423 2127 que
450 2073 542 2128 ejus
573 2073 790 2122 accedere,
812 2070 934 2126 cujus
965 2070 1108 2126 aliquo
1132 2072 1240 2112 bene
1273 2078 1489 2126 praecepto
1512 2069 1779 2110 duceremur.

303 2134 326 2170 5
343 2129 472 2175 Quod
504 2130 536 2170 si
570 2130 612 2170 in
635 2129 786 2170 ceteris
812 2142 983 2183 quoque
1006 2127 1156 2168 studiis
1179 2144 1204 2168 a
1224 2127 1369 2168 multis
1391 2128 1548 2183 eligere
1579 2126 1775 2167 homines

337 2187 735 2228 commodissimum
757 2185 972 2240 quodque,
995 2200 1123 2240 quam
1154 2199 1243 2226 sese
1275 2184 1348 2225 uni
1382 2184 1510 2227 alicui
1540 2191 1657 2225 certo
1689 2183 1776 2226 vel-

335 2243 424 2285 lent
454 2244 663 2294 addicere,
687 2243 827 2284 minus
859 2242 901 2282 in
925 2242 1171 2298 arrogantia
1191 2241 1457 2283 offenderent
1477 2259 1488 2294 ;
1519 2255 1607 2282 non
1629 2249 1772 2282 tanto-

335 2316 435 2358 pere
465 2302 510 2342 in
534 2301 647 2342 vitiis
679 2307 1022 2356 perseverarent3
1054 2299 1272 2355 aliquanto
1294 2299 1429 2341 levius
1459 2314 1514 2340 ex
1545 2298 1774 2340 inscientia

375 2429 395 2457 4
420 2427 578 2467 Inquiunc
597 2425 672 2465 illel]
698 2426 762 2462 Sic,
783 2424 894 2456 addito
908 2425 959 2454 illi
973 2423 1032 2454 ha·
1073 2428 1123 2455 est
1140 2424 1174 2454 in
1193 2424 1273 2454 Mss.
1295 2425 1452 2464 pluribus.
1498 2421 1558 2453 Ille
1580 2422 1682 2453 etiam
1700 2421 1773 2453 edd.

332 2468 413 2499 bont
440 2469 535 2499 iidem
564 2469 638 2499 libri
665 2478 777 2498 omnes
790 2480 795 2497 :
824 2466 894 2497 edd.
929 2466 1031 2496 etiam
1073 2467 1225 2506 antiquas
1240 2468 1285 2497 sic
1300 2467 1417 2497 habere
1431 2465 1520 2496 dicit.
1544 2464 1630 2494 Meae
1641 2463 1773 2503 quidem

332 2511 415 2541 Aldo
430 2511 622 2551 posteriores
636 2510 768 2540 multae:
794 2516 827 2541 et
842 2513 928 2539 recte
941 2518 1031 2548 repe·
1073 2518 1187 2539 omnes
1220 2508 1345 2539 habent
1375 2509 1561 2548 vulgatum,
1591 2505 1677 2545 quod
1706 2506 1773 2546 pri-

332 2553 428 2588 titur,
444 2554 520 2592 quia
535 2554 630 2583 nimis
645 2558 808 2583 remotum
823 2552 923 2593 prius.
1074 2561 1167 2581 mum
1188 2552 1222 2581 in
1236 2551 1375 2581 Victorii
1391 2551 1518 2581 Veneta
1531 2548 1648 2588 reperi,
1664 2557 1723 2579 nce
1738 2548 1771 2578 id

376 2598 394 2625 5
421 2595 505 2626 Tum
525 2595 664 2635 Croton]
680 2595 734 2625 Sic
748 2595 826 2625 Mss.
841 2594 967 2632 aliquot
978 2602 1030 2634 ap.
1074 2593 1268 2634 posteriores
1283 2592 1394 2633 steph.
1419 2592 1526 2623 Colin.
1549 2590 1681 2622 Manut.
1697 2590 1772 2621 imi-

332 2637 417 2667 Oud.
436 2643 520 2668 recte
537 2647 594 2677 pro
610 2642 697 2668 tune.
728 2638 807 2668 Post
814 2637 944 2678 publico
959 2646 1031 2667 con-
1072 2636 1137 2666 tati
1149 2641 1238 2666 sunt.

330 2681 402 2710 silio
415 2680 484 2709 sine
499 2681 537 2709 de
549 2680 612 2709 ΜΞ.
628 2680 734 2710 Guelf.
753 2683 777 2709 l.
1115 2681 1133 2711 7
1149 2678 1265 2717 Itaque
1280 2680 1303 2707 t.
1319 2675 1361 2716 c.]
1392 2675 1471 2706 Non
1483 2675 1537 2705 hic
1551 2674 1673 2714 aliquid
1686 2685 1704 2705 e
1718 2684 1773 2706 su-

373 2723 392 2752 6
409 2722 557 2762 Simplici
569 2723 602 2752 in
613 2732 743 2759 genere,
757 2723 843 2752 omni
856 2731 896 2751 ex
902 2720 1026 2760 parte]
1073 2720 1191 2759 periori
1207 2719 1386 2759 colligitur,
1402 2717 1458 2748 sed
1472 2717 1619 2758 superius
1643 2717 1769 2748 ratione

330 2763 446 2804 Simpl.
463 2766 581 2803 ingen.
598 2770 648 2794 est
662 2764 695 2793 in
712 2774 778 2794 una
790 2764 965 2802 eademque
981 2772 1027 2800 re,
1070 2762 1241 2799 firmatum
1265 2770 1339 2801 quae
1351 2765 1401 2791 est
1415 2759 1592 2790 Ciceronis.
1636 2759 1770 2798 Conjeci

327 2807 363 2837 in
392 2817 424 2837 re
452 2806 622 2846 singulari,
649 2807 683 2836 in
708 2816 774 2835 uno
801 2807 960 2845 subjecto,
989 2810 1027 2835 ut
1070 2803 1259 2843 aliquando:
1284 2805 1333 2834 ita
1354 2803 1405 2832 vel
1426 2812 1568 2841 ‘namque
1587 2804 1646 2832 aut
1664 2801 1769 2831 simile

328 2849 503 2879 Dialectici
529 2848 653 2882 dicunt.
698 2849 799 2879 Grou.
821 2854 855 2877 et
877 2847 1026 2877 Oudend.
1069 2846 1156 2884 quid.
1206 2845 1251 2875 Et
1267 2845 1346 2876 illud
1360 2846 1408 2875 ιἰιι
1423 2844 1456 2873 in
1471 2853 1538 2874 uno
1551 2843 1635 2874 libro
1647 2843 1769 2884 reperit

329 2891 460 2922 rescribi
477 2890 592 2922 volunt
605 2891 750 2921 omnibus
763 2900 802 2921 et
810 2890 975 2930 partibus,
991 2894 1028 2920 ut
1071 2887 1155 2919 Oud.
1199 2888 1257 2919 lta
1270 2887 1396 2919 dictum
1412 2891 1449 2917 ut
1464 2886 1553 2916 adeo.
