1945 3235
333 155 410 191 498
903 152 1176 193 BRUTUS.

335 259 373 290 97
390 255 588 308 solidum,
609 265 654 298 et
675 258 941 300 exsiccatum
972 273 1106 315 genus
1129 257 1336 299 orationis
1366 255 1567 313 probant,
1599 269 1677 297 nec
1701 254 1775 298 illo

335 313 533 368 graviore
553 324 706 356 ornatu
729 317 917 358 oratorio
941 325 1133 366 utuntur,
1155 326 1197 356 et
1228 315 1309 355 hoc
1334 313 1557 370 proprium
1579 327 1670 354 esse
1693 312 1773 354 At-

335 371 520 412 ticorum
563 372 738 424 volunt;
770 383 884 414 recte
922 374 1111 414 laudant.
1174 371 1251 413 Est
1281 372 1397 412 enim
1437 372 1478 412 in
1519 380 1608 411 arte
1641 379 1774 421 tanta,

334 436 508 483 tamque
532 430 662 481 varia,
684 431 816 471 etiam
843 431 944 472 huic
978 431 1156 471 minutae
1186 428 1411 470 subtilitati
1448 428 1580 468 locus.
1605 427 1665 468 ita
1686 427 1774 476 fiet,

333 494 382 526 ut
409 500 494 527 non
523 501 688 538 omnes,
709 488 782 542 qui
805 487 966 539 Attice,
989 488 1120 528 iidem
1158 488 1286 538 bene,
1319 486 1406 536 sed,
1439 495 1487 526 ut
1505 499 1668 535 omnes,
1701 484 1776 541 qui

332 543 458 593 bene,
481 543 611 585 iidem
644 544 774 586 etiam
797 545 944 586 Attice
972 545 1134 586 dicant.
1196 544 1280 585 Sed
1314 544 1534 584 redeamus
1557 556 1700 583 rursus
1722 540 1776 583 ad

338 599 640 642 Hortensium.

256 650 326 700 85
397 658 507 698 Sane
538 659 727 713 quidem,
758 658 899 714 inquit
937 658 1122 709 Brutus;
1160 673 1420 714 quamquam
1451 657 1534 698 ista
1559 655 1666 697 mihi
1707 665 1781 697 tua

248 723 325 758 292
340 714 421 755 fuit
447 715 711 770 perjucunda
733 730 758 755 a
781 715 1003 771 proposita
1025 716 1220 757 oratione
1241 715 1473 771 degressio.
1531 713 1641 755 Tum
1666 712 1782 754 Atti-

337 786 427 821 cus,
453 771 694 828 Aliquoties
725 788 833 824 sum,
860 773 1014 827 inquit,
1037 782 1232 823 conatus,
1255 773 1326 812 sed
1357 771 1625 828 interpellare
1648 770 1782 812 nolui.

339 829 484 879 Nunc,
523 831 728 885 quoniam
771 830 823 871 ad
876 830 1160 886 perorandum
1204 838 1397 885 spectare
1438 829 1605 870 videtur
1644 834 1783 869 se'rmo

339 894 452 935 tuus,
482 888 638 938 dicam,
663 888 832 943 opinor,
857 887 972 943 quod
1001 887 1157 928 sentio.
1216 886 1281 928 Tu
1316 901 1430 937 vero,
1453 886 1643 941 inquam,
1670 883 1783 927 Tite.

339 942 451 984 Tum
483 944 566 995 ille,
596 944 704 1001 Ego,
728 945 884 999 inquit,
907 945 1090 985 ironiam
1123 944 1254 994 illam,
1283 958 1412 999 quam
1445 943 1487 984 in
1521 943 1698 984 Socrate
1719 942 1784 983 di-

341 1011 445 1042 cunt
475 1000 619 1052 fuisse,
644 1017 728 1057 qua
750 1002 818 1043 ille
841 1002 885 1043 in
907 1001 1116 1052 Platonis,
1141 1010 1185 1042 et
1205 1000 1531 1057 XenophontiS,
1552 1010 1595 1041 et
1614 999 1786 1041 AEschi-

342 1058 408 1099 nis
428 1058 546 1099 libris
570 1060 717 1106 utitur,
743 1058 925 1101 facetam
949 1069 993 1100 et
1013 1059 1254 1115 elegantem
1278 1068 1398 1115 puto.
1420 1068 1486 1098 cst
1505 1058 1620 1098 enim
1643 1066 1686 1098 et
1709 1057 1787 1097 mi-

342 1115 459 1156 nime
493 1116 628 1173 inepti
661 1116 864 1168 hominis,
886 1127 930 1158 et
961 1117 1154 1172 ejusdem
1181 1116 1312 1157 etiam
1336 1115 1480 1166 faceti,
1504 1130 1604 1156 cum
1636 1114 1689 1155 de
1722 1129 1789 1154 sa-

343 1172 508 1228 pientia
530 1174 808 1230 disceptetur,
840 1174 950 1215 hanc
975 1175 1056 1216 sibi
1088 1175 1231 1231 ipsum
1255 1173 1491 1224 detrahere,
1511 1173 1572 1214 eis
1599 1173 1788 1214 tribuere

345 1230 609 1283 illudentem,
638 1234 678 1266 9Β
689 1232 763 1287 qui
802 1246 895 1273 eam
939 1232 1020 1273 sibi
1064 1241 1293 1288 arrogant:
1325 1241 1373 1271 ut
1407 1230 1521 1286 apud
1562 1229 1788 1271 Platonem

346 1289 545 1329 Socrates
575 1290 617 1330 in
650 1289 811 1330 coelum
849 1289 973 1331 effert
1004 1289 1200 1331 laudibus
1237 1288 1537 1344 Protagoram,
1563 1286 1790 1343 Hippiam,

346 1345 596 1397 Prodicum,
620 1345 848 1403 Gorgiam,
870 1357 1060 1398 ceteros3
1093 1362 1136 1388 se
1166 1355 1310 1388 autem
1340 1346 1535 1386 omnium
1558 1359 1697 1386 rerum
1726 1344 1791 1384 in-

344 1404 480 1443 scium
513 1403 642 1460 fingit
673 1414 717 1444 et
747 1406 909 1445 rudem.
938 1404 1061 1445 decet
1094 1405 1177 1445 hoc
1215 1403 1360 1444 nescio
1391 1403 1610 1458 quomodo
1642 1401 1789 1443 illum:

345 1474 424 1501 nee
450 1459 654 1517 Epicuro,
670 1462 743 1516 qui
767 1462 809 1502 id
832 1461 1120 1517 reprehendit,
1140 1461 1363 1503 assentior.
1425 1460 1508 1501 Sed
1532 1461 1574 1501 in
1598 1458 1792 1509 historia,

345 1532 432 1572 qua
453 1528 498 1559 tu
521 1533 565 1559 es
587 1533 688 1558 usus
711 1519 754 1559 in
774 1520 893 1560 omni
916 1533 1126 1570 sermone,
1148 1533 1264 1568 cum,
1285 1517 1422 1572 qualis
1447 1517 1627 1573 quisque
1650 1525 1794 1557 orator

353 1575 518 1627 fuisset,
532 1589 787 1632 exponereS‚
807 1576 918 1626 vide,
932 1591 1098 1630 quaeso,
1119 1575 1274 1631 inquit,
1294 1590 1347 1616 ne
1369 1584 1457 1615 tam
1481 1574 1794 1630 reprehenden-

308 1637 338 1667 b·
352 1632 406 1673 da
419 1633 474 1673 sit
493 1632 644 1683 ironia,
667 1647 796 1688 quam
819 1634 861 1674 in
882 1633 1147 1674 testimonio.
1210 1633 1420 1683 Quorsus,
1442 1632 1633 1686 inquam,
1656 1632 1795 1672 istuc?

261 1694 436 1731 29311011
479 1690 595 1731 enim
625 1690 835 1747 intelligo.
897 1690 1015 1737 Quia
1046 1691 1249 1747 primum,
1281 1689 1436 1745 inquit,
1470 1689 1530 1729 ita
1566 1688 1793 1730 laudavisti

349 1747 559 1802 quosdam
580 1757 787 1799 oratores,
811 1758 858 1789 ut
880 1749 1103 1804 imperitos
1127 1763 1272 1805 posses
1295 1747 1338 1788 in
1369 1761 1555 1788 errorem
1578 1746 1794 1787 inducere.

351 1804 564 1860 Equidem
585 1806 626 1846 in
651 1805 909 1861 quibusdam
933 1806 1065 1847 risum
1086 1806 1159 1847 vix
1183 1806 1398 1855 tenebam,
1422 1819 1520 1845 cum
1537 1803 1686 1844 Attico
1712 1802 1798 1858 Ly-

351 1862 425 1903 siae
451 1861 661 1903 Catonem
695 1872 889 1904 nostrum
909 1864 1206 1920 comparabaS,
1230 1877 1437 1919 magnum
1455 1860 1698 1904 mehercule
1721 1860 1798 1900 ho-

351 1919 528 1970 minem,
553 1920 618 1961 vel
644 1920 785 1976 potius
810 1936 1025 1962 summum
1048 1931 1091 1961 et
1113 1919 1373 1977 singularem
1396 1919 1557 1960 virum:
1589 1932 1716 1959 nemo
1732 1917 1798 1958 di-

352 1986 422 2017 cet
455 1991 600 2019 secus:
634 1978 706 2018 sed
740 1981 987 2020 oratorem?
1020 1978 1092 2019 sed
1126 1979 1259 2019 etiam
1299 1977 1440 2032 Lysiae
1472 1975 1680 2018 similem?
1710 1989 1800 2030 quo

353 2033 463 2074 nihil
485 2045 629 2090 potest
650 2049 741 2075 esse
763 2036 936 2091 pictius.
959 2036 1071 2077 bella
1103 2035 1255 2086 ironia,
1279 2035 1313 2075 si
1329 2035 1601 2090 jocaremur:
1635 2033 1699 2073 sin
1732 2047 1798 2073 as-

355 2104 612 2144 severamus,
645 2093 756 2143 vide,
781 2107 833 2133 ue
864 2093 1016 2148 religio
1047 2093 1171 2134 uobis
1202 2102 1290 2134 tam
1313 2092 1557 2134 adhibenda
1578 2091 1648 2141 sit,
1668 2104 1798 2145 quam

265 2151 395 2189 29499
409 2149 442 2189 si
469 2150 763 2190 testimonium
794 2150 1002 2191 dicamus.
1066 2150 1161 2206 Ego
1190 2151 1306 2191 enim
1338 2149 1548 2191 Catonem
1582 2158 1719 2198 tuum,
1753 2156 1799 2187 ut

354 2205 509 2257 civem,
550 2217 597 2247 ut
632 2217 888 2258 senatorem,
923 2218 969 2248 ut
1005 2208 1323 2264 imperatorem,
1358 2217 1405 2247 ut
1440 2207 1578 2247 virum
1615 2205 1802 2260 denique

353 2277 453 2304 cum
478 2263 706 2319 prudentia
727 2275 771 2304 et
801 2264 1042 2321 diligentia,
1066 2276 1158 2306 tum
1180 2265 1299 2306 omni
1323 2265 1481 2305 virtute
1502 2262 1800 2313 excellentem,

355 2321 518 2375 probo:
552 2321 767 2362 orationes
790 2333 934 2363 autem
953 2323 1061 2377 ejuS,
1085 2331 1132 2363 ut
1156 2322 1237 2363 illis
1257 2322 1538 2378 temporibus,
1567 2320 1689 2362 valde
1710 2320 1800 2361 lau-

353 2377 424 2418 do.
450 2378 699 2434 significant
729 2379 842 2420 enirn
878 2380 1093 2435 quandam
1124 2379 1307 2421 formam
1341 2379 1520 2436 ingenii,
1551 2378 1623 2419 sed
1652 2377 1802 2419 admo-

355 2435 457 2475 dum
482 2436 738 2492 impolitam,
761 2445 804 2477 et
839 2437 962 2492 plane
995 2438 1160 2478 rudem.
1221 2436 1425 2494 Origines
1449 2451 1548 2477 vero
1578 2450 1678 2477 curn
1708 2448 1800 2475 om-

355 2492 482 2533 nibus
513 2494 694 2535 oratoris
725 2494 922 2536 laudibus
960 2494 1137 2536 refertas
1168 2495 1347 2546 diceres,
1377 2502 1421 2535 et
1451 2493 1664 2535 Catonem
1700 2506 1803 2534 cum

395 2625 435 2655 97
451 2623 605 2662 solidum]
622 2623 699 2653 Non
716 2623 756 2654 ad
771 2625 998 2663 integritatem
1008 2635 1057 2655 re·
1100 2624 1180 2656 dum
1208 2630 1257 2656 est
1282 2628 1450 2662 arrogem,
1473 2627 1513 2653 nt
1535 2623 1630 2654 facile
1652 2624 1800 2664 quisque,

353 2666 454 2695 feram
471 2675 546 2695 cum
560 2665 718 2702 Cmrado,
733 2666 788 2696 sed
801 2667 842 2698 ad
853 2676 990 2706 sequens
1003 2677 1058 2697 ea·-
1100 2667 1288 2699 admonitus
1302 2667 1432 2702 saltem,
1448 2667 1580 2696 sentiat.

353 2708 524 2742 sinendum,
550 2707 763 2747 intelligoque
789 2709 926 2739 ductum
948 2720 968 2739 a
986 2710 1058 2739 cibo
1142 2714 1184 2744 99
1205 2711 1232 2740 si
1247 2709 1465 2740 testimonium
1481 2707 1643 2747 dicamus]
1658 2708 1711 2738 Sic
1725 2706 1803 2738 scri·

355 2749 458 2779 solido
475 2755 508 2779 et
530 2749 628 2785 sicco,
646 2751 700 2789 qni
721 2752 900 2790 opponitur
916 2751 1009 2781 molli
1023 2756 1059 2782 et
1101 2752 1166 2792 psit
1179 2752 1313 2790 Cicer03
1338 2761 1417 2788 non,
1433 2751 1623 2788 diceremus,
1639 2755 1676 2781 ut
1696 2755 1746 2781 est
1767 2751 1802 2780 iu

355 2792 538 2831 jurulento‚
554 2796 666 2831 estque
684 2793 812 2822 saluber
828 2794 989 2832 inprimis.
1101 2794 1260 2834 vulgatis:
1286 2803 1362 2824 nam
1386 2793 1553 2833 praecedit,
1580 2802 1805 2824 asseveramus

398 2837 438 2867 98
462 2835 515 2873 qui
538 2843 611 2864 eam
632 2836 692 2864 sabi
707 2836 883 2875 arrogant]
911 2836 1059 2868 §criben-
1100 2837 1341 2875 ——mo—religio
1355 2835 1539 2866 adhibenda
1552 2836 1606 2866 sie.
