1945 3235
702 126 997 164 ORATOR.
1497 128 1573 165 509

132 227 257 271 iisse?
317 229 459 271 Galba
490 229 574 271 fuit
601 229 713 271 inter
747 238 813 272 tot
850 229 1036 284 aequales
1075 242 1185 269 unus
1223 229 1451 280 excellens,
1487 229 1574 279 cui,

129 287 494 340 quemadmodum
529 288 788 344 accepimus,
811 296 854 328 et
885 286 996 327 Cato
1027 285 1207 326 cedebat
1237 287 1390 336 senior,
1417 295 1461 327 et
1498 286 1573 341 qui

132 345 401 399 temporibus
440 345 520 385 illis
555 356 682 386 aetate
718 345 939 386 inferiores
969 342 1156 392 fuerunt,
1191 342 1376 397 Lepidus
1409 353 1572 398 postea,

130 399 285 442 deinde
307 401 475 443 Carbo:
509 417 607 443 nam
631 402 818 443 Gracchi
850 401 894 441 in
915 399 1198 441 concionibus
1224 399 1357 439 multo
1381 400 1572 441 faciliore

132 467 176 498 et
198 457 396 500 liberiore
418 473 572 515 genere
593 459 789 510 dicendi3
811 472 994 513 quorum
1015 467 1156 498 tamen
1179 456 1370 512 ipsorum
1393 457 1444 496 ad
1468 466 1573 497 aeta-

132 523 220 556 tem
241 515 331 557 laus
353 516 610 571 eloquentiae
633 515 824 572 perfecta
843 515 1034 556 nondum
1056 514 1163 555 fuit:
1194 513 1427 563 Antonius,
1448 512 1574 554 Cras-

132 587 218 624 sus,
250 582 348 629 post
371 572 516 623 Cotta,
548 572 779 629 Sulpicius,
803 572 1079 623 Hortensius,
1109 570 1217 612 nihil
1239 571 1338 612 dico
1363 569 1571 633 amplius}

131 638 301 670 tanturn
319 630 431 680 dico,
454 630 487 669 si
507 629 612 670 mihi
637 631 940 682 accidisset,ut
963 643 1207 671 numerarer
1229 628 1272 669 in
1295 627 1456 678 multis,
1478 627 1505 654 ²*
1539 641 1573 667 sn

130 701 312 743 operosa
332 695 396 727 est
417 688 689 729 concursatio
712 688 851 744 magis
873 696 1233 745 opportunorum,
1254 686 1281 712 ³*
1313 685 1340 712 ³⁸

437 885 507 932 M.
545 885 807 933 TULLII
850 884 1269 933 CICERONIS

326 981 1386 1105 MARCUMADBRUTUM

639 1142 1054 1198 ORATOR.

647 1334 956 1372 ARGUMENT
962 1334 1056 1372 UM.

135 1409 254 1458 Hujus
273 1410 355 1446 libri
372 1421 546 1446 summum
567 1410 756 1445 consilium
775 1409 841 1445 hoc
858 1414 922 1449 est,
942 1413 983 1445 ut
1001 1408 1157 1458 perfecti
1177 1410 1221 1446 ab
1239 1411 1401 1448 omnibus
1414 1413 1582 1460 partibus

185 1468 220 1500 et
239 1463 394 1499 absoluti
412 1463 568 1498 oratoris
585 1463 719 1510 species
738 1463 901 1509 qucedanz
920 1466 955 1497 et
973 1461 1102 1512 forma
1130 1463 1337 1511 effingatur,
1358 1477 1466 1512 quam
1483 1467 1582 1501 intu-

184 1527 245 1552 ens
253 1514 408 1564 futurus
427 1520 561 1554 orator,
584 1515 632 1550 ad
654 1514 858 1564 perfectam
876 1515 1119 1561 eloquentiam
1137 1514 1364 1564 conformare
1381 1520 1583 1554 orationem

180 1570 309 1616 possit.
363 1568 514 1603 'Summa
532 1571 653 1602 autem.
672 1569 783 1603 totius
803 1568 1060 1615 disputationis
1079 1567 1147 1603 huc
1174 1569 1280 1609 redit,
1301 1574 1340 1605 ut
1359 1575 1484 1606 orator
1498 1583 1583 1619 per-

177 1620 303 1670 fectus
323 1622 352 1656 is
375 1622 435 1660 sit,
457 1621 519 1667 qui
539 1621 612 1655 tria
630 1620 700 1655 illa
718 1621 860 1655 dicendi
885 1631 1018 1667 genera
1037 1621 1091 1655 ita
1110 1620 1238 1656 habeat
1267 1623 1305 1657 in
1329 1627 1523 1670 potestate,
1542 1628 1585 1659 ut

182 1685 301 1722 parva
326 1674 522 1713 summisse,
551 1672 694 1708 modica
720 1676 929 1720 temperate,
958 1684 1092 1719 magna
1117 1675 1281 1720 graviter
1309 1675 1427 1711 dicere
1454 1677 1584 1724 possit.

185 1727 260 1762 vid.
279 1737 308 1761 c.
327 1729 390 1762 29.
446 1725 554 1761 Hanc
582 1726 865 1772 disputationem
893 1726 948 1761 ita
977 1726 1160 1765 instruxit,
1191 1731 1233 1762 ut
1255 1728 1377 1774 posito
1409 1732 1585 1777 tanquam

175 1777 423 1826 fundamento
442 1778 654 1825 eloquentiae
677 1777 917 1826 philosophice
943 1779 1077 1818 studio,
1098 1790 1126 1814 c.
1145 1781 1182 1814 3.
1202 1783 1237 1815 4.
1262 1781 1384 1828 primo
1403 1781 1446 1816 de
1471 1781 1585 1817 tribus

187 1831 331 1867 dicendi
355 1832 544 1878 generibus
571 1834 671 1878 agat,
691 1842 804 1878 eaque
821 1832 1005 1866 occasione
1022 1842 1144 1866 verum
1161 1833 1328 1868 Atticum
1352 1834 1497 1870 dicendi
1522 1846 1584 1881 ge-

184 1895 253 1919 nus
271 1883 337 1919 hoc
355 1895 426 1919 esse
444 1885 534 1924 aiat,
548 1884 644 1931 quod
662 1885 785 1918 omnia
801 1887 887 1931 apte
900 1885 1017 1931 possit
1035 1883 1168 1931 eloqui,
1186 1896 1257 1920 non
1277 1886 1421 1922 aridum
1442 1887 1534 1922 illud
1550 1891 1586 1922 et

176 1933 358 1982 jejunum,
378 1937 474 1984 quod
492 1937 640 1984 quidam
659 1940 958 1976 consectarentur,
981 1948 1010 1972 e.
1030 1938 1143 1974 5—9.
1163 1937 1291 1973 deinde
1308 1950 1390 1973 vero
1409 1940 1484 1974 tria
1501 1951 1584 1975 ora·

189 1990 261 2024 tori
278 1990 433 2025 videnda
452 1990 630 2031 ostendat,
646 1989 746 2034 quid,
766 2000 834 2036 quo
853 1989 943 2031 loco,
959 1993 994 2024 et
1012 1989 1188 2035 quomodo
1208 1991 1318 2031 dicat,
1339 2003 1490 2039 quorum
1504 1993 1585 2039 pri—

187 2052 286 2077 ‘mum
313 2043 352 2076 in
377 2043 593 2081 inventione,
620 2041 775 2076 alterum
802 2042 839 2078 in
869 2042 1114 2089 dispositione,
1146 2044 1292 2078 tertium
1321 2049 1359 2079 in
1387 2044 1588 2080 elocutione

186 2098 360 2136 versetur,
380 2106 409 2129 c.
435 2097 597 2131 10-—18.
627 2106 670 2129 ac
687 2106 864 2130 summam
883 2095 1096 2142 eloquentiae
1115 2095 1188 2130 vim
1206 2097 1244 2131 in
1263 2096 1464 2132 elocutione
1486 2098 1586 2145 posi-

189 2150 266 2182 tam
297 2147 435 2189 doceat,
463 2158 541 2194 quae
571 2150 648 2182 tum
678 2147 823 2194 quidem
843 2146 1010 2196 perfecta
1032 2147 1092 2186 sit,
1120 2159 1199 2183 cum
1225 2150 1275 2184 sit
1303 2150 1352 2185 ad
1375 2150 1584 2190 docendum.

191 2199 455 2240 delectandum,
473 2199 697 2249 flectendum
727 2201 1011 2239 accommodata,
1042 2198 1076 2234 h.
1096 2211 1126 2234 e.
1153 2201 1267 2237 tribus
1298 2202 1373 2237 illis
1399 2202 1589 2249 generibus

190 2253 373 2288 commode
399 2256 535 2293 utatur,
556 2250 756 2298 cujusmodi
779 2252 933 2289 elocutio
952 2252 1078 2300 quibus
1097 2255 1202 2299 quasi
1227 2256 1342 2302 signis
1369 2259 1590 2302 agnoscatur

188 2308 225 2340 et
243 2302 445 2350 judicetur,
465 2304 553 2354 fuse
575 2306 806 2352 persequitur
834 2318 862 2342 c.
886 2307 1051 2343 19—38.
1119 2307 1277 2342 Tandem
1299 2309 1382 2355 ipsa
1397 2307 1528 2356 forma
1546 2319 1589 2343 ae

191 2357 380 2393 character
399 2359 574 2393 orationis
594 2358 767 2399 traditur,
787 2361 823 2393 et
850 2359 893 2394 de
910 2359 1097 2396 verborum
1123 2361 1455 2408 sententiarumque
1482 2361 1589 2396 lumi-

190 2409 294 2445 nibus
309 2421 337 2445 c.
357 2413 418 2448 39.
439 2414 501 2446 40.
522 2422 564 2445 ac
583 2410 728 2445 tandein
748 2411 791 2446 de
813 2411 1049 2448 collocatione
1072 2413 1258 2449 verborum
1279 2424 1306 2449 c.
1325 2416 1387 2449 44.
1404 2425 1482 2460 sqq.
1498 2414 1589 2460 agit.

190 2462 251 2498 Εα
278 2467 399 2497 autem
418 2464 588 2502 cernitur,
608 2463 664 2497 vel
691 2474 772 2498 cum
798 2468 959 2500 extrema
977 2477 1057 2501 cuni
1079 2466 1211 2513 primis
1239 2469 1324 2512 apte
1351 2464 1529 2501 cohaerent
1556 2470 1592 2502 et

191 2516 432 2551 enunciantur
448 2516 669 2551 suavissimis
686 2515 827 2551 vocibus
837 2529 851 2556 ;
880 2517 937 2552 vel
955 2529 1035 2553 cum
1053 2517 1183 2567 forma
1201 2518 1281 2565 ipsa
1300 2519 1593 2566 concinnitasque

190 2567 377 2603 verborum
396 2569 538 2617 conficit
558 2567 674 2603 orbem
693 2579 796 2603 suum
806 2582 820 2608 ;
850 2569 906 2604 vel
925 2572 1033 2606 tertio
1052 2582 1132 2606 cum
1155 2571 1301 2618 periodi
1319 2575 1404 2618 apte
1425 2583 1591 2607 numero-

191 2630 298 2666 seque
315 2621 460 2657 cadunt.
516 2620 647 2668 Itaque
675 2621 820 2656 tandem
848 2623 974 2669 agitur
991 2624 1035 2659 de
1061 2634 1219 2662 numero,
1240 2621 1340 2669 cujus
1358 2624 1462 2671 origo
1481 2636 1510 2661 c.
1530 2625 1593 2661 52.

193 2683 303 2707 causa
321 2684 350 2708 c.
370 2675 432 2709 53.
451 2677 585 2709 natura
604 2685 632 2710 c.
653 2675 716 2709 53.
736 2685 814 2721 sqq.
834 2678 870 2710 et
887 2686 971 2711 usus
989 2688 1018 2712 c.
1038 2678 1100 2712 61.
1119 2687 1196 2724 sqq.
1215 2676 1436 2712 declaratur.

145 2771 396 2838 UTRUM
429 2796 647 2839 difficilius
681 2808 755 2840 aut
793 2800 933 2855 majus
967 2808 1079 2841 esset
1116 2815 1275 2857 negare
1312 2800 1392 2842 tibi
1431 2799 1633 2856 saepiusl

145 2851 259 2894 idem
280 2854 468 2911 roganti,
490 2870 545 2897 an
566 2857 736 2900 efficere
766 2856 824 2909 id,
849 2856 967 2913 quod
986 2870 1177 2915 rogares,
1199 2858 1274 2900 diu
1304 2857 1590 2914 multumque,
1606 2871 1624 2907 1
