<?xml version="1.0" encoding="UTF-8"?>
<!DOCTYPE html PUBLIC "-//W3C//DTD XHTML 1.0 Transitional//EN"
    "http://www.w3.org/TR/xhtml1/DTD/xhtml1-transitional.dtd">
<html xmlns="http://www.w3.org/1999/xhtml" xml:lang="en" lang="en">
 <head>
  <title>
</title>
<meta http-equiv="Content-Type" content="text/html;charset=utf-8" />
  <meta name='ocr-system' content='tesseract 3.04.00' />
  <meta name='ocr-capabilities' content='ocr_page ocr_carea ocr_par ocr_line ocrx_word'/>
</head>
<body>
  <div class='ocr_page' id='page_1' title='image "./operaomnia01ciceuoft/operaomnia01ciceuoft_0638.png"; bbox 0 0 1945 3235; ppageno 0'>
   <div class='ocr_carea' id='block_1_1' title="bbox 299 140 1168 182">
    <p class='ocr_par' dir='ltr' id='par_1_1' title="bbox 299 140 1168 182">
     <span class='ocr_line' id='line_1_1' title="bbox 299 140 1168 182; baseline -0.005 -1"><span class='ocrx_word' id='word_1_1' title='bbox 299 145 377 182; x_wconf 80' lang='lat'>566</span> <span class='ocrx_word' id='word_1_2' title='bbox 881 140 1168 178; x_wconf 75' lang='lat' dir='ltr'>ORATOR.</span> 
     </span>
    </p>
   </div>
   <div class='ocr_carea' id='block_1_2' title="bbox 216 243 1876 2504">
    <p class='ocr_par' dir='ltr' id='par_1_2' title="bbox 216 243 1879 2504">
     <span class='ocr_line' id='line_1_2' title="bbox 299 243 1756 303; baseline -0.001 -15"><span class='ocrx_word' id='word_1_3' title='bbox 299 246 495 302; x_wconf 67' lang='lat' dir='ltr'>singulis,</span> <span class='ocrx_word' id='word_1_4' title='bbox 525 245 670 302; x_wconf 80' lang='lat' dir='ltr'>paullo</span> <span class='ocrx_word' id='word_1_5' title='bbox 708 245 811 288; x_wconf 78' lang='lat' dir='ltr'>alias</span> <span class='ocrx_word' id='word_1_6' title='bbox 846 244 1063 303; x_wconf 89' lang='lat' dir='ltr'>pluribus:</span> <span class='ocrx_word' id='word_1_7' title='bbox 1094 245 1237 286; x_wconf 84' lang='lat' dir='ltr'>7inter</span> <span class='ocrx_word' id='word_1_8' title='bbox 1267 258 1364 300; x_wconf 81' lang='lat' dir='ltr'>quae</span> <span class='ocrx_word' id='word_1_9' title='bbox 1397 244 1525 286; x_wconf 85' lang='lat' dir='ltr'>variis</span> <span class='ocrx_word' id='word_1_10' title='bbox 1556 243 1756 293; x_wconf 57' lang='lat' dir='ltr'>clausulis</span> 
     </span>
     <span class='ocr_line' id='line_1_3' title="bbox 298 301 1759 361; baseline 0.001 -16"><span class='ocrx_word' id='word_1_11' title='bbox 298 303 539 361; x_wconf 80' lang='lat' dir='ltr'>interponit</span> <span class='ocrx_word' id='word_1_12' title='bbox 563 317 606 345; x_wconf 85' lang='lat' dir='ltr'>se</span> <span class='ocrx_word' id='word_1_13' title='bbox 638 318 731 346; x_wconf 88' lang='lat' dir='ltr'>raro</span> <span class='ocrx_word' id='word_1_14' title='bbox 766 318 995 345; x_wconf 85' lang='lat' dir='ltr'>numerosa</span> <span class='ocrx_word' id='word_1_15' title='bbox 1017 301 1369 359; x_wconf 86' lang='lat' dir='ltr'>comprehensio:</span> <span class='ocrx_word' id='word_1_16' title='bbox 1402 316 1532 358; x_wconf 87' lang='lat' dir='ltr'>quam</span> <span class='ocrx_word' id='word_1_17' title='bbox 1562 316 1759 359; x_wconf 86' lang='lat' dir='ltr'>perverse</span> 
     </span>
     <span class='ocr_line' id='line_1_4' title="bbox 299 359 1760 418; baseline 0 -16"><span class='ocrx_word' id='word_1_18' title='bbox 299 360 472 418; x_wconf 78' lang='lat' dir='ltr'>fugiens</span> <span class='ocrx_word' id='word_1_19' title='bbox 499 361 728 418; x_wconf 79' lang='lat' dir='ltr'>Hegesias,</span> <span class='ocrx_word' id='word_1_20' title='bbox 750 363 852 403; x_wconf 88' lang='lat' dir='ltr'>dum</span> <span class='ocrx_word' id='word_1_21' title='bbox 885 361 955 403; x_wconf 92' lang='lat' dir='ltr'>ille</span> <span class='ocrx_word' id='word_1_22' title='bbox 986 375 1158 417; x_wconf 89' lang='lat' dir='ltr'>quoque</span> <span class='ocrx_word' id='word_1_23' title='bbox 1178 359 1336 401; x_wconf 82' lang='lat' dir='ltr'>imitari</span> <span class='ocrx_word' id='word_1_24' title='bbox 1372 359 1545 415; x_wconf 85' lang='lat' dir='ltr'>Lysiam</span> <span class='ocrx_word' id='word_1_25' title='bbox 1570 360 1676 412; x_wconf 90' lang='lat' dir='ltr'>vult,</span> <span class='ocrx_word' id='word_1_26' title='bbox 1697 361 1760 402; x_wconf 84' lang='lat' dir='ltr'>al-</span> 
     </span>
     <span class='ocr_line' id='line_1_5' title="bbox 298 417 1761 476; baseline -0.001 -15"><span class='ocrx_word' id='word_1_27' title='bbox 298 430 440 462; x_wconf 84' lang='lat' dir='ltr'>terum</span> <span class='ocrx_word' id='word_1_28' title='bbox 475 434 596 476; x_wconf 80' lang='lat' dir='ltr'>paeue</span> <span class='ocrx_word' id='word_1_29' title='bbox 629 419 986 469; x_wconf 76' lang='lat' dir='ltr'>Demosthenem,</span> <span class='ocrx_word' id='word_1_30' title='bbox 1019 419 1159 470; x_wconf 83' lang='lat' dir='ltr'>saltat,</span> <span class='ocrx_word' id='word_1_31' title='bbox 1191 417 1385 459; x_wconf 88' lang='lat' dir='ltr'>incidens</span> <span class='ocrx_word' id='word_1_32' title='bbox 1408 417 1654 474; x_wconf 88' lang='lat' dir='ltr'>particulas.</span> <span class='ocrx_word' id='word_1_33' title='bbox 1702 417 1761 460; x_wconf 81' lang='lat' dir='ltr'>Et</span> 
     </span>
     <span class='ocr_line' id='line_1_6' title="bbox 299 476 1761 533; baseline -0.001 -14"><span class='ocrx_word' id='word_1_34' title='bbox 299 478 336 519; x_wconf 87' lang='lat' dir='ltr'>is</span> <span class='ocrx_word' id='word_1_35' title='bbox 366 478 540 533; x_wconf 83' lang='lat' dir='ltr'>quidem</span> <span class='ocrx_word' id='word_1_36' title='bbox 575 493 662 519; x_wconf 89' lang='lat' dir='ltr'>non</span> <span class='ocrx_word' id='word_1_37' title='bbox 694 478 835 518; x_wconf 88' lang='lat' dir='ltr'>minus</span> <span class='ocrx_word' id='word_1_38' title='bbox 869 477 1093 518; x_wconf 85' lang='lat' dir='ltr'>sententiis</span> <span class='ocrx_word' id='word_1_39' title='bbox 1128 485 1294 533; x_wconf 82' lang='lat' dir='ltr'>peccat,</span> <span class='ocrx_word' id='word_1_40' title='bbox 1330 490 1461 530; x_wconf 83' lang='lat' dir='ltr'>quam</span> <span class='ocrx_word' id='word_1_41' title='bbox 1501 476 1667 518; x_wconf 89' lang='lat' dir='ltr'>verbis:</span> <span class='ocrx_word' id='word_1_42' title='bbox 1711 484 1761 517; x_wconf 85' lang='lat' dir='ltr'>ut</span> 
     </span>
     <span class='ocr_line' id='line_1_7' title="bbox 299 531 1876 592; baseline 0 -15"><span class='ocrx_word' id='word_1_43' title='bbox 299 550 389 577; x_wconf 89' lang='lat' dir='ltr'>non</span> <span class='ocrx_word' id='word_1_44' title='bbox 412 545 592 592; x_wconf 74' lang='lat' dir='ltr'>quaerat,</span> <span class='ocrx_word' id='word_1_45' title='bbox 615 550 742 590; x_wconf 85' lang='lat' dir='ltr'>quem</span> <span class='ocrx_word' id='word_1_46' title='bbox 777 534 965 591; x_wconf 80' lang='lat' dir='ltr'>appellet</span> <span class='ocrx_word' id='word_1_47' title='bbox 998 535 1211 592; x_wconf 88' lang='lat' dir='ltr'>ineptum,</span> <span class='ocrx_word' id='word_1_48' title='bbox 1234 533 1306 589; x_wconf 92' lang='lat' dir='ltr'>qui</span> <span class='ocrx_word' id='word_1_49' title='bbox 1333 533 1453 575; x_wconf 90' lang='lat' dir='ltr'>illum</span> <span class='ocrx_word' id='word_1_50' title='bbox 1488 533 1760 589; x_wconf 87' lang='lat' dir='ltr'>cognoverit.</span> <span class='ocrx_word' id='word_1_51' title='bbox 1814 546 1816 551; x_wconf 83' lang='grc'><strong>“</strong></span> <span class='ocrx_word' id='word_1_52' title='bbox 1866 531 1876 577; x_wconf 56' lang='grc' dir='ltr'>«ζ</span> 
     </span>
     <span class='ocr_line' id='line_1_8' title="bbox 304 590 1762 650; baseline 0 -16"><span class='ocrx_word' id='word_1_53' title='bbox 304 593 389 635; x_wconf 86' lang='lat' dir='ltr'>Sed</span> <span class='ocrx_word' id='word_1_54' title='bbox 417 608 499 650; x_wconf 81' lang='lat' dir='ltr'>ego</span> <span class='ocrx_word' id='word_1_55' title='bbox 526 593 596 634; x_wconf 88' lang='lat' dir='ltr'>illa</span> <span class='ocrx_word' id='word_1_56' title='bbox 620 593 779 643; x_wconf 79' lang='lat' dir='ltr'>Crassi,</span> <span class='ocrx_word' id='word_1_57' title='bbox 811 601 854 632; x_wconf 87' lang='lat' dir='ltr'>et</span> <span class='ocrx_word' id='word_1_58' title='bbox 885 601 1033 633; x_wconf 82' lang='lat' dir='ltr'>nostra</span> <span class='ocrx_word' id='word_1_59' title='bbox 1064 592 1205 648; x_wconf 87' lang='lat' dir='ltr'>posui,</span> <span class='ocrx_word' id='word_1_60' title='bbox 1236 602 1298 643; x_wconf 89' lang='lat' dir='ltr'>ut,</span> <span class='ocrx_word' id='word_1_61' title='bbox 1320 592 1394 648; x_wconf 87' lang='lat' dir='ltr'>qui</span> <span class='ocrx_word' id='word_1_62' title='bbox 1424 590 1566 643; x_wconf 87' lang='lat' dir='ltr'>vellet,</span> <span class='ocrx_word' id='word_1_63' title='bbox 1586 592 1762 634; x_wconf 80' lang='lat' dir='ltr'>auribus</span> 
     </span>
     <span class='ocr_line' id='line_1_9' title="bbox 304 649 1763 708; baseline -0.002 -15"><span class='ocrx_word' id='word_1_64' title='bbox 304 651 426 708; x_wconf 87' lang='lat' dir='ltr'>ipsis,</span> <span class='ocrx_word' id='word_1_65' title='bbox 448 651 552 707; x_wconf 88' lang='lat' dir='ltr'>quid</span> <span class='ocrx_word' id='word_1_66' title='bbox 575 664 852 691; x_wconf 86' lang='lat' dir='ltr'>numerosum</span> <span class='ocrx_word' id='word_1_67' title='bbox 875 650 1005 690; x_wconf 84' lang='lat' dir='ltr'>etiam</span> <span class='ocrx_word' id='word_1_68' title='bbox 1028 649 1072 690; x_wconf 91' lang='lat' dir='ltr'>in</span> <span class='ocrx_word' id='word_1_69' title='bbox 1095 650 1286 690; x_wconf 87' lang='lat' dir='ltr'>minimis</span> <span class='ocrx_word' id='word_1_70' title='bbox 1309 649 1531 706; x_wconf 84' lang='lat' dir='ltr'>particulis</span> <span class='ocrx_word' id='word_1_71' title='bbox 1553 649 1763 691; x_wconf 86' lang='lat' dir='ltr'>orationis</span> 
     </span>
     <span class='ocr_line' id='line_1_10' title="bbox 222 698 1766 765; baseline -0.001 -15"><span class='ocrx_word' id='word_1_72' title='bbox 222 698 293 756; x_wconf 82' lang='grc'>68</span> <span class='ocrx_word' id='word_1_73' title='bbox 307 720 433 760; x_wconf 86' lang='lat' dir='ltr'>esset,</span> <span class='ocrx_word' id='word_1_74' title='bbox 460 709 695 765; x_wconf 83' lang='lat' dir='ltr'>judicaret.</span> <span class='ocrx_word' id='word_1_75' title='bbox 759 706 828 759; x_wconf 84' lang='lat' dir='ltr'>Et,</span> <span class='ocrx_word' id='word_1_76' title='bbox 847 706 1052 763; x_wconf 85' lang='lat' dir='ltr'>quoniam</span> <span class='ocrx_word' id='word_1_77' title='bbox 1088 707 1211 763; x_wconf 81' lang='lat' dir='ltr'>plura</span> <span class='ocrx_word' id='word_1_78' title='bbox 1235 707 1288 748; x_wconf 90' lang='lat' dir='ltr'>de</span> <span class='ocrx_word' id='word_1_79' title='bbox 1319 722 1546 749; x_wconf 86' lang='lat' dir='ltr'>numerosa</span> <span class='ocrx_word' id='word_1_80' title='bbox 1568 708 1766 749; x_wconf 86' lang='lat' dir='ltr'>oratione</span> 
     </span>
     <span class='ocr_line' id='line_1_11' title="bbox 307 765 1766 822; baseline -0.001 -14"><span class='ocrx_word' id='word_1_81' title='bbox 307 767 514 817; x_wconf 78' lang='lat' dir='ltr'>diximus,</span> <span class='ocrx_word' id='word_1_82' title='bbox 546 781 676 822; x_wconf 74' lang='lat' dir='ltr'>quarn</span> <span class='ocrx_word' id='word_1_83' title='bbox 714 766 943 822; x_wconf 85' lang='lat' dir='ltr'>quisquam</span> <span class='ocrx_word' id='word_1_84' title='bbox 977 774 1078 805; x_wconf 86' lang='lat' dir='ltr'>ante</span> <span class='ocrx_word' id='word_1_85' title='bbox 1111 779 1205 816; x_wconf 86' lang='lat' dir='ltr'>nOS‚</span> <span class='ocrx_word' id='word_1_86' title='bbox 1239 779 1353 806; x_wconf 90' lang='lat' dir='ltr'>nunc</span> <span class='ocrx_word' id='word_1_87' title='bbox 1386 767 1439 807; x_wconf 83' lang='lat' dir='ltr'>de</span> <span class='ocrx_word' id='word_1_88' title='bbox 1469 765 1562 822; x_wconf 86' lang='lat' dir='ltr'>ejus</span> <span class='ocrx_word' id='word_1_89' title='bbox 1595 766 1766 822; x_wconf 84' lang='lat' dir='ltr'>generis</span> 
     </span>
     <span class='ocr_line' id='line_1_12' title="bbox 306 824 723 866; baseline 0 -1"><span class='ocrx_word' id='word_1_90' title='bbox 306 824 494 866; x_wconf 88' lang='lat' dir='ltr'>utilitate</span> <span class='ocrx_word' id='word_1_91' title='bbox 515 824 723 865; x_wconf 83' lang='lat' dir='ltr'>dicemus.</span> 
     </span>
     <span class='ocr_line' id='line_1_13' title="bbox 216 879 1767 936; baseline 0 -13"><span class='ocrx_word' id='word_1_92' title='bbox 216 896 296 935; x_wconf 69' lang='lat'>227</span> <span class='ocrx_word' id='word_1_93' title='bbox 365 882 491 923; x_wconf 90' lang='lat' dir='ltr'>Nihil</span> <span class='ocrx_word' id='word_1_94' title='bbox 528 882 643 923; x_wconf 87' lang='lat' dir='ltr'>enim</span> <span class='ocrx_word' id='word_1_95' title='bbox 680 891 745 923; x_wconf 86' lang='lat' dir='ltr'>est</span> <span class='ocrx_word' id='word_1_96' title='bbox 776 880 906 932; x_wconf 89' lang='lat' dir='ltr'>aliud,</span> <span class='ocrx_word' id='word_1_97' title='bbox 938 880 1088 931; x_wconf 84' lang='lat' dir='ltr'>Brute,</span> <span class='ocrx_word' id='word_1_98' title='bbox 1122 880 1257 936; x_wconf 87' lang='lat' dir='ltr'>(quod</span> <span class='ocrx_word' id='word_1_99' title='bbox 1291 879 1466 936; x_wconf 86' lang='lat' dir='ltr'>quidem</span> <span class='ocrx_word' id='word_1_100' title='bbox 1497 888 1544 921; x_wconf 89' lang='lat' dir='ltr'>tu</span> <span class='ocrx_word' id='word_1_101' title='bbox 1585 880 1767 924; x_wconf 86' lang='lat' dir='ltr'>minime</span> 
     </span>
     <span class='ocr_line' id='line_1_14' title="bbox 307 938 1768 996; baseline -0.001 -15"><span class='ocrx_word' id='word_1_102' title='bbox 307 940 503 981; x_wconf 85' lang='lat' dir='ltr'>omnium</span> <span class='ocrx_word' id='word_1_103' title='bbox 526 940 720 996; x_wconf 83' lang='lat' dir='ltr'>ignoras)</span> <span class='ocrx_word' id='word_1_104' title='bbox 743 939 889 996; x_wconf 87' lang='lat' dir='ltr'>pulcre</span> <span class='ocrx_word' id='word_1_105' title='bbox 907 947 950 979; x_wconf 89' lang='lat' dir='ltr'>et</span> <span class='ocrx_word' id='word_1_106' title='bbox 973 939 1160 979; x_wconf 84' lang='lat' dir='ltr'>oratorie</span> <span class='ocrx_word' id='word_1_107' title='bbox 1189 938 1346 990; x_wconf 81' lang='lat' dir='ltr'>dicere,</span> <span class='ocrx_word' id='word_1_108' title='bbox 1368 938 1450 978; x_wconf 87' lang='lat' dir='ltr'>nisi</span> <span class='ocrx_word' id='word_1_109' title='bbox 1474 938 1652 993; x_wconf 87' lang='lat' dir='ltr'>optimis</span> <span class='ocrx_word' id='word_1_110' title='bbox 1671 953 1768 980; x_wconf 90' lang='lat' dir='ltr'>sen-</span> 
     </span>
     <span class='ocr_line' id='line_1_15' title="bbox 260 995 1770 1053; baseline 0.001 -16"><span class='ocrx_word' id='word_1_111' title='bbox 260 1005 292 1037; x_wconf 87' lang='lat' dir='ltr'>b.</span> <span class='ocrx_word' id='word_1_112' title='bbox 308 998 455 1040; x_wconf 82' lang='lat' dir='ltr'>tentiis</span> <span class='ocrx_word' id='word_1_113' title='bbox 479 998 706 1053; x_wconf 86' lang='lat' dir='ltr'>verbisque</span> <span class='ocrx_word' id='word_1_114' title='bbox 729 996 1006 1038; x_wconf 78' lang='lat' dir='ltr'>8lectissimis</span> <span class='ocrx_word' id='word_1_115' title='bbox 1038 995 1195 1037; x_wconf 80' lang='lat' dir='ltr'>dicere.</span> <span class='ocrx_word' id='word_1_116' title='bbox 1258 995 1316 1037; x_wconf 88' lang='lat' dir='ltr'>Et</span> <span class='ocrx_word' id='word_1_117' title='bbox 1346 1010 1426 1037; x_wconf 86' lang='lat' dir='ltr'>nec</span> <span class='ocrx_word' id='word_1_118' title='bbox 1448 995 1663 1037; x_wconf 84' lang='lat' dir='ltr'>sententia</span> <span class='ocrx_word' id='word_1_119' title='bbox 1682 996 1770 1039; x_wconf 82' lang='lat' dir='ltr'>ulla</span> 
     </span>
     <span class='ocr_line' id='line_1_16' title="bbox 305 1053 1770 1113; baseline -0.003 -15"><span class='ocrx_word' id='word_1_120' title='bbox 305 1067 384 1107; x_wconf 88' lang='lat' dir='ltr'>est,</span> <span class='ocrx_word' id='word_1_121' title='bbox 408 1071 506 1113; x_wconf 65' lang='lat' dir='ltr'>quae</span> <span class='ocrx_word' id='word_1_122' title='bbox 529 1056 719 1097; x_wconf 86' lang='lat' dir='ltr'>fructum</span> <span class='ocrx_word' id='word_1_123' title='bbox 743 1055 903 1096; x_wconf 87' lang='lat' dir='ltr'>oratori</span> <span class='ocrx_word' id='word_1_124' title='bbox 927 1054 1064 1106; x_wconf 68' lang='lat' dir='ltr'>ferat‚‘</span> <span class='ocrx_word' id='word_1_125' title='bbox 1075 1054 1157 1095; x_wconf 88' lang='lat' dir='ltr'>nisi</span> <span class='ocrx_word' id='word_1_126' title='bbox 1186 1062 1286 1110; x_wconf 83' lang='lat' dir='ltr'>apte</span> <span class='ocrx_word' id='word_1_127' title='bbox 1304 1053 1519 1110; x_wconf 81' lang='lat' dir='ltr'>exposita,</span> <span class='ocrx_word' id='word_1_128' title='bbox 1541 1062 1672 1110; x_wconf 88' lang='lat' dir='ltr'>atque</span> <span class='ocrx_word' id='word_1_129' title='bbox 1692 1055 1770 1095; x_wconf 89' lang='lat' dir='ltr'>ab-</span> 
     </span>
     <span class='ocr_line' id='line_1_17' title="bbox 305 1111 1770 1168; baseline -0.001 -12"><span class='ocrx_word' id='word_1_130' title='bbox 305 1114 469 1156; x_wconf 86' lang='lat' dir='ltr'>solute:</span> <span class='ocrx_word' id='word_1_131' title='bbox 503 1129 582 1156; x_wconf 85' lang='lat' dir='ltr'>nec</span> <span class='ocrx_word' id='word_1_132' title='bbox 619 1115 848 1155; x_wconf 80' lang='lat' dir='ltr'>verborum</span> <span class='ocrx_word' id='word_1_133' title='bbox 880 1112 1023 1153; x_wconf 86' lang='lat' dir='ltr'>lumen</span> <span class='ocrx_word' id='word_1_134' title='bbox 1052 1121 1247 1168; x_wconf 87' lang='lat' dir='ltr'>apparet,</span> <span class='ocrx_word' id='word_1_135' title='bbox 1278 1112 1361 1153; x_wconf 90' lang='lat' dir='ltr'>nisi</span> <span class='ocrx_word' id='word_1_136' title='bbox 1384 1111 1616 1168; x_wconf 79' lang='lat' dir='ltr'>diligenter</span> <span class='ocrx_word' id='word_1_137' title='bbox 1637 1111 1770 1154; x_wconf 91' lang='lat' dir='ltr'>collo-</span> 
     </span>
     <span class='ocr_line' id='line_1_18' title="bbox 303 1169 1771 1226; baseline -0.003 -11"><span class='ocrx_word' id='word_1_138' title='bbox 303 1183 528 1215; x_wconf 83' lang='lat' dir='ltr'>catorum:</span> <span class='ocrx_word' id='word_1_139' title='bbox 562 1181 606 1213; x_wconf 86' lang='lat' dir='ltr'>et</span> <span class='ocrx_word' id='word_1_140' title='bbox 632 1171 786 1212; x_wconf 86' lang='lat' dir='ltr'>horum</span> <span class='ocrx_word' id='word_1_141' title='bbox 813 1179 1044 1226; x_wconf 85' lang='lat' dir='ltr'>utrumque</span> <span class='ocrx_word' id='word_1_142' title='bbox 1067 1185 1268 1211; x_wconf 88' lang='lat' dir='ltr'>numerus</span> <span class='ocrx_word' id='word_1_143' title='bbox 1291 1170 1491 1212; x_wconf 86' lang='lat' dir='ltr'>illustrat.</span> <span class='ocrx_word' id='word_1_144' title='bbox 1552 1169 1771 1212; x_wconf 86' lang='lat' dir='ltr'>Numerus</span> 
     </span>
     <span class='ocr_line' id='line_1_19' title="bbox 306 1227 1772 1287; baseline -0.001 -15"><span class='ocrx_word' id='word_1_145' title='bbox 306 1241 452 1272; x_wconf 86' lang='lat' dir='ltr'>autem</span> <span class='ocrx_word' id='word_1_146' title='bbox 474 1236 610 1287; x_wconf 82' lang='lat' dir='ltr'>(saepe</span> <span class='ocrx_word' id='word_1_147' title='bbox 632 1230 748 1272; x_wconf 86' lang='lat' dir='ltr'>enim</span> <span class='ocrx_word' id='word_1_148' title='bbox 781 1229 866 1270; x_wconf 91' lang='lat' dir='ltr'>hoc</span> <span class='ocrx_word' id='word_1_149' title='bbox 899 1228 1147 1270; x_wconf 81' lang='lat' dir='ltr'>testandum</span> <span class='ocrx_word' id='word_1_150' title='bbox 1174 1229 1258 1279; x_wconf 89' lang='lat' dir='ltr'>est)</span> <span class='ocrx_word' id='word_1_151' title='bbox 1281 1243 1368 1269; x_wconf 90' lang='lat' dir='ltr'>non</span> <span class='ocrx_word' id='word_1_152' title='bbox 1399 1227 1529 1268; x_wconf 88' lang='lat' dir='ltr'>modo</span> <span class='ocrx_word' id='word_1_153' title='bbox 1553 1243 1640 1269; x_wconf 85' lang='lat' dir='ltr'>non</span> <span class='ocrx_word' id='word_1_154' title='bbox 1665 1228 1772 1284; x_wconf 65' lang='lat' dir='ltr'>poi}-</span> 
     </span>
     <span class='ocr_line' id='line_1_20' title="bbox 306 1286 1772 1344; baseline -0.001 -14"><span class='ocrx_word' id='word_1_155' title='bbox 306 1288 606 1344; x_wconf 77' lang='lat' dir='ltr'>ticejunctus,</span> <span class='ocrx_word' id='word_1_156' title='bbox 629 1302 778 1329; x_wconf 85' lang='lat' dir='ltr'>verum</span> <span class='ocrx_word' id='word_1_157' title='bbox 806 1287 938 1328; x_wconf 82' lang='lat' dir='ltr'>etiam</span> <span class='ocrx_word' id='word_1_158' title='bbox 962 1286 1134 1342; x_wconf 81' lang='lat' dir='ltr'>fugiens</span> <span class='ocrx_word' id='word_1_159' title='bbox 1158 1286 1293 1338; x_wconf 86' lang='lat' dir='ltr'>illum,</span> <span class='ocrx_word' id='word_1_160' title='bbox 1316 1286 1442 1342; x_wconf 89' lang='lat' dir='ltr'>eique</span> <span class='ocrx_word' id='word_1_161' title='bbox 1464 1286 1659 1327; x_wconf 87' lang='lat' dir='ltr'>omnium</span> <span class='ocrx_word' id='word_1_162' title='bbox 1685 1287 1772 1328; x_wconf 85' lang='lat' dir='ltr'>dis-</span> 
     </span>
     <span class='ocr_line' id='line_1_21' title="bbox 308 1344 1774 1401; baseline -0.002 -13"><span class='ocrx_word' id='word_1_163' title='bbox 308 1346 574 1388; x_wconf 86' lang='lat' dir='ltr'>simillimus:</span> <span class='ocrx_word' id='word_1_164' title='bbox 608 1351 715 1399; x_wconf 89' lang='lat' dir='ltr'>(non</span> <span class='ocrx_word' id='word_1_165' title='bbox 745 1345 849 1401; x_wconf 85' lang='lat' dir='ltr'>quin</span> <span class='ocrx_word' id='word_1_166' title='bbox 883 1345 1012 1386; x_wconf 85' lang='lat' dir='ltr'>iidem</span> <span class='ocrx_word' id='word_1_167' title='bbox 1049 1345 1135 1385; x_wconf 90' lang='lat' dir='ltr'>sint</span> <span class='ocrx_word' id='word_1_168' title='bbox 1165 1345 1332 1386; x_wconf 88' lang='lat' dir='ltr'>numeri</span> <span class='ocrx_word' id='word_1_169' title='bbox 1363 1359 1450 1386; x_wconf 91' lang='lat' dir='ltr'>non</span> <span class='ocrx_word' id='word_1_170' title='bbox 1475 1344 1606 1385; x_wconf 86' lang='lat' dir='ltr'>modo</span> <span class='ocrx_word' id='word_1_171' title='bbox 1628 1352 1774 1385; x_wconf 84' lang='lat' dir='ltr'>orato-</span> 
     </span>
     <span class='ocr_line' id='line_1_22' title="bbox 307 1402 1775 1461; baseline -0.002 -15"><span class='ocrx_word' id='word_1_172' title='bbox 307 1420 420 1456; x_wconf 86' lang='lat' dir='ltr'>rum,</span> <span class='ocrx_word' id='word_1_173' title='bbox 434 1415 479 1446; x_wconf 88' lang='lat' dir='ltr'>et</span> <span class='ocrx_word' id='word_1_174' title='bbox 499 1404 745 1461; x_wconf 67' lang='lat' dir='ltr'>poetarum,</span> <span class='ocrx_word' id='word_1_175' title='bbox 769 1418 918 1444; x_wconf 87' lang='lat' dir='ltr'>verum</span> <span class='ocrx_word' id='word_1_176' title='bbox 935 1403 1113 1443; x_wconf 88' lang='lat' dir='ltr'>omnino</span> <span class='ocrx_word' id='word_1_177' title='bbox 1133 1402 1419 1458; x_wconf 87' lang='lat' dir='ltr'>loquentium,</span> <span class='ocrx_word' id='word_1_178' title='bbox 1433 1402 1619 1458; x_wconf 89' lang='lat' dir='ltr'>denique</span> <span class='ocrx_word' id='word_1_179' title='bbox 1641 1402 1775 1444; x_wconf 85' lang='lat' dir='ltr'>etiam</span> 
     </span>
     <span class='ocr_line' id='line_1_23' title="bbox 309 1459 1775 1517; baseline -0.001 -13"><span class='ocrx_word' id='word_1_180' title='bbox 309 1463 557 1504; x_wconf 80' lang='lat' dir='ltr'>sonantium</span> <span class='ocrx_word' id='word_1_181' title='bbox 577 1461 788 1512; x_wconf 86' lang='lat' dir='ltr'>omnium,</span> <span class='ocrx_word' id='word_1_182' title='bbox 808 1476 906 1517; x_wconf 82' lang='lat' dir='ltr'>quae</span> <span class='ocrx_word' id='word_1_183' title='bbox 926 1459 1067 1501; x_wconf 82' lang='lat' dir='ltr'>metiri</span> <span class='ocrx_word' id='word_1_184' title='bbox 1088 1460 1263 1502; x_wconf 84' lang='lat' dir='ltr'>auribus</span> <span class='ocrx_word' id='word_1_185' title='bbox 1279 1461 1548 1517; x_wconf 83' lang='lat' dir='ltr'>possumusz)</span> <span class='ocrx_word' id='word_1_186' title='bbox 1571 1460 1645 1502; x_wconf 89' lang='lat' dir='ltr'>sed</span> <span class='ocrx_word' id='word_1_187' title='bbox 1666 1460 1775 1502; x_wconf 87' lang='lat' dir='ltr'>ordo</span> 
     </span>
     <span class='ocr_line' id='line_1_24' title="bbox 310 1518 1776 1577; baseline -0.002 -15"><span class='ocrx_word' id='word_1_188' title='bbox 310 1521 471 1577; x_wconf 84' lang='lat' dir='ltr'>pedum</span> <span class='ocrx_word' id='word_1_189' title='bbox 502 1520 623 1571; x_wconf 85' lang='lat' dir='ltr'>facit,</span> <span class='ocrx_word' id='word_1_190' title='bbox 654 1529 702 1560; x_wconf 90' lang='lat' dir='ltr'>ut</span> <span class='ocrx_word' id='word_1_191' title='bbox 739 1519 798 1569; x_wconf 90' lang='lat' dir='ltr'>id,</span> <span class='ocrx_word' id='word_1_192' title='bbox 832 1519 951 1574; x_wconf 85' lang='lat' dir='ltr'>quod</span> <span class='ocrx_word' id='word_1_193' title='bbox 983 1518 1304 1574; x_wconf 82' lang='lat' dir='ltr'>pronuntiatur,</span> <span class='ocrx_word' id='word_1_194' title='bbox 1337 1527 1412 1560; x_wconf 84' lang='lat' dir='ltr'>aut</span> <span class='ocrx_word' id='word_1_195' title='bbox 1444 1518 1669 1570; x_wconf 87' lang='lat' dir='ltr'>orationis,</span> <span class='ocrx_word' id='word_1_196' title='bbox 1699 1527 1776 1562; x_wconf 85' lang='lat' dir='ltr'>aut</span> 
     </span>
     <span class='ocr_line' id='line_1_25' title="bbox 221 1575 1777 1635; baseline -0.002 -14"><span class='ocrx_word' id='word_1_197' title='bbox 221 1586 299 1621; x_wconf 70' lang='lat'>228</span> <span class='ocrx_word' id='word_1_198' title='bbox 315 1578 528 1635; x_wconf 68' lang='lat' dir='ltr'>poematis</span> <span class='ocrx_word' id='word_1_199' title='bbox 572 1577 710 1618; x_wconf 81' lang='lat' dir='ltr'>simile</span> <span class='ocrx_word' id='word_1_200' title='bbox 750 1576 961 1617; x_wconf 86' lang='lat' dir='ltr'>videatur.</span> <span class='ocrx_word' id='word_1_201' title='bbox 1026 1575 1156 1629; x_wconf 85' lang='lat' dir='ltr'>Hanc</span> <span class='ocrx_word' id='word_1_202' title='bbox 1195 1576 1330 1632; x_wconf 86' lang='lat' dir='ltr'>igitur</span> <span class='ocrx_word' id='word_1_203' title='bbox 1372 1576 1462 1618; x_wconf 91' lang='lat' dir='ltr'>sive</span> <span class='ocrx_word' id='word_1_204' title='bbox 1491 1575 1777 1633; x_wconf 88' lang='lat' dir='ltr'>compositio-</span> 
     </span>
     <span class='ocr_line' id='line_1_26' title="bbox 311 1633 1777 1691; baseline -0.001 -14"><span class='ocrx_word' id='word_1_205' title='bbox 311 1651 426 1687; x_wconf 87' lang='lat' dir='ltr'>nem,</span> <span class='ocrx_word' id='word_1_206' title='bbox 451 1635 541 1676; x_wconf 79' lang='lat' dir='ltr'>sivc.</span> <span class='ocrx_word' id='word_1_207' title='bbox 563 1634 893 1691; x_wconf 81' lang='lat' dir='ltr'>perfectionem,</span> <span class='ocrx_word' id='word_1_208' title='bbox 917 1633 1006 1675; x_wconf 85' lang='lat' dir='ltr'>sive</span> <span class='ocrx_word' id='word_1_209' title='bbox 1028 1648 1256 1674; x_wconf 86' lang='lat' dir='ltr'>numerum</span> <span class='ocrx_word' id='word_1_210' title='bbox 1288 1633 1433 1675; x_wconf 88' lang='lat' dir='ltr'>vocari</span> <span class='ocrx_word' id='word_1_211' title='bbox 1456 1633 1613 1691; x_wconf 88' lang='lat' dir='ltr'>placet,</span> <span class='ocrx_word' id='word_1_212' title='bbox 1635 1643 1680 1675; x_wconf 86' lang='lat' dir='ltr'>et</span> <span class='ocrx_word' id='word_1_213' title='bbox 1699 1634 1777 1677; x_wconf 88' lang='lat' dir='ltr'>ad-</span> 
     </span>
     <span class='ocr_line' id='line_1_27' title="bbox 311 1690 1776 1748; baseline -0.001 -12"><span class='ocrx_word' id='word_1_214' title='bbox 311 1694 462 1736; x_wconf 89' lang='lat' dir='ltr'>hibere</span> <span class='ocrx_word' id='word_1_215' title='bbox 496 1708 670 1735; x_wconf 86' lang='lat' dir='ltr'>necesse</span> <span class='ocrx_word' id='word_1_216' title='bbox 697 1701 776 1744; x_wconf 88' lang='lat' dir='ltr'>est,</span> <span class='ocrx_word' id='word_1_217' title='bbox 811 1692 843 1732; x_wconf 90' lang='lat' dir='ltr'>si</span> <span class='ocrx_word' id='word_1_218' title='bbox 875 1700 1026 1733; x_wconf 88' lang='lat' dir='ltr'>ornate</span> <span class='ocrx_word' id='word_1_219' title='bbox 1049 1691 1152 1733; x_wconf 88' lang='lat' dir='ltr'>velis</span> <span class='ocrx_word' id='word_1_220' title='bbox 1175 1692 1333 1743; x_wconf 87' lang='lat' dir='ltr'>dicere,</span> <span class='ocrx_word' id='word_1_221' title='bbox 1354 1706 1439 1733; x_wconf 92' lang='lat' dir='ltr'>non</span> <span class='ocrx_word' id='word_1_222' title='bbox 1477 1690 1614 1733; x_wconf 89' lang='lat' dir='ltr'>solum</span> <span class='ocrx_word' id='word_1_223' title='bbox 1637 1692 1776 1748; x_wconf 91' lang='lat' dir='ltr'>(quod</span> 
     </span>
     <span class='ocr_line' id='line_1_28' title="bbox 313 1748 1778 1806; baseline 0 -13"><span class='ocrx_word' id='word_1_224' title='bbox 313 1753 375 1794; x_wconf 89' lang='lat' dir='ltr'>ait</span> <span class='ocrx_word' id='word_1_225' title='bbox 406 1751 662 1793; x_wconf 87' lang='lat' dir='ltr'>Aristoteles</span> <span class='ocrx_word' id='word_1_226' title='bbox 685 1760 728 1792; x_wconf 88' lang='lat' dir='ltr'>et</span> <span class='ocrx_word' id='word_1_227' title='bbox 759 1749 1105 1806; x_wconf 81' lang='lat' dir='ltr'>Theophrastus)</span> <span class='ocrx_word' id='word_1_228' title='bbox 1127 1764 1181 1791; x_wconf 90' lang='lat' dir='ltr'>ne</span> <span class='ocrx_word' id='word_1_229' title='bbox 1215 1749 1386 1791; x_wconf 87' lang='lat' dir='ltr'>infinite</span> <span class='ocrx_word' id='word_1_230' title='bbox 1419 1748 1596 1802; x_wconf 85' lang='lat' dir='ltr'>feratur,</span> <span class='ocrx_word' id='word_1_231' title='bbox 1625 1759 1674 1791; x_wconf 87' lang='lat' dir='ltr'>ut</span> <span class='ocrx_word' id='word_1_232' title='bbox 1694 1750 1778 1793; x_wconf 91' lang='lat' dir='ltr'>flu-</span> 
     </span>
     <span class='ocr_line' id='line_1_29' title="bbox 310 1807 1780 1865; baseline -0.001 -14"><span class='ocrx_word' id='word_1_233' title='bbox 310 1825 427 1861; x_wconf 84' lang='lat' dir='ltr'>men,</span> <span class='ocrx_word' id='word_1_234' title='bbox 450 1810 605 1860; x_wconf 84' lang='lat' dir='ltr'>oratio,</span> <span class='ocrx_word' id='word_1_235' title='bbox 628 1825 726 1864; x_wconf 82' lang='lat' dir='ltr'>quae</span> <span class='ocrx_word' id='word_1_236' title='bbox 760 1823 847 1849; x_wconf 90' lang='lat' dir='ltr'>non</span> <span class='ocrx_word' id='word_1_237' title='bbox 874 1817 949 1848; x_wconf 87' lang='lat' dir='ltr'>aut</span> <span class='ocrx_word' id='word_1_238' title='bbox 982 1807 1136 1865; x_wconf 88' lang='lat' dir='ltr'>spiritu</span> <span class='ocrx_word' id='word_1_239' title='bbox 1171 1807 1509 1864; x_wconf 87' lang='lat' dir='ltr'>pronuntiantis,</span> <span class='ocrx_word' id='word_1_240' title='bbox 1539 1815 1616 1849; x_wconf 83' lang='lat' dir='ltr'>aut</span> <span class='ocrx_word' id='word_1_241' title='bbox 1644 1807 1780 1850; x_wconf 84' lang='lat' dir='ltr'>inter-</span> 
     </span>
     <span class='ocr_line' id='line_1_30' title="bbox 310 1865 1778 1919; baseline -0.001 -9"><span class='ocrx_word' id='word_1_242' title='bbox 310 1869 446 1910; x_wconf 84' lang='lat' dir='ltr'>ductu</span> <span class='ocrx_word' id='word_1_243' title='bbox 478 1867 658 1919; x_wconf 84' lang='lat' dir='ltr'>librarii,</span> <span class='ocrx_word' id='word_1_244' title='bbox 695 1868 768 1909; x_wconf 89' lang='lat' dir='ltr'>sed</span> <span class='ocrx_word' id='word_1_245' title='bbox 801 1880 982 1907; x_wconf 86' lang='lat' dir='ltr'>numero</span> <span class='ocrx_word' id='word_1_246' title='bbox 1015 1874 1169 1907; x_wconf 88' lang='lat' dir='ltr'>coacta</span> <span class='ocrx_word' id='word_1_247' title='bbox 1199 1866 1330 1908; x_wconf 90' lang='lat' dir='ltr'>debet</span> <span class='ocrx_word' id='word_1_248' title='bbox 1363 1865 1584 1908; x_wconf 86' lang='lat' dir='ltr'>insistere:</span> <span class='ocrx_word' id='word_1_249' title='bbox 1616 1879 1778 1909; x_wconf 74' lang='lat' dir='ltr'>&#39;verum</span> 
     </span>
     <span class='ocr_line' id='line_1_31' title="bbox 312 1923 1778 1981; baseline -0.001 -14"><span class='ocrx_word' id='word_1_250' title='bbox 312 1926 461 1977; x_wconf 86' lang='lat' dir='ltr'>etiam,</span> <span class='ocrx_word' id='word_1_251' title='bbox 488 1926 603 1981; x_wconf 89' lang='lat' dir='ltr'>quod</span> <span class='ocrx_word' id='word_1_252' title='bbox 627 1925 765 1966; x_wconf 84' lang='lat' dir='ltr'>multo</span> <span class='ocrx_word' id='word_1_253' title='bbox 788 1924 998 1980; x_wconf 80' lang='lat' dir='ltr'>majorem</span> <span class='ocrx_word' id='word_1_254' title='bbox 1020 1923 1185 1965; x_wconf 84' lang='lat' dir='ltr'>habent</span> <span class='ocrx_word' id='word_1_255' title='bbox 1206 1934 1309 1980; x_wconf 88' lang='lat' dir='ltr'>apta</span> <span class='ocrx_word' id='word_1_256' title='bbox 1329 1924 1433 1975; x_wconf 88' lang='lat' dir='ltr'>vim,</span> <span class='ocrx_word' id='word_1_257' title='bbox 1461 1938 1592 1980; x_wconf 89' lang='lat' dir='ltr'>quam</span> <span class='ocrx_word' id='word_1_258' title='bbox 1620 1923 1778 1966; x_wconf 84' lang='lat' dir='ltr'>soluta.</span> 
     </span>
     <span class='ocr_line' id='line_1_32' title="bbox 312 1981 1780 2039; baseline -0.001 -13"><span class='ocrx_word' id='word_1_259' title='bbox 312 1984 377 2026; x_wconf 86' lang='lat' dir='ltr'>Ut</span> <span class='ocrx_word' id='word_1_260' title='bbox 409 1983 525 2025; x_wconf 85' lang='lat' dir='ltr'>enim</span> <span class='ocrx_word' id='word_1_261' title='bbox 553 1983 752 2035; x_wconf 80' lang='lat' dir='ltr'>athletas,</span> <span class='ocrx_word' id='word_1_262' title='bbox 777 1998 858 2024; x_wconf 89' lang='lat' dir='ltr'>nec</span> <span class='ocrx_word' id='word_1_263' title='bbox 882 1982 1020 2023; x_wconf 85' lang='lat' dir='ltr'>multo</span> <span class='ocrx_word' id='word_1_264' title='bbox 1052 1997 1172 2024; x_wconf 86' lang='lat' dir='ltr'>secus</span> <span class='ocrx_word' id='word_1_265' title='bbox 1203 1983 1463 2039; x_wconf 83' lang='lat' dir='ltr'>gladiatores</span> <span class='ocrx_word' id='word_1_266' title='bbox 1487 1981 1682 2024; x_wconf 84' lang='lat' dir='ltr'>videmus</span> <span class='ocrx_word' id='word_1_267' title='bbox 1712 1982 1780 2024; x_wconf 88' lang='lat' dir='ltr'>ni-</span> 
     </span>
     <span class='ocr_line' id='line_1_33' title="bbox 313 2039 1781 2097; baseline -0.001 -14"><span class='ocrx_word' id='word_1_268' title='bbox 313 2041 378 2083; x_wconf 91' lang='lat' dir='ltr'>hil</span> <span class='ocrx_word' id='word_1_269' title='bbox 407 2052 488 2083; x_wconf 85' lang='lat' dir='ltr'>nec</span> <span class='ocrx_word' id='word_1_270' title='bbox 523 2041 701 2084; x_wconf 83' lang='lat' dir='ltr'>vitando</span> <span class='ocrx_word' id='word_1_271' title='bbox 741 2041 882 2083; x_wconf 88' lang='lat' dir='ltr'>facere</span> <span class='ocrx_word' id='word_1_272' title='bbox 915 2048 1055 2090; x_wconf 89' lang='lat' dir='ltr'>caute,</span> <span class='ocrx_word' id='word_1_273' title='bbox 1086 2055 1165 2082; x_wconf 91' lang='lat' dir='ltr'>nec</span> <span class='ocrx_word' id='word_1_274' title='bbox 1194 2041 1380 2097; x_wconf 82' lang='lat' dir='ltr'>petendo</span> <span class='ocrx_word' id='word_1_275' title='bbox 1411 2039 1703 2093; x_wconf 80' lang='lat' dir='ltr'>vehementer,</span> <span class='ocrx_word' id='word_1_276' title='bbox 1734 2040 1781 2082; x_wconf 88' lang='lat' dir='ltr'>in</span> 
     </span>
     <span class='ocr_line' id='line_1_34' title="bbox 316 2097 1781 2156; baseline 0 -16"><span class='ocrx_word' id='word_1_277' title='bbox 316 2115 405 2156; x_wconf 90' lang='lat' dir='ltr'>quo</span> <span class='ocrx_word' id='word_1_278' title='bbox 437 2115 524 2141; x_wconf 91' lang='lat' dir='ltr'>non</span> <span class='ocrx_word' id='word_1_279' title='bbox 552 2108 695 2141; x_wconf 81' lang='lat' dir='ltr'>motus</span> <span class='ocrx_word' id='word_1_280' title='bbox 721 2099 793 2141; x_wconf 89' lang='lat' dir='ltr'>hic</span> <span class='ocrx_word' id='word_1_281' title='bbox 824 2099 984 2140; x_wconf 86' lang='lat' dir='ltr'>habeat</span> <span class='ocrx_word' id='word_1_282' title='bbox 1012 2097 1254 2154; x_wconf 75' lang='lat' dir='ltr'>palaestram</span> <span class='ocrx_word' id='word_1_283' title='bbox 1285 2099 1528 2155; x_wconf 87' lang='lat' dir='ltr'>quandam:</span> <span class='ocrx_word' id='word_1_284' title='bbox 1560 2106 1624 2151; x_wconf 87' lang='lat' dir='ltr'>ut,</span> <span class='ocrx_word' id='word_1_285' title='bbox 1654 2098 1781 2154; x_wconf 83' lang='lat' dir='ltr'>quid·-</span> 
     </span>
     <span class='ocr_line' id='line_1_35' title="bbox 318 2155 1783 2214; baseline 0.001 -15"><span class='ocrx_word' id='word_1_286' title='bbox 318 2158 423 2214; x_wconf 86' lang='lat' dir='ltr'>quid</span> <span class='ocrx_word' id='word_1_287' title='bbox 443 2157 487 2199; x_wconf 86' lang='lat' dir='ltr'>in</span> <span class='ocrx_word' id='word_1_288' title='bbox 510 2157 576 2199; x_wconf 84' lang='lat' dir='ltr'>his</span> <span class='ocrx_word' id='word_1_289' title='bbox 599 2158 726 2199; x_wconf 86' lang='lat' dir='ltr'>rebus</span> <span class='ocrx_word' id='word_1_290' title='bbox 749 2157 826 2199; x_wconf 87' lang='lat' dir='ltr'>fiat</span> <span class='ocrx_word' id='word_1_291' title='bbox 846 2156 1010 2198; x_wconf 85' lang='lat' dir='ltr'>utiliter</span> <span class='ocrx_word' id='word_1_292' title='bbox 1031 2155 1084 2197; x_wconf 87' lang='lat' dir='ltr'>ad</span> <span class='ocrx_word' id='word_1_293' title='bbox 1098 2171 1305 2213; x_wconf 84' lang='lat' dir='ltr'>pugnam,</span> <span class='ocrx_word' id='word_1_294' title='bbox 1325 2156 1441 2198; x_wconf 84' lang='lat' dir='ltr'>idem</span> <span class='ocrx_word' id='word_1_295' title='bbox 1459 2156 1512 2198; x_wconf 84' lang='lat' dir='ltr'>ad</span> <span class='ocrx_word' id='word_1_296' title='bbox 1525 2156 1783 2213; x_wconf 81' lang='lat' dir='ltr'>adspectum</span> 
     </span>
     <span class='ocr_line' id='line_1_36' title="bbox 319 2213 1782 2271; baseline 0 -15"><span class='ocrx_word' id='word_1_297' title='bbox 319 2216 452 2257; x_wconf 86' lang='lat' dir='ltr'>etiam</span> <span class='ocrx_word' id='word_1_298' title='bbox 491 2216 548 2256; x_wconf 88' lang='lat' dir='ltr'>sit</span> <span class='ocrx_word' id='word_1_299' title='bbox 580 2225 826 2257; x_wconf 79' lang='lat' dir='ltr'>venustum.</span> <span class='ocrx_word' id='word_1_300' title='bbox 867 2215 928 2256; x_wconf 89' lang='lat' dir='ltr'>sic</span> <span class='ocrx_word' id='word_1_301' title='bbox 959 2213 1099 2255; x_wconf 88' lang='lat' dir='ltr'>oratio</span> <span class='ocrx_word' id='word_1_302' title='bbox 1132 2229 1211 2256; x_wconf 91' lang='lat' dir='ltr'>nec</span> <span class='ocrx_word' id='word_1_303' title='bbox 1241 2215 1415 2271; x_wconf 86' lang='lat' dir='ltr'>plagam</span> <span class='ocrx_word' id='word_1_304' title='bbox 1448 2228 1625 2271; x_wconf 87' lang='lat' dir='ltr'>gravem</span> <span class='ocrx_word' id='word_1_305' title='bbox 1659 2213 1782 2265; x_wconf 82' lang='lat' dir='ltr'>facit,</span> 
     </span>
     <span class='ocr_line' id='line_1_37' title="bbox 320 2271 1780 2330; baseline -0.001 -16"><span class='ocrx_word' id='word_1_306' title='bbox 320 2273 404 2315; x_wconf 88' lang='lat' dir='ltr'>nisi</span> <span class='ocrx_word' id='word_1_307' title='bbox 428 2273 582 2330; x_wconf 90' lang='lat' dir='ltr'>petitio</span> <span class='ocrx_word' id='word_1_308' title='bbox 596 2273 680 2315; x_wconf 83' lang='lat' dir='ltr'>fuit</span> <span class='ocrx_word' id='word_1_309' title='bbox 698 2284 823 2330; x_wconf 84' lang='lat' dir='ltr'>apta:</span> <span class='ocrx_word' id='word_1_310' title='bbox 849 2277 961 2313; x_wconf 90' lang='lat' dir='ltr'>9nec</span> <span class='ocrx_word' id='word_1_311' title='bbox 983 2271 1085 2313; x_wconf 89' lang='lat' dir='ltr'>satis</span> <span class='ocrx_word' id='word_1_312' title='bbox 1108 2281 1223 2314; x_wconf 91' lang='lat' dir='ltr'>recte</span> <span class='ocrx_word' id='word_1_313' title='bbox 1243 2272 1430 2314; x_wconf 90' lang='lat' dir='ltr'>declinat</span> <span class='ocrx_word' id='word_1_314' title='bbox 1447 2273 1674 2329; x_wconf 84' lang='lat' dir='ltr'>impetum,</span> <span class='ocrx_word' id='word_1_315' title='bbox 1696 2272 1780 2313; x_wconf 87' lang='lat' dir='ltr'>nisi</span> 
     </span>
     <span class='ocr_line' id='line_1_38' title="bbox 233 2329 1783 2387; baseline 0.001 -18"><span class='ocrx_word' id='word_1_316' title='bbox 233 2332 456 2373; x_wconf 66' lang='lat' dir='ltr'>229etiam</span> <span class='ocrx_word' id='word_1_317' title='bbox 495 2331 538 2372; x_wconf 90' lang='lat' dir='ltr'>in</span> <span class='ocrx_word' id='word_1_318' title='bbox 582 2331 790 2378; x_wconf 83' lang='lat' dir='ltr'>cedendo,</span> <span class='ocrx_word' id='word_1_319' title='bbox 820 2330 924 2387; x_wconf 89' lang='lat' dir='ltr'>quid</span> <span class='ocrx_word' id='word_1_320' title='bbox 962 2329 1127 2381; x_wconf 88' lang='lat' dir='ltr'>deceat,</span> <span class='ocrx_word' id='word_1_321' title='bbox 1166 2330 1386 2387; x_wconf 84' lang='lat' dir='ltr'>intelligit.</span> <span class='ocrx_word' id='word_1_322' title='bbox 1449 2329 1618 2386; x_wconf 84' lang='lat' dir='ltr'>Itaque,</span> <span class='ocrx_word' id='word_1_323' title='bbox 1644 2329 1783 2386; x_wconf 82' lang='lat' dir='ltr'>qualis</span> 
     </span>
     <span class='ocr_line' id='line_1_39' title="bbox 323 2387 1783 2445; baseline -0.001 -14"><span class='ocrx_word' id='word_1_324' title='bbox 323 2405 473 2431; x_wconf 88' lang='lat' dir='ltr'>eorum</span> <span class='ocrx_word' id='word_1_325' title='bbox 515 2399 676 2442; x_wconf 81' lang='lat' dir='ltr'>motus,</span> <span class='ocrx_word' id='word_1_326' title='bbox 719 2405 827 2445; x_wconf 88' lang='lat' dir='ltr'>quos</span> <span class='ocrx_word' id='word_1_327' title='bbox 867 2393 1066 2435; x_wconf 67' lang='grc' dir='ltr'>ἀπαλιιίςες</span> <span class='ocrx_word' id='word_1_328' title='bbox 1109 2388 1256 2430; x_wconf 80' lang='lat' dir='ltr'>Graeci</span> <span class='ocrx_word' id='word_1_329' title='bbox 1291 2397 1463 2440; x_wconf 87' lang='lat' dir='ltr'>vocant,</span> <span class='ocrx_word' id='word_1_330' title='bbox 1498 2387 1593 2429; x_wconf 86' lang='lat' dir='ltr'>talis</span> <span class='ocrx_word' id='word_1_331' title='bbox 1626 2387 1783 2437; x_wconf 78' lang='lat' dir='ltr'>horum</span> 
     </span>
     <span class='ocr_line' id='line_1_40' title="bbox 320 2445 1783 2504; baseline 0.001 -15"><span class='ocrx_word' id='word_1_332' title='bbox 320 2448 431 2490; x_wconf 85' lang='lat' dir='ltr'>mihi</span> <span class='ocrx_word' id='word_1_333' title='bbox 465 2447 636 2490; x_wconf 84' lang='lat' dir='ltr'>videtur</span> <span class='ocrx_word' id='word_1_334' title='bbox 668 2448 823 2500; x_wconf 86' lang='lat' dir='ltr'>oratio,</span> <span class='ocrx_word' id='word_1_335' title='bbox 846 2448 920 2504; x_wconf 89' lang='lat' dir='ltr'>qui</span> <span class='ocrx_word' id='word_1_336' title='bbox 952 2462 1040 2488; x_wconf 89' lang='lat' dir='ltr'>non</span> <span class='ocrx_word' id='word_1_337' title='bbox 1071 2445 1278 2488; x_wconf 82' lang='lat' dir='ltr'>claudunt</span> <span class='ocrx_word' id='word_1_338' title='bbox 1312 2446 1501 2488; x_wconf 87' lang='lat' dir='ltr'>numeris</span> <span class='ocrx_word' id='word_1_339' title='bbox 1523 2445 1783 2490; x_wconf 83' lang='lat' dir='ltr'>sententias:</span> 
     </span>
    </p>
   </div>
   <div class='ocr_carea' id='block_1_3' title="bbox 325 2582 1785 2964">
    <p class='ocr_par' dir='ltr' id='par_1_3' title="bbox 325 2582 1785 2791">
     <span class='ocr_line' id='line_1_41' title="bbox 367 2582 1780 2625; baseline -0.001 -10"><span class='ocrx_word' id='word_1_340' title='bbox 367 2588 387 2618; x_wconf 83' lang='lat'><strong>7</strong></span> <span class='ocrx_word' id='word_1_341' title='bbox 409 2586 496 2615; x_wconf 75' lang='lat' dir='ltr'>inter</span> <span class='ocrx_word' id='word_1_342' title='bbox 508 2584 602 2625; x_wconf 75' lang='lat' dir='ltr'>quus]</span> <span class='ocrx_word' id='word_1_343' title='bbox 629 2584 723 2615; x_wconf 77' lang='lat' dir='ltr'>Nihil</span> <span class='ocrx_word' id='word_1_344' title='bbox 745 2587 808 2620; x_wconf 84' lang='lat' dir='ltr'>cst,</span> <span class='ocrx_word' id='word_1_345' title='bbox 831 2593 895 2623; x_wconf 83' lang='lat' dir='ltr'>quo</span> <span class='ocrx_word' id='word_1_346' title='bbox 912 2583 1032 2614; x_wconf 78' lang='lat' dir='ltr'>refera—</span> <span class='ocrx_word' id='word_1_347' title='bbox 1075 2583 1136 2614; x_wconf 81' lang='lat' dir='ltr'>dit.</span> <span class='ocrx_word' id='word_1_348' title='bbox 1176 2583 1230 2614; x_wconf 83' lang='lat' dir='ltr'>Fr.</span> <span class='ocrx_word' id='word_1_349' title='bbox 1246 2583 1436 2624; x_wconf 78' lang='lat' dir='ltr'>Gryphiu53</span> <span class='ocrx_word' id='word_1_350' title='bbox 1459 2586 1493 2613; x_wconf 87' lang='lat' dir='ltr'>et</span> <span class='ocrx_word' id='word_1_351' title='bbox 1517 2583 1623 2623; x_wconf 84' lang='lat' dir='ltr'>reperi</span> <span class='ocrx_word' id='word_1_352' title='bbox 1653 2582 1690 2613; x_wconf 86' lang='lat' dir='ltr'>in</span> <span class='ocrx_word' id='word_1_353' title='bbox 1714 2582 1780 2614; x_wconf 84' lang='lat' dir='ltr'>Ms.</span> 
     </span>
     <span class='ocr_line' id='line_1_42' title="bbox 325 2627 1710 2668; baseline -0.001 -11"><span class='ocrx_word' id='word_1_354' title='bbox 325 2631 384 2657; x_wconf 75' lang='lat' dir='ltr'>tur</span> <span class='ocrx_word' id='word_1_355' title='bbox 395 2637 488 2668; x_wconf 78' lang='lat' dir='ltr'>quas.</span> <span class='ocrx_word' id='word_1_356' title='bbox 532 2628 600 2657; x_wconf 81' lang='lat' dir='ltr'>Ser.</span> <span class='ocrx_word' id='word_1_357' title='bbox 617 2637 699 2667; x_wconf 72' lang='lat' dir='ltr'>quoe,</span> <span class='ocrx_word' id='word_1_358' title='bbox 723 2627 744 2656; x_wconf 90' lang='lat' dir='ltr'>i.</span> <span class='ocrx_word' id='word_1_359' title='bbox 760 2638 788 2657; x_wconf 83' lang='lat' dir='ltr'>e.</span> <span class='ocrx_word' id='word_1_360' title='bbox 805 2627 966 2663; x_wconf 80' lang='lat' dir='ltr'>membra,</span> <span class='ocrx_word' id='word_1_361' title='bbox 982 2627 1032 2657; x_wconf 88' lang='lat' dir='ltr'>in·</span> <span class='ocrx_word' id='word_1_362' title='bbox 1075 2627 1144 2657; x_wconf 81' lang='lat' dir='ltr'>vit.</span> <span class='ocrx_word' id='word_1_363' title='bbox 1707 2645 1710 2650; x_wconf 97' lang='lat'>-</span> 
     </span>
     <span class='ocr_line' id='line_1_43' title="bbox 327 2667 1784 2710; baseline -0.001 -9"><span class='ocrx_word' id='word_1_364' title='bbox 327 2671 406 2701; x_wconf 84' lang='lat' dir='ltr'>cisa.</span> <span class='ocrx_word' id='word_1_365' title='bbox 452 2669 505 2700; x_wconf 87' lang='lat' dir='ltr'>Sic</span> <span class='ocrx_word' id='word_1_366' title='bbox 525 2669 575 2699; x_wconf 86' lang='lat' dir='ltr'>ed.</span> <span class='ocrx_word' id='word_1_367' title='bbox 602 2670 690 2710; x_wconf 82' lang='lat' dir='ltr'>Lips.</span> <span class='ocrx_word' id='word_1_368' title='bbox 712 2671 832 2700; x_wconf 83' lang='lat' dir='ltr'>Sensus</span> <span class='ocrx_word' id='word_1_369' title='bbox 850 2674 914 2699; x_wconf 81' lang='lat' dir='ltr'>est:</span> <span class='ocrx_word' id='word_1_370' title='bbox 945 2670 1033 2700; x_wconf 85' lang='lat' dir='ltr'>inter</span> <span class='ocrx_word' id='word_1_371' title='bbox 1119 2673 1138 2704; x_wconf 88' lang='lat'><strong>9</strong></span> <span class='ocrx_word' id='word_1_372' title='bbox 1161 2679 1218 2699; x_wconf 76' lang='lat' dir='ltr'>nec</span> <span class='ocrx_word' id='word_1_373' title='bbox 1239 2669 1320 2700; x_wconf 77' lang='lat' dir='ltr'>satis</span> <span class='ocrx_word' id='word_1_374' title='bbox 1339 2672 1426 2698; x_wconf 78' lang='lat' dir='ltr'>recte</span> <span class='ocrx_word' id='word_1_375' title='bbox 1447 2667 1542 2708; x_wconf 61' lang='lat' dir='ltr'>decb]</span> <span class='ocrx_word' id='word_1_376' title='bbox 1571 2667 1709 2708; x_wconf 73' lang='lat' dir='ltr'>Vulgati</span> <span class='ocrx_word' id='word_1_377' title='bbox 1738 2672 1784 2699; x_wconf 79' lang='lat' dir='ltr'>te-</span> 
     </span>
     <span class='ocr_line' id='line_1_44' title="bbox 328 2710 1784 2752; baseline 0 -10"><span class='ocrx_word' id='word_1_378' title='bbox 328 2722 402 2752; x_wconf 80' lang='lat' dir='ltr'>quae</span> <span class='ocrx_word' id='word_1_379' title='bbox 415 2712 530 2748; x_wconf 80' lang='lat' dir='ltr'>incisa,</span> <span class='ocrx_word' id='word_1_380' title='bbox 546 2716 682 2752; x_wconf 77' lang='lat' dir='ltr'>propter</span> <span class='ocrx_word' id='word_1_381' title='bbox 696 2713 890 2742; x_wconf 82' lang='lat' dir='ltr'>varietatem</span> <span class='ocrx_word' id='word_1_382' title='bbox 905 2711 1034 2742; x_wconf 83' lang='lat' dir='ltr'>clausu·</span> <span class='ocrx_word' id='word_1_383' title='bbox 1077 2716 1146 2742; x_wconf 77' lang='lat' dir='ltr'>cte.-</span> <span class='ocrx_word' id='word_1_384' title='bbox 1179 2711 1266 2751; x_wconf 84' lang='lat' dir='ltr'>quod</span> <span class='ocrx_word' id='word_1_385' title='bbox 1287 2711 1328 2741; x_wconf 87' lang='lat' dir='ltr'>ab</span> <span class='ocrx_word' id='word_1_386' title='bbox 1353 2710 1423 2742; x_wconf 85' lang='lat' dir='ltr'>h.1.</span> <span class='ocrx_word' id='word_1_387' title='bbox 1446 2716 1497 2741; x_wconf 85' lang='lat' dir='ltr'>est</span> <span class='ocrx_word' id='word_1_388' title='bbox 1521 2711 1679 2742; x_wconf 84' lang='lat' dir='ltr'>alienum.</span> <span class='ocrx_word' id='word_1_389' title='bbox 1704 2710 1784 2750; x_wconf 91' lang='lat' dir='ltr'>quid</span> 
     </span>
     <span class='ocr_line' id='line_1_45' title="bbox 327 2752 1785 2791; baseline -0.001 -5"><span class='ocrx_word' id='word_1_390' title='bbox 327 2755 437 2786; x_wconf 78' lang='lat' dir='ltr'>larum</span> <span class='ocrx_word' id='word_1_391' title='bbox 453 2764 528 2784; x_wconf 80' lang='lat' dir='ltr'>raro</span> <span class='ocrx_word' id='word_1_392' title='bbox 544 2754 654 2784; x_wconf 88' lang='lat' dir='ltr'>locum</span> <span class='ocrx_word' id='word_1_393' title='bbox 670 2755 768 2785; x_wconf 73' lang='lat' dir='ltr'>habet</span> <span class='ocrx_word' id='word_1_394' title='bbox 785 2764 960 2785; x_wconf 65' lang='lat' dir='ltr'>numerosa</span> <span class='ocrx_word' id='word_1_395' title='bbox 972 2765 1020 2785; x_wconf 82' lang='lat' dir='ltr'>or.</span> <span class='ocrx_word' id='word_1_396' title='bbox 1077 2754 1167 2785; x_wconf 83' lang='lat' dir='ltr'>enim</span> <span class='ocrx_word' id='word_1_397' title='bbox 1193 2753 1234 2785; x_wconf 86' lang='lat' dir='ltr'>ad</span> <span class='ocrx_word' id='word_1_398' title='bbox 1256 2753 1411 2785; x_wconf 76' lang='lat' dir='ltr'>decorum</span> <span class='ocrx_word' id='word_1_399' title='bbox 1434 2754 1536 2791; x_wconf 82' lang='lat' dir='ltr'>valet,</span> <span class='ocrx_word' id='word_1_400' title='bbox 1561 2758 1599 2784; x_wconf 87' lang='lat' dir='ltr'>ut</span> <span class='ocrx_word' id='word_1_401' title='bbox 1624 2757 1706 2784; x_wconf 69' lang='lat' dir='ltr'>tecte</span> <span class='ocrx_word' id='word_1_402' title='bbox 1729 2752 1785 2784; x_wconf 84' lang='lat' dir='ltr'>de-</span> 
     </span>
    </p>

    <p class='ocr_par' dir='ltr' id='par_1_4' title="bbox 326 2795 1784 2964">
     <span class='ocr_line' id='line_1_46' title="bbox 370 2795 1784 2836; baseline -0.001 -7"><span class='ocrx_word' id='word_1_403' title='bbox 370 2801 389 2829; x_wconf 77' lang='lat'><strong>8</strong></span> <span class='ocrx_word' id='word_1_404' title='bbox 413 2798 583 2829; x_wconf 75' lang='lat' dir='ltr'>lectissime</span> <span class='ocrx_word' id='word_1_405' title='bbox 608 2797 727 2836; x_wconf 81' lang='lat' dir='ltr'>dicere]</span> <span class='ocrx_word' id='word_1_406' title='bbox 755 2797 808 2827; x_wconf 84' lang='lat' dir='ltr'>Sic</span> <span class='ocrx_word' id='word_1_407' title='bbox 830 2806 898 2827; x_wconf 88' lang='lat' dir='ltr'>non</span> <span class='ocrx_word' id='word_1_408' title='bbox 921 2797 1037 2828; x_wconf 84' lang='lat' dir='ltr'>dicunt</span> <span class='ocrx_word' id='word_1_409' title='bbox 1079 2797 1239 2828; x_wconf 78' lang='lat' dir='ltr'>clinemus</span> <span class='ocrx_word' id='word_1_410' title='bbox 1260 2797 1445 2836; x_wconf 79' lang='lat' dir='ltr'>impetum?</span> <span class='ocrx_word' id='word_1_411' title='bbox 1470 2801 1556 2827; x_wconf 73' lang='lat' dir='ltr'>recte</span> <span class='ocrx_word' id='word_1_412' title='bbox 1572 2795 1695 2827; x_wconf 79' lang='lat' dir='ltr'>habent</span> <span class='ocrx_word' id='word_1_413' title='bbox 1710 2795 1784 2827; x_wconf 84' lang='lat' dir='ltr'>edd.</span> 
     </span>
     <span class='ocr_line' id='line_1_47' title="bbox 327 2839 1781 2880; baseline -0.002 -9"><span class='ocrx_word' id='word_1_414' title='bbox 327 2841 452 2872; x_wconf 77' lang='lat' dir='ltr'>Latini.</span> <span class='ocrx_word' id='word_1_415' title='bbox 504 2839 639 2870; x_wconf 76' lang='lat' dir='ltr'>Correxi</span> <span class='ocrx_word' id='word_1_416' title='bbox 675 2839 865 2870; x_wconf 66' lang='lat' dir='ltr'>lectissimis.</span> <span class='ocrx_word' id='word_1_417' title='bbox 904 2841 1034 2880; x_wconf 69' lang='lat' dir='ltr'>optimis</span> <span class='ocrx_word' id='word_1_418' title='bbox 1077 2839 1168 2870; x_wconf 83' lang='lat' dir='ltr'>Med.</span> <span class='ocrx_word' id='word_1_419' title='bbox 1192 2839 1280 2879; x_wconf 86' lang='lat' dir='ltr'>Lips.</span> <span class='ocrx_word' id='word_1_420' title='bbox 1302 2840 1376 2870; x_wconf 80' lang='lat' dir='ltr'>Asc.</span> <span class='ocrx_word' id='word_1_421' title='bbox 1401 2843 1482 2870; x_wconf 78' lang='lat' dir='ltr'>tecte</span> <span class='ocrx_word' id='word_1_422' title='bbox 1507 2839 1586 2870; x_wconf 86' lang='lat' dir='ltr'>vitio</span> <span class='ocrx_word' id='word_1_423' title='bbox 1609 2847 1781 2880; x_wconf 81' lang='lat' dir='ltr'>operarum</span> 
     </span>
     <span class='ocr_line' id='line_1_48' title="bbox 326 2882 1481 2924; baseline -0.001 -11"><span class='ocrx_word' id='word_1_424' title='bbox 326 2883 494 2914; x_wconf 76' lang='lat' dir='ltr'>sententiis</span> <span class='ocrx_word' id='word_1_425' title='bbox 520 2886 550 2913; x_wconf 82' lang='lat' dir='ltr'>et</span> <span class='ocrx_word' id='word_1_426' title='bbox 577 2883 682 2913; x_wconf 74' lang='lat' dir='ltr'>verbis</span> <span class='ocrx_word' id='word_1_427' title='bbox 710 2882 891 2912; x_wconf 69' lang='lat' dir='ltr'>lectissimis</span> <span class='ocrx_word' id='word_1_428' title='bbox 916 2883 1032 2913; x_wconf 72' lang='lat' dir='ltr'>(licere.</span> <span class='ocrx_word' id='word_1_429' title='bbox 1075 2882 1219 2924; x_wconf 84' lang='lat' dir='ltr'>irrepsit.</span> <span class='ocrx_word' id='word_1_430' title='bbox 1235 2882 1299 2913; x_wconf 81' lang='lat' dir='ltr'>MS.</span> <span class='ocrx_word' id='word_1_431' title='bbox 1316 2882 1385 2913; x_wconf 85' lang='lat' dir='ltr'>Vit.</span> <span class='ocrx_word' id='word_1_432' title='bbox 1402 2886 1481 2913; x_wconf 79' lang='lat' dir='ltr'>tute.</span> 
     </span>
     <span class='ocr_line' id='line_1_49' title="bbox 328 2925 1033 2964; baseline 0 -8"><span class='ocrx_word' id='word_1_433' title='bbox 328 2936 378 2957; x_wconf 84' lang='lat' dir='ltr'>res</span> <span class='ocrx_word' id='word_1_434' title='bbox 393 2930 443 2958; x_wconf 87' lang='lat' dir='ltr'>est</span> <span class='ocrx_word' id='word_1_435' title='bbox 458 2925 644 2958; x_wconf 79' lang='lat' dir='ltr'>manifesta.</span> <span class='ocrx_word' id='word_1_436' title='bbox 689 2925 742 2956; x_wconf 80' lang='lat' dir='ltr'>Sic</span> <span class='ocrx_word' id='word_1_437' title='bbox 757 2928 870 2956; x_wconf 78' lang='lat' dir='ltr'>tamen</span> <span class='ocrx_word' id='word_1_438' title='bbox 877 2927 949 2964; x_wconf 78' lang='lat' dir='ltr'>jain</span> <span class='ocrx_word' id='word_1_439' title='bbox 967 2926 1033 2956; x_wconf 77' lang='lat' dir='ltr'>edi—</span> 
     </span>
    </p>
   </div>
   <div class='ocr_carea' id='block_1_4' title="bbox 1831 0 1945 3235">
    <p class='ocr_par' dir='ltr' id='par_1_5' title="bbox 1831 0 1945 3235">
     <span class='ocr_line' id='line_1_50' title="bbox 1831 0 1945 3235; baseline 0 0"><span class='ocrx_word' id='word_1_440' title='bbox 1831 0 1945 3235; x_wconf 95' lang='lat' dir='ltr'> </span> 
     </span>
    </p>
   </div>
  </div>
 </body>
</html>
