1945 3235
305 152 386 187 256
817 151 897 191 DE
932 151 1220 192 ORATORE

309 253 686 296 demonstrandam
704 272 713 297 :
737 259 888 312 postca
906 257 1242 298 controversiam
1257 254 1628 298 constituendam:
1661 263 1756 297 tum

308 311 368 359 id,
385 311 499 365 quod
520 326 595 352 nos
619 312 949 364 intenderemus,
964 314 1328 356 confirmandum:
1355 321 1466 368 post,
1488 327 1585 368 quae
1602 322 1755 354 contra

310 368 568 417 dicerentur,
587 370 836 413 refellenda:
868 384 1060 412 extrema
1083 384 1225 412 autem
1249 371 1458 421 oratione,
1477 383 1542 420 ea,
1557 384 1653 424 quae
1675 383 1753 426 pro

310 426 436 465 nobis
459 436 613 476 essent,
647 428 951 482 amplificanda
981 439 1023 469 et
1055 428 1275 483 augenda3
1306 441 1489 482 quaeque
1511 435 1653 467 essent
1676 440 1753 482 pro

227 483 295 531 32
311 482 574 533 adversariis,
612 485 867 526 infirmanda
897 496 1025 540 atque
1056 485 1306 541 frangenda.
1367 482 1598 524 Audieram
1622 485 1757 524 eti-am

227 553 407 593 144quae
425 540 478 581 de
493 541 699 581 orationis
725 543 855 597 ipsius
874 543 1136 583 ornamentis
1161 542 1448 591 traderentur3
1470 541 1514 581 in
1537 555 1622 595 qua
1643 554 1756 596 prae-

311 597 471 651 cipitur
491 598 690 652 primum,
711 610 752 638 ut
777 613 879 654 pure
901 610 943 639 et
964 600 1093 640 latine
1113 600 1354 654 loquamur:
1381 597 1535 639 deinde
1559 606 1606 638 ut
1627 597 1757 652 plane:

310 664 352 694 et
372 654 582 695 dilucide:
618 664 706 694 tum
732 665 778 695 ut
800 667 973 697 ornate:
1008 666 1105 711 post
1126 657 1178 696 ad
1211 671 1348 696 rerum
1371 655 1631 710 dignitatem
1652 665 1754 709 apte

311 721 353 750 et
375 711 494 765 quasi
518 712 697 752 decore:
730 712 1080 768 singularumque
1101 727 1237 753 rerum
1263 723 1481 769 praecepta
1501 725 1754 767 cognoram.

225 763 298 797 145
313 768 579 817 Quinetiam,
611 782 708 822 quae
741 770 928 810 maxime
953 770 1124 826 propria
1146 779 1286 810 essent
1308 779 1487 820 naturae,
1511 777 1654 810 tamen
1687 767 1757 809 his

311 825 415 880 ipsis
450 836 584 865 artem
615 825 809 866 adhiberi
844 827 1046 867 videram.
1080 841 1178 867 nam
1212 827 1264 867 de
1296 826 1482 877 actione,
1509 835 1553 867 et
1583 826 1635 866 de
1665 840 1755 866 me-

309 882 445 921 moria
487 882 685 936 quaedam
731 883 890 933 brevia,
925 885 994 924 sed
1035 888 1092 914 ¹00
1107 898 1265 939 magna
1305 897 1401 923 cum
1442 883 1754 924 exercitatione

309 947 527 993 praecepta
550 949 784 994 gustaram.
848 939 898 980 in
922 940 987 981 his
1007 941 1120 980 enim
1146 941 1232 981 fere
1256 941 1380 981 rebus
1409 940 1755 982 omnis'istorum

309 995 522 1036 artificum
548 997 746 1037 doctrina
769 1007 974 1048 versatur,
998 1012 1123 1052 quam
1157 1012 1239 1053 ego
1272 998 1305 1037 si
1329 997 1435 1038 nihil
1457 997 1598 1038 dicam
1629 997 1755 1053 adju-

312 1066 422 1102 vare,
453 1053 652 1094 mentiar.
684 1054 813 1095 babet
842 1055 955 1095 enim
999 1055 1197 1110 quaedam
1231 1054 1351 1109 quasi
1391 1055 1442 1095 ad
1475 1068 1756 1095 commonen-

308 1108 411 1149 dum
434 1120 665 1160 oratorem,
696 1126 781 1166 quo
811 1112 1000 1167 quidque
1031 1111 1201 1161 referat,
1231 1122 1271 1152 et
1295 1126 1380 1166 quo
1404 1111 1590 1162 intuens,
1611 1112 1667 1152 ab
1688 1125 1758 1162 eo,

225 1163 598 1223 1453quodcunque
621 1168 702 1208 sibi
738 1170 1022 1224 proposuerit,
1053 1170 1194 1209 minus
1229 1170 1411 1209 aberret.
1472 1168 1634 1209 Verum
1671 1182 1756 1224 ego

195 1217 422 1285 P·9g·hanc
446 1224 530 1265 vim
573 1225 767 1281 intelligo
796 1240 888 1267 esse
921 1227 962 1266 in
996 1227 1224 1282 praeceptis
1260 1226 1477 1276 omnibus,
1511 1240 1598 1266 non
1628 1234 1675 1266 ut
1705 1240 1759 1266 ea

293 1279 444 1321 'secuti
469 1291 674 1332 oratoreS,
696 1284 952 1339 eloquentiae
975 1283 1142 1324 laudem
1168 1284 1252 1323 sint
1271 1284 1431 1339 adepti,
1454 1283 1542 1332 sed,
1561 1297 1658 1337 quae
1678 1296 1756 1324 sua

311 1348 466 1393 sponte
490 1339 684 1380 homines
697 1340 946 1395 eloquentes
970 1341 1174 1391 faeerent,
1193 1355 1244 1381 ea
1264 1341 1473 1395 quosdam
1490 1341 1756 1390 observasse,

313 1397 326 1426 1
352 1406 482 1450 atque
504 1397 545 1437 id
566 1397 729 1452 egisse:
763 1399 823 1438 sic
845 1412 936 1438 esse
965 1412 1048 1438 non
1072 1398 1358 1452 eloquentiam
1381 1413 1435 1437 ex
1458 1397 1658 1447 artificio,
1680 1397 1755 1438 sed

309 1453 542 1494 artificium
565 1468 618 1494 ex
641 1455 886 1509 eloquentia
908 1465 1052 1495 natum
1073 1472 1080 1496 :
1113 1455 1227 1509 quod
1253 1465 1410 1505 tamen,
1434 1463 1482 1494 ut
1513 1464 1612 1495 ante
1644 1453 1756 1505 dixi,

310 1523 395 1550 non
416 1510 570 1565 ejicio:
603 1521 668 1552 est
690 1512 805 1552 enim
823 1512 989 1552 etiamsi
1014 1512 1153 1552 minus
1178 1512 1464 1553 necessarium
1485 1513 1537 1553 ad
1563 1512 1670 1552 bene
1687 1511 1754 1551 di-

222 1561 295 1600 ι47
308 1567 507 1617 cendum,
531 1578 671 1609 tamen
696 1568 748 1609 ad
771 1569 1119 1625 cognoscendum
1145 1583 1231 1609 non
1249 1569 1468 1610 illiberale.
1520 1567 1612 1609 2Εῑ
1631 1582 1755 1609 exer·-

306 1624 458 1665 citatio
488 1625 687 1680 quaedarn
712 1626 986 1682 suscipienda
1008 1627 1130 1667 vobis
1152 1636 1239 1667 est:
1271 1640 1530 1681 quamquam
1562 1640 1637 1666 vos
1659 1625 1756 1689 qui·
1786 1635 1796 1643 ⁴

306 1681 402 1721 dem
419 1682 681 1738 jampridem
706 1683 808 1724 estis
830 1685 872 1723 in
896 1697 1046 1724 cursu:
1073 1683 1173 1724 3sed
1206 1683 1252 1732 ii,
1281 1683 1355 1739 qui
1387 1682 1756 1738 lngrediuntur‘m

306 1739 508 1790 stadium,
531 1740 725 1795 4quique
758 1755 821 1791 ea,
854 1755 951 1796 quae
991 1741 1158 1795 agenda
1191 1751 1290 1781 sunt
1322 1741 1363 1780 in
1398 1739 1508 1790 foro,
1532 1748 1755 1795 tamquam

307 1796 349 1835 in
368 1796 474 1847 acie,
498 1807 678 1852 possunt
696 1797 826 1838 etiam
850 1813 963 1838 nunc
985 1798 1297 1838 exercitatione
1318 1797 1438 1853 quasi
1462 1797 1626 1838 ludicra
1645 1810 1757 1852 prae-

219 1850 293 1884 148
306 1853 470 1894 discere
502 1868 551 1894 ac
585 1855 798 1895 meditari.
860 1855 988 1896 Hanc
1022 1854 1174 1910 ipsam,
1198 1856 1340 1909 inquit
1373 1853 1606 1910 Sulpicius,
1626 1866 1755 1895 nosse

305 1910 523 1952 volumus:
557 1921 746 1952 attamen
772 1912 867 1963 ista,
889 1927 985 1967 quae
1006 1913 1081 1952 abs
1106 1922 1146 1952 te
1170 1913 1357 1953 breviter
1377 1911 1435 1952 de.
1452 1920 1543 1952 arte
1573 1912 1754 1952 decursa

305 1977 419 2019 sunt,
455 1968 602 2009 audire
634 1970 846 2025 cupimus,
882 1983 1143 2025 quamquam
1174 1978 1274 2011 sunt
1306 1969 1437 2009 nobisv
1463 1983 1635 2024 quoque
1665 1981 1755 2009 non

305 2024 513 2066 inaudita.
586 2026 746 2067 Verum
778 2027 849 2067 illa
882 2041 1007 2067 mox:
1051 2042 1182 2078 nunc,
1222 2027 1275 2067 de
1306 2026 1399 2082 ipsa
1438 2025 1753 2068 exercitatione

306 2082 410 2136 quid
435 2083 607 2134 sentias,
629 2084 878 2138 quaerimus,

365 2137 577 2194 Equidem
602 2141 739 2195 probo
763 2141 858 2192 ista,
882 2139 1061 2181 Crassus
1083 2140 1239 2195 inquit,
1260 2155 1357 2194 quae
1381 2153 1458 2179 vos
1480 2138 1621 2180 facere
1643 2138 1752 2180 sole-

220 2196 293 2230 149
308 2196 376 2247 tis,
401 2206 462 2246 ut,
484 2212 613 2237 causa
634 2197 777 2252 aliqua
807 2198 950 2253 posita
969 2197 1182 2238 consimili
1215 2211 1439 2238 causarum
1469 2210 1631 2247 earum,
1653 2211 1751 2252 quae

305 2253 348 2293 in
373 2253 512 2294 forum
536 2254 802 2305 deteruntur,
820 2255 973 2295 dicatis
995 2269 1124 2309 quam
1147 2254 1335 2295 maxime
1356 2253 1409 2294 ad
1433 2253 1658 2294 veritatem
1680 2268 1753 2294 ac-

304 2311 602 2352 commodate:
635 2312 707 2352 sed
738 2312 929 2368 plerique
960 2311 1005 2352 in
1037 2311 1119 2353 hoc
1150 2325 1302 2353 vocem
1330 2311 1476 2363 modo,
1498 2325 1636 2366 neque
1655 2324 1752 2352 eam

350 2427 408 2455 100
431 2433 558 2463 magna
579 2435 654 2455 cum
673 2426 902 2455 exercitatione
918 2434 1005 2465 proe·
1090 2427 1110 2456 2
1147 2424 1198 2456 Et
1233 2425 1422 2455 exercitatio
1456 2423 1634 2464 quonlam]
1670 2423 1750 2455 Non

302 2467 422 2507 cepta]
449 2467 601 2497 Pearcius
623 2467 696 2497 addi
724 2468 828 2497 voluit
838 2472 1003 2507 percepta.
1047 2466 1192 2498 dubitavi
1220 2468 1359 2497 scribere
1387 2471 1418 2498 et
1445 2475 1505 2506 pro
1534 2476 1585 2503 ea,
1615 2471 1655 2496 ut
1674 2467 1748 2506 jam

302 2507 381 2539 Non
401 2510 500 2546 'uene—3
527 2520 585 2539 nee
608 2514 776 2540 assecutus
799 2515 850 2539 est
871 2519 1002 2540 sensum

301 2550 375 2582 loci.
420 2551 497 2581 Non
514 2562 570 2592 per
584 2551 717 2589 longam
733 2552 1002 2583 exercitationem

303 2599 468 2633 praecepta
491 2603 511 2623 a
534 2594 690 2624 Cicerone
714 2599 867 2634 percepta
888 2599 1001 2625 erant:

302 2637 405 2665 immo
432 2640 620 2675 gustaverat
653 2641 806 2666 tantum:
841 2636 895 2666 sed
923 2647 1005 2676 prae.

301 2681 410 2717 cepta,
425 2687 497 2716 quae
511 2682 672 2716 gustarat,
683 2679 863 2717 conjuncta
873 2679 1004 2711 fuerant

302 2730 378 2750 eum
396 2729 515 2759 magna
530 2720 775 2751 exercitatione.

349 2764 360 2792 1
394 2766 492 2802 acque
513 2762 549 2791 id
567 2762 694 2801 egsssse]
733 2762 898 2801 Frigidum
935 2771 1002 2793 esse

1047 2509 1211 2540 Strebzrus
1226 2514 1260 2539 et
1282 2509 1491 2539 Guiiielmius
1513 2508 1656 2539 voluere.
1679 2516 1746 2538 non

1047 2552 1135 2582 enim
1151 2552 1189 2582 de
1200 2552 1434 2582 exercitatione
1449 2550 1574 2581 dictum
1589 2554 1676 2581 erat:
1691 2550 1751 2596 sed·

1049 2594 1125 2633 quid
1153 2594 1324 2634 praeceptis
1349 2593 1500 2624 accedere
1526 2593 1671 2631 deberet,
1693 2603 1750 2624 ex-

1048 2637 1170 2677 plicare
1188 2635 1328 2666 volebat.

1089 2681 1108 2709 3
1131 2679 1234 2713 sed'z'i,
1249 2678 1305 2717 qui
1318 2675 1464 2715 inm-ed]
1489 2677 1542 2707 Sic
1555 2686 1616 2717 pro
1629 2677 1672 2707 iis
1692 2676 1748 2707 dei

1046 2721 1163 2750 dimus.
1187 2721 1272 2751 Nam
1289 2720 1416 2750 nullum
1431 2719 1567 2749 verbum
1581 2726 1643 2755 est,
1660 2719 1748 2750 unde

1047 2764 1086 2792 iis
1107 2761 1261 2802 pendeat:
1286 2762 1340 2792 sed
1367 2762 1390 2791 iz·
1416 2761 1467 2790 vel
1491 2763 1524 2791 hi
1548 2761 1689 2791 refertur
1704 2760 1746 2792 ad

301 2803 440 2835 videtur.
466 2804 583 2840 Credo,
598 2805 789 2835 Ciceronem
801 2805 942 2835 dedisse:
961 2806 1008 2835 ad
1040 2809 1187 2845 possunt.
1227 2803 1270 2834 Et
1283 2804 1328 2834 sie
1342 2803 1464 2833 hahent
1479 2803 1549 2833 edd.
1564 2813 1613 2844 pr.
1629 2803 1692 2833 Ms.
1704 2803 1743 2833 E.

300 2851 471 2887 artemque
485 2846 652 2884 redegisse.
700 2846 773 2877 Hoc
788 2853 860 2876 tota
872 2852 1004 2877 senten·

301 2888 349 2918 tia
365 2894 399 2919 et
418 2899 466 2919 res
482 2888 654 2921 desiderat.
669 2890 709 2920 cf.
726 2899 754 2919 c.
767 2891 818 2920 41.
835 2894 917 2920 extr.

1087 2850 1108 2878 4
1122 2848 1240 2887 quique
1254 2846 1319 2887 em]
1338 2847 1403 2876 int.
1417 2846 1665 2885 ingrediuntur:
1681 2845 1745 2876 nisi

1051 2889 1128 2930 quid
1143 2888 1272 2921 excidit.

1925 907 1936 934 -J-
