1945 3235
662 117 846 155 LIBER
877 117 1114 155 PRIMUS.¹
1533 123 1605 160 129

173 218 356 272 sublata,
380 222 518 263 omnis
548 237 719 278 quoque
740 221 1033 264 controversia
1055 220 1223 261 sublata
1243 222 1311 262 sit.
1373 222 1488 279 Ergo
1511 224 1605 280 ejus

172 280 450 333 causaest-atio
486 289 563 332 est,
593 280 707 336 quod
739 280 811 320 illa
843 278 1215 335 Agamemnonem
1245 279 1465 321 occiderit.
1525 282 1606 323 Ju-

171 334 333 376 dicatio
360 346 437 388 est,
458 353 555 393 quae
585 352 639 378 ex
670 337 973 387 infirmatione,
993 345 1037 376 et
1068 335 1396 376 confirmatione
1428 339 1604 380 rationis

172 393 364 434 nascitur
385 395 689 436 controversia.
711 410 811 436 nam
833 394 888 434 sit
909 407 958 434 ea
972 393 1096 434 nobis
1117 393 1318 448 exposita
1330 393 1453 444 ratio,
1476 409 1605 448 quam

170 449 316 503 paullo
333 459 433 492 ante
453 453 746 508 exposuimus.
789 451 867 492 Illa
888 451 1018 501 enim,
1041 451 1196 506 inquit,
1218 453 1258 485 39
1273 460 1438 506 patrem
1460 464 1605 492 meum

171 507 404 549 occiderat.
462 508 523 549 At
546 525 646 561 non,
676 509 817 565 inquit
845 508 1126 559 adversarius,
1149 508 1224 548 abs
1249 516 1289 548 te
1310 508 1399 548 filio
1421 517 1605 549 matrem

174 566 314 606 necari
336 567 542 621 oportuit.
570 567 714 622 potuit
734 566 849 607 enim
882 567 972 606 sine
1007 574 1081 606 tuo
1112 565 1268 606 scelere
1298 565 1408 606 illius
1439 565 1602 606 factum

171 622 329 676 puniri.
390 622 459 664 Ex
481 624 562 665 hac
587 625 846 666 deductione
866 623 1060 674 rationis,
1081 627 1123 655 40
1137 623 1207 663 illa
1226 637 1392 663 summa
1414 624 1603 664 nascitur
1622 616 1686 664 14·

169 681 474 731 controversia,
497 697 626 737 quam
648 682 965 737 judicationem
987 680 1266 737 appellamus.
1297 695 1345 720 ea
1366 689 1431 720 est
1452 680 1602 735 hujus-

168 737 312 778 modi:
337 736 578 780 Rectumne
600 739 744 791 fuerit,
765 740 819 780 ab
840 738 994 780 Oreste
1025 748 1203 778 matrem
1228 737 1383 788 occidi,
1405 752 1505 779 cum
1530 738 1601 778 illa

171 792 336 835 Orestis
368 805 531 851 patrem
571 798 815 838 occidisset.
889 795 1228 837 Firmamentum
1260 804 1324 836 est
1355 795 1659 840 firmissimam

167 854 485 906 argumentatio
526 853 777 904 defensoris,
807 856 844 884 41
861 862 905 894 et
934 854 1256 909 appositissima
1285 853 1338 893 ad
1362 852 1599 907 judicatio-

168 922 288 950 nem:
324 919 372 951 ut
401 911 435 951 si
467 911 570 952 velit
592 912 765 953 Orestes
800 911 956 962 dicere,
985 911 1198 966 ejusmodi
1231 911 1423 951 animum
1452 911 1600 951 matris

167 979 256 1006 suae
279 966 410 1009 fuisse
443 969 486 1010 in
516 980 682 1025 patrem
716 984 854 1020 suum,
874 969 917 1009 in
949 982 992 1008 se
1018 969 1159 1023 ipsum
1190 983 1239 1008 ac
1267 982 1446 1018 sororeS,
1470 968 1513 1008 in
1537 983 1602 1008 re-

167 1036 316 1077 gnum,
331 1025 375 1066 in
394 1025 553 1067 famam
573 1027 740 1083 generis
755 1036 798 1067 et
812 1025 1002 1076 familiae,
1015 1035 1064 1066 ut
1077 1026 1131 1066 ab
1150 1040 1201 1066 ea
1222 1039 1374 1081 poenas
1394 1025 1515 1065 liberi
1536 1026 1602 1067 sui

164 1081 438 1135 potissimum
470 1094 614 1140 petere
645 1084 884 1126 debuerint.
950 1082 1004 1122 Et
1034 1083 1077 1123 in
1108 1084 1261 1123 ceteris
1292 1083 1467 1137 quidem
1497 1098 1601 1124 con-

164 1137 464 1182 stitutionibus
493 1142 544 1182 ad
579 1142 695 1183 hune
718 1141 896 1182 modum
919 1139 1212 1194 judicationes
1239 1140 1533 1195 reperiuntur:
1557 1141 1601 1181 in

163 1196 445 1251 conjecturali
467 1209 610 1240 autem
629 1198 954 1247 constitutione,
969 1197 1071 1252 quia
1089 1197 1198 1238 ratio
1217 1211 1304 1237 non
1324 1206 1402 1248 est,
1417 1197 1601 1249 (factum

162 1254 279 1294 enim
322 1270 408 1296 non
438 1257 723 1308 conceditur,)
753 1271 839 1296 non
873 1263 1015 1311 potest
1046 1270 1101 1295 ex
1132 1253 1391 1295 deductione
1422 1255 1600 1295 rationis

162 1312 282 1353 nasci
304 1312 534 1367 judicatio.
597 1314 742 1360 Quare
772 1326 944 1354 necesse
971 1321 1036 1353 est
1065 1312 1246 1352 eandem
1275 1326 1366 1352 esse
1396 1313 1603 1367 quaestio-

161 1381 262 1409 nem
284 1370 678 1424 etjudicationem:
703 1381 764 1422 ut,
788 1371 951 1412 factum
965 1380 1043 1421 est,
1065 1371 1107 1400 42
1119 1383 1206 1409 non
1227 1378 1292 1409 est
1314 1368 1475 1410 factum
1493 1386 1503 1421 ς
1537 1369 1600 1410 fa-

162 1435 339 1468 ctumne
361 1428 439 1469 sit?
472 1428 594 1475 Quot
612 1437 756 1470 autem
779 1429 821 1469 in
845 1442 974 1469 causa
995 1426 1342 1478 constitutiones,
1357 1437 1432 1467 aut
1453 1441 1600 1468 earum

163 1491 304 1537 partes
326 1495 465 1536 erunt,
489 1486 670 1527 totidem
692 1500 864 1528 necesse
885 1485 968 1526 erit
995 1485 1273 1540 quaestiones,
1309 1484 1511 1536 rationes,
1526 1485 1600 1540 ju-

162 1539 414 1594 dicationes‚
438 1543 708 1585 firmamenta
728 1543 920 1601 reperiri.
961 1570 964 1573 -

220 1597 304 1640 His
333 1602 534 1642 omnibus
564 1602 609 1642 in
640 1617 768 1643 causa
798 1600 991 1656 repertis,
1021 1603 1062 1631 43
1077 1608 1170 1640 tum
1201 1599 1387 1654 denique
1417 1599 1598 1655 singuiae

157 1666 302 1710 ‚partes
323 1659 454 1700 totius
476 1673 616 1700 causae
636 1657 958 1701 considerandae.
983 1666 1096 1698 sunt.
1115 1671 1215 1698 nam
1235 1671 1322 1697 non
1343 1665 1392 1697 ut
1410 1657 1599 1713 quidque

157 1712 392 1756 dicendum
416 1717 617 1772 primum,
644 1717 706 1758 ita
735 1717 923 1773 primum
951 1714 1379 1756 animadvertendum
1402 1714 1641 1757 videturzb·

158 1770 257 1812 ideo
278 1773 395 1827 quod
417 1774 501 1824 illa,
520 1789 617 1830 quae
636 1775 775 1831 prima
792 1774 1008 1824 dicuntur,
1028 1773 1062 1813 si
1080 1772 1352 1813 vehementer
1370 1772 1473 1812 velis
1496 1787 1600 1814 con-

161 1842 327 1883 gruere,
350 1840 394 1871 et
422 1831 638 1873 cohaerere
668 1847 766 1873 cum
800 1845 944 1881 causa,
972 1844 1026 1871 ex
1048 1830 1109 1871 eis
1132 1830 1261 1871 ducas
1284 1839 1470 1885 oportet,
1501 1845 1598 1885 quae

158 1896 261 1940 -post
297 1887 480 1929 dicenda
511 1898 625 1929 sunt.
688 1889 833 1935 Quare
872 1902 970 1928 cum
998 1886 1228 1942 judicatio,
1252 1897 1295 1927 et
1324 1901 1388 1938 ea,
1412 1901 1509 1942 quae
1545 1887 1599 1929 ad

151 1943 471 1997 judicationem
501 1955 674 2002 oportet
700 1945 883 1986 inveniri
913 1955 1181 2000 argumenta,
1212 1943 1441 2000 diligenter
1473 1955 1601 1985 erunt

159 2001 345 2043 artificio
367 2013 549 2059 reperta,
572 2018 676 2044 cura
696 2013 740 2044 et
761 2002 1028 2059 cogitatione
1051 2011 1337 2058 pertractata3
1364 2011 1456 2042 tum
1478 2002 1600 2042 deni-

151 2058 243 2112 'que
272 2060 522 2102 ordinandae
554 2070 654 2101 sunt
684 2070 837 2102 ceterae
871 2068 1012 2115 partes
1044 2060 1266 2100 orationis.
1338 2058 1424 2105 Hae
1456 2069 1598 2115 partes

158 2129 235 2157 sex
265 2130 356 2158 esse
378 2119 556 2159 omnino
581 2118 707 2160 nobis
730 2118 954 2169 videntur3
977 2116 1218 2170 exordium,
1241 2116 1444 2168 narratio,
1466 2118 1599 2173 parti-

156 2234 257 2260 ctum.
272 2231 356 2262 Satis
364 2238 426 2270 est,
435 2243 498 2263 non
511 2233 606 2263 habet
613 2231 827 2273 defensionem
835 2246 846 2266 ‚-

157 2281 221 2311 quo
243 2274 320 2304 satis
343 2275 555 2315 intelligitur,
570 2275 696 2306 nullam
719 2281 852 2306 contro-

154 2316 290 2346 versiam
306 2317 456 2358 relinqui.

197 2361 238 2392 39
261 2358 403 2391 Patrem
427 2360 560 2400 meum]
595 2359 711 2391 Addidi
734 2369 855 2397 meum,

156 2400 242 2439 quod
253 2406 288 2431 et
301 2412 400 2442 supra
414 2403 558 2440 additur,
568 2404 644 2443 quia
656 2403 734 2433 aiias
750 2404 855 2433 incer-

157 2448 231 2473 tum
252 2449 349 2482 esset,
373 2447 464 2484 cujus
486 2450 581 2485 pater
602 2445 853 2484 intelligeretur.

159 2485 211 2515 Sic
226 2492 260 2516 et
281 2486 360 2517 Mss.
373 2489 474 2518 etiam
497 2488 584 2518 Cass.
601 2492 633 2518 et
649 2487 721 2518 edd.
737 2497 783 2527 pr.
801 2497 855 2517 us-

157 2537 219 2566 que
232 2528 272 2559 ad
279 2528 411 2560 Aldum.
436 2531 487 2559 Sic
496 2530 596 2560 etiam
608 2530 737 2561 voiebat
748 2529 853 2559 Graev.

158 2568 361 2602 Restituerat
376 2574 450 2611 jam
478 2573 672 2609 Lambinus,
700 2571 755 2602 sed
777 2581 854 2602 eum

159 2620 226 2641 non
240 2614 343 2643 secuti
358 2618 437 2644 sunt
451 2615 518 2645 alii.

189 2657 232 2686 40
239 2654 306 2686 Illa
317 2666 447 2687 summa
455 2659 604 2687 uase-itur
611 2654 851 2695 cmztroversM]

157 2695 323 2737 Explicat-i
345 2703 453 2738 potest
473 2709 603 2729 summa
625 2699 854 2735 controversia,

156 2739 175 2769 i.
190 2749 218 2769 e.
238 2739 324 2769 unde
335 2744 408 2770 tota
421 2741 642 2772 controversia
660 2741 793 2781 pendet,
814 2747 852 2771 ut

155 2791 287 2812 summa
301 2791 383 2822 resp.
411 2783 473 2813 Sed
484 2784 560 2823 quia
572 2783 626 2814 hic
638 2783 740 2814 verba
749 2782 851 2814 arith-

157 2824 278 2854 metica
292 2830 383 2860 sunt,
405 2828 444 2855 ut
465 2826 610 2856 deductio
630 2827 780 2861 rationis,
797 2826 851 2856 Ci-

156 2866 578 2908 eeronemcredoseripsisse
586 2877 611 2898 s.
617 2869 848 2899 controversia

216 2922 324 2950 voL.
349 2923 381 2950 1.

933 2234 969 2263 41
990 2231 1039 2263 Ec
1053 2232 1223 2272 aptissima
1236 2231 1303 2271 ad]
1330 2231 1411 2261 Mss.
1424 2230 1502 2270 duo,
1517 2232 1600 2264 item

895 2274 958 2306 Gn.
976 2277 1004 2305 l.
1021 2277 1050 2305 2.
1068 2274 1143 2315 {nisi
1158 2274 1245 2312 quod
1258 2274 1293 2304 in
1314 2273 1372 2304 illo
1392 2279 1444 2304 est
1458 2276 1599 2314 appotis-

897 2318 993 2354 sima,
1010 2316 1062 2347 cui
1078 2316 1248 2356 adscripsit
1261 2325 1378 2347 manus
1393 2325 1455 2347 sec.
1471 2318 1598 2356 aptissi-

901 2360 983 2397 ma)
997 2359 1233 2399 appositissima
1242 2371 1251 2388 .·
1266 2358 1351 2398 quod
1364 2368 1432 2389 non
1441 2369 1598 2398 spernen-

896 2401 975 2432 dum
999 2402 1148 2439 videtui-3
1176 2406 1211 2431 et
1240 2406 1376 2441 apparet
1397 2412 1415 2431 e
1445 2401 1510 2432 Ms.
1533 2402 1596 2432 Gu.

897 2443 1060 2484 quomodo
1075 2445 1247 2483 aptissima
1262 2448 1377 2473 natum
1394 2443 1446 2473 sit.

939 2488 980 2517 42
998 2486 1075 2516 Non
1090 2489 1135 2516 est
1143 2485 1306 2525 jaesum]
1334 2486 1395 2515 Pro
1404 2486 1440 2524 J:
1460 2495 1523 2517 mm
1537 2491 1595 2523 est,

897 2533 935 2558 ut
951 2527 1081 2558 voluere
1103 2528 1206 2558 Graev.
1223 2535 1256 2558 et
1277 2527 1426 2558 Oudend.
1452 2537 1529 2559 nam
1549 2530 1597 2562 sic

898 2570 935 2601 M
938 2580 978 2601 ss.
993 2578 1106 2600 eorum
1119 2582 1125 2599 :
1144 2577 1177 2599 et
1190 2571 1223 2600 iu
1237 2569 1299 2600 hac
1313 2570 1420 2600 forma
1433 2580 1496 2601 von
1510 2571 1597 2605 solet

898 2613 1003 2653 primo
1017 2613 1088 2642 loco
1104 2613 1191 2652 poni.
1202 2617 1240 2642 ut
1248 2622 1347 2652 supra
1353 2611 1436 2654 jure
1437 2611 1523 2653 feei,
1533 2623 1597 2644 non

888 2653 1101 2696 jur-ejecisti.
1145 2655 1197 2685 Sir:
1218 2659 1252 2685 et
1271 2654 1335 2684 Gu.
1357 2661 1515 2694 uterque:
1532 2656 1597 2686 nisi

896 2698 982 2736 quod
997 2697 1030 2726 in
1045 2706 1113 2726 uno
1126 2702 1175 2727 est
1189 2702 1322 2727 tantum
1335 2707 1399 2728 non
1413 2702 1470 2728 esc.

936 2743 977 2770 43
996 2739 1082 2769 Tum
1096 2739 1255 2779 denique]
1282 2739 1345 2770 Pro
1365 2744 1460 2770 tunc:
1482 2748 1541 2779 per
1562 2747 1595 2769 se

896 2781 1020 2811 clarum
1044 2788 1106 2819 est,
1130 2788 1164 2813 et
1186 2782 1233 2813 sie
1255 2781 1335 2813 Mzs.
1360 2788 1394 2812 et
1416 2781 1487 2817 edd„
1515 2787 1596 2811 vett.

893 2832 1065 2856 consensu.
1366 2831 1368 2833 ·

878 2923 908 2950 K
