1945 3235
333 177 409 216 372
852 177 933 216 DE
966 177 1253 216 ORATORE

334 277 476 333 psium
507 276 823 334 Metrodorum,
853 297 1035 338 quorum
1062 291 1255 338 uterque,
1288 292 1507 337 tamquam
1535 280 1689 324 litteris
1723 281 1765 324 iu

335 348 447 385 cera,
466 334 526 376 sic
545 350 588 377 se
609 337 751 379 aiebat
772 338 1031 396 imaginibus
1052 340 1094 380 in
1118 340 1167 380 iis
1187 340 1305 389 locis,
1326 354 1433 395 quos
1457 338 1646 389 haberet,
1666 353 1766 393 quae

337 390 582 434 meminisse
605 393 744 446 vellet,
766 396 1039 452 perscribere.
1089 397 1233 442 Quare
1252 396 1332 438 hac
1353 395 1665 436 exercitatione
1681 409 1767 436 non

337 449 524 490 eruenda
546 452 752 493 memoria
771 463 849 505 est,
869 453 902 493 si
924 463 989 494 est
1011 453 1125 495 nulla
1146 453 1371 494 naturalis:
1405 453 1477 494 sed
1499 462 1628 504 certe,
1650 451 1684 494 si
1709 451 1768 496 la-

339 514 416 556 tet,
434 508 653 548 evocanda
671 518 749 549 est.
1742 534 1745 536 ·
1764 544 1767 547 -

251 568 325 602 361
400 562 584 605 Habetis
619 579 856 607 sermonem
895 567 1003 608 bene
1034 567 1210 624 longum
1247 566 1447 616 hominis,
1482 566 1778 621 utinamuon„

345 619 672 677 10impudentis:
706 623 805 663 illud
826 624 998 678 quidem
1019 635 1134 665 certe
1157 639 1240 664 non
1265 624 1391 665 nimis
1412 622 1637 665 verecundi
1653 628 1673 674 ;ἶ
1697 620 1772 678 qui

207 685 239 715 P·
259 675 528 731 142·quidem,
551 689 641 719 tum
669 688 722 730 te,
746 679 912 731 Catule,
937 692 1026 721 tum
1056 682 1185 722 etiam
1220 681 1267 722 L.
1287 680 1443 722 Crasso
1473 680 1688 729 audiente,
1716 679 1777 720 dev

299 727 508 776 a'dicendi
532 737 696 776 ratione
715 746 799 777 tam
821 738 955 778 multa
968 737 1167 779 dixerim.
1187 753 1284 779 nain
1305 738 1482 779 istorum
1506 747 1610 779 aetas
1629 736 1774 778 minus

342 805 411 832 me
434 792 612 833 fortasse
636 808 805 834 movere
827 794 991 835 debuit.
1015 795 1087 835 sed
1113 794 1218 835 mihi
1249 795 1479 851 ignoscetis
1506 793 1775 850 profecto,‚si

343 849 486 899 modo,
518 864 613 904 quae
636 865 765 892 causa
795 866 863 892 me
885 852 938 892 ad
962 851 1071 893 hanc
1094 852 1307 892 insolitam
1332 851 1436 893 mihi
1468 851 1780 906 loquacitatem-'-

261 901 574 961 89impulerit‚
608 909 873 963 acceperitis.
936 908 1028 949 Nos
1063 923 1176 960 vero,
1202 909 1342 964 inquit
1375 908 1568 959 Catulus,
1595 908 1773 962 (etenim

253 973 329 1006 362
345 977 420 1017 pro
443 977 510 1003 me
533 963 630 1014 hoc,
651 975 694 1005 et
716 979 792 1020 pro
823 980 918 1006 meo
949 965 1080 1006 fratre
1109 966 1381 1021 respondeo,)
1415 980 1499 1006 non
1529 966 1659 1007 modo
1693 963 1771 1006 tibi

342 1021 621 1075 ignoscimus,
662 1022 734 1063 sed
776 1032 816 1063 te
852 1022 1086 1078 diligimus,
1124 1037 1410 1079 magnamque
1452 1022 1531 1064 tibi
1567 1022 1776 1064 habemus

339 1078 548 1132 gratiam:
581 1088 624 1119 et
658 1094 756 1120 cum
794 1079 1104 1121 humanitatem
1136 1089 1180 1121 et
1212 1079 1465 1121 facilitatem
1499 1079 1773 1135 agnoscimus

340 1144 472 1185 tuam,
496 1145 586 1176 tum
606 1135 865 1177 admiramur
885 1137 1008 1178 istam
1029 1137 1267 1187 scientiam,
1283 1147 1325 1178 et
1343 1136 1529 1193 copiam.
1564 1135 1772 1192 Equidem

339 1192 469 1233 etiam
504 1191 586 1234 hoc
622 1207 687 1234 me
717 1204 956 1235 assecutum
994 1205 1112 1250 puto,
1144 1194 1259 1250 quod
1295 1209 1454 1250 magno
1485 1208 1576 1234 sum
1610 1194 1773 1238 levatus

339 1263 494 1300 errore,
516 1260 558 1290 et
588 1250 658 1290 illa
683 1251 966 1292 admiratione
987 1252 1206 1302 liberatus,
1237 1251 1352 1307 quod
1385 1250 1530 1292 multis
1558 1265 1655 1292 cum
1680 1249 1774 1291 aliis

340 1319 507 1362 semper
528 1308 725 1348 admirari
751 1308 955 1360 solebam,
978 1309 1089 1349 unde
1107 1320 1218 1349 esset
1241 1309 1312 1349 illa
1335 1317 1548 1354 tantatua
1569 1308 1612 1348 in
1635 1310 1775 1349 causis

340 1363 557 1404 diviuitas.
582 1379 659 1406 nec
680 1365 793 1406 enim
820 1376 859 1406 te
878 1366 959 1406 ista
979 1366 1174 1422 attigisse
1196 1366 1449 1416 arbitrabar,
1470 1380 1567 1421 quae
1589 1365 1774 1421 diligen-

343 1420 505 1461 tissime
525 1436 750 1477 cognosse,
768 1433 811 1463 et
833 1423 1020 1478 undique
1038 1423 1275 1478 collegisse,
1294 1437 1459 1478 usuque
1480 1422 1657 1464 doctum
1679 1436 1777 1478 par-

252 1486 329 1520 363
345 1478 420 1518 tim
443 1480 679 1520 correxisse
703 1479 840 1530 video,
870 1481 1027 1536 partim
1056 1481 1372 1535 comprobasse.
1434 1479 1586 1534 Neque
1615 1493 1667 1520 eo
1695 1479 1777 1522 mi-

343 1549 421 1575 nus
443 1535 730 1590 eloquentiam
757 1546 887 1586 tuam,
909 1548 951 1577 et
977 1537 1112 1577 multo
1135 1538 1272 1592 magis
1297 1538 1499 1577 virtutem
1528 1545 1572 1577 et
1592 1535 1775 1593 diligen-

343 1592 445 1632 tiam
479 1593 679 1643 admiror,
702 1603 745 1634 et
778 1594 902 1634 simul
929 1595 1111 1649 gaudeo,
1136 1593 1352 1649 judicium
1383 1593 1512 1634 animi
1544 1593 1626 1634 mei
1656 1607 1776 1634 com-

339 1649 525 1704 probari,
547 1650 661 1704 quod
685 1665 852 1706 semper
873 1651 1018 1701 statui,
1051 1651 1264 1691 neminem
1296 1651 1518 1706 sapientiae
1540 1649 1706 1691 laudem
1731 1660 1774 1690 et

337 1705 594 1761 eloquentiae
626 1708 716 1748 siue
739 1723 906 1749 summo
936 1707 1092 1758 studio,
1115 1718 1158 1749 et
1191 1708 1351 1758 labore,
1372 1716 1416 1748 et
1437 1707 1774 1758 doen-inaccu-

338 1764 456 1818 sequi
484 1779 619 1820 posse.
681 1765 764 1805 Sed
791 1775 933 1806 tamen
956 1765 1159 1820 quidnam
1179 1774 1242 1805 est
1267 1765 1323 1815 id,
1345 1763 1458 1820 quod
1482 1763 1648 1814 dixisti,
1668 1763 1774 1814 fore,

341 1831 388 1860 ut
412 1821 488 1861 tibi
524 1822 856 1877 ignosceremus,
880 1823 913 1863 si
948 1829 1388 1877 eognossemus,⁴quae
1412 1832 1453 1862 te
1474 1836 1603 1862 causa
1624 1821 1667 1861 in
1690 1815 1776 1866 set·-

338 1891 509 1918 monem
535 1879 801 1934 impulisset?
834 1882 944 1925 Quae
967 1889 1031 1920 est
1052 1880 1168 1920 enim
1190 1879 1272 1920 alia
1292 1893 1435 1928 causa,
1457 1878 1537 1919 nisi
1560 1877 1674 1933 quod
1698 1883 1782 1927 υσ-Ι

342 1935 421 1985 bis,
443 1945 485 1976 et
509 1936 660 1976 liorum
684 1936 1018 1977 adolescentium
1049 1937 1206 1986 studio,
1229 1937 1300 1991 qui
1334 1945 1373 1976 te
1395 1935 1680 1976 attentissime
1700 1942 1777 1975 au-

250 1993 327 2028 364
340 1991 524 2043 dierunt,
549 2007 708 2033 morem
735 2008 880 2049 gerere
904 1993 1103 2035 voluisti?
1134 1993 1244 2034 Tum
1273 1993 1356 2043 ille,
1378 1991 1595 2043 Adimere,
1619 1992 1774 2047 inquit,

338 2063 509 2090 omnem
538 2050 849 2091 recusationem
885 2050 1039 2091 Crasso
1064 2051 1194 2100 volui,
1225 2065 1352 2105 quem
1382 2063 1464 2105 ego
1494 2049 1636 2105 paullo
1670 2047 1776 2089 scie-

340 2106 454 2157 bam,
478 2106 810 2161 vel'pudentius,
834 2107 899 2148 vel
933 2108 1124 2158 invitius,
1157 2107 1276 2160 (uolo
1309 2107 1425 2148 enim
1454 2106 1595 2147 dicere
1615 2107 1668 2147 de
1687 2108 1773 2146 tam

338 2164 457 2203 suavi
502 2164 676 2204 homine
712 2164 1010 2214 fastidiosius,)
1046 2165 1098 2206 ad
1129 2165 1212 2205 hoc
1246 2178 1381 2219 genus
1413 2163 1620 2204 sermonis
1653 2176 1774 2204 aece-

339 2220 451 2261 dere.
515 2220 630 2267 Quid
654 2222 765 2262 euim
792 2222 950 2278 poterit
971 2221 1136 2263 dicere?
1167 2221 1432 2263 consularem
1457 2236 1500 2261 se
1521 2234 1612 2271 esse
1636 2219 1775 2265 homi-

341 2291 436 2318 nem
470 2287 514 2318 et
545 2278 814 2320 censorium?
846 2277 993 2319 eadem
1028 2288 1172 2319 nostra
1202 2292 1330 2319 causa
1361 2287 1439 2318 est.
1499 2275 1566 2317 An
1602 2279 1776 2326 aetate'm

339 2334 513 2376 afferet?
543 2335 824 2390 quadriennio
859 2336 998 2376 minor
1030 2346 1109 2376 est.
1170 2334 1236 2375 An
1270 2350 1313 2375 se
1347 2334 1534 2376 nescire?
1564 2349 1660 2390 quae
1684 2345 1776 2389 ‘ego

340 2407 447 2442 sero,
470 2406 567 2447 quae
590 2392 746 2433 cursim
776 2392 952 2448 arripui,
974 2408 1070 2448 quae
1099 2391 1325 2433 subsicivis
1350 2391 1508 2447 operis,
1528 2395 1598 2444 (ut
1615 2390 1774 2446 aiunt)

340 2449 419 2489 iste
441 2464 463 2489 a
489 2463 633 2504 puero,
657 2463 824 2490 summo
846 2449 1004 2500 studio,
1027 2450 1203 2489 summis
1233 2448 1500 2489 doctoribus.
1561 2446 1695 2500 Nihilv
1712 2447 1775 2487 di-

338 2520 432 2546 cam
456 2506 508 2546 ‹le
531 2506 719 2562 iugenio,
741 2506 809 2547 cui
834 2521 909 2562 par
927 2521 1053 2547 nemo
1077 2505 1173 2546 fuit.
1196 2506 1356 2547 etenim
1377 2519 1446 2545 me
1465 2502 1681 2559 dicentem
1701 2503 1773 2560 qui

339 2563 535 2612 audierit,
559 2577 685 2603 nemo
710 2578 911 2619 umquam
940 2573 1026 2604 tam
1054 2563 1120 2604 sui
1155 2562 1395 2619 despiciens
1425 2559 1522 2613 fuit,
1553 2563 1658 2618 quin
1681 2559 1784 2623 Spe-J

338 2708 468 2747 quidam
484 2708 604 2739 habent
620 2708 853 2739 Charmadam.
876 2709 935 2740 Est
949 2708 1033 2739 idem
1078 2708 1156 2739 dum
1170 2712 1232 2745 est,
1249 2708 1275 2737 si
1290 2707 1377 2737 iuud
1390 2706 1518 2745 quidem
1533 2706 1642 2740 locum
1651 2705 1783 2741 ,hahere

338 2760 470 2781 nornen.
506 2751 567 2780 Sed
582 2752 769 2782 constantia
781 2757 832 2781 est
846 2753 880 2781 in
894 2751 1037 2781 scriben-
1078 2751 1189 2781 debet:
1214 2750 1270 2780 sed
1296 2750 1328 2779 id
1353 2759 1414 2787 ego
1443 2749 1575 2779 mallem
1603 2747 1715 2784 deleri,
1743 2753 1778 2778 et

337 2792 378 2822 do
394 2792 586 2823 adhibenda.
630 2792 745 2831 ltaque
759 2800 794 2824 et
808 2793 860 2824 hic
875 2798 909 2823 et
923 2794 958 2823 iu
973 2792 1030 2824 Or.
1075 2793 1186 2823 scribi:
1212 2792 1361 2827 hominis,
1378 2792 1507 2821 utinum
1523 2800 1585 2820 non
1607 2791 1776 2829 impuden-
1793 2794 1796 2797 '

342 2835 566 2865 Charmadam
581 2834 738 2865 dedimus.
1076 2836 1129 2871 tis,
1156 2839 1242 2865 certe
1268 2843 1332 2863 non
1356 2834 1455 2863 nimis
1488 2833 1669 2862 verecundi.
1699 2840 1775 2862 mox

384 2880 420 2906 lo
442 2876 652 2915 impudentis:
682 2877 770 2906 illud
793 2877 921 2916 quidem
949 2882 1034 2907 certe
1076 2877 1188 2916 scripsi
1203 2880 1275 2906 tum
1290 2880 1333 2911 ee,
1352 2886 1388 2904 ex
1410 2875 1470 2905 Ed.
1486 2875 1539 2905 W'.
1564 2884 1622 2915 pro
1643 2883 1717 2904 cum
1734 2877 1776 2907 te.

336 2927 397 2949 mn
412 2919 512 2948 uim&
524 2918 712 2957 verecundi]
730 2920 782 2949 Sic
798 2920 1034 2960 interpungen-
1075 2924 1126 2950 est
1139 2919 1226 2949 enim
1243 2918 1385 2948 mollius.
