1945 3235
636 94 825 132 LIBER
855 92 1131 132 TERTIUS.
1531 99 1608 134 41⁴5
1632 91 1636 96 ’

145 201 260 243 dam
293 201 423 242 iidem
458 200 617 258 poetae,
644 197 881 240 machinati
915 198 968 238 ad
1003 196 1271 253 voluptatem
1303 208 1404 241 sunt
1437 215 1610 242 versum

160 268 291 315 atque
330 268 521 309 cantum,
558 267 605 298 ut
635 268 678 298 et
701 257 931 297 verborum
963 270 1064 296 num
1070 270 1158 306 er0,
1191 265 1236 296 et
1273 270 1427 298 vocum
1463 259 1610 323 modO,

150 320 202 352 ·49
216 316 541 372 [delectatione]
562 315 783 357 vincerent
816 313 984 354 aurium
1019 313 1278 354 satietatem.
1341 314 1455 356 Haec
1477 316 1612 372 igitur

159 375 262 428 duo,
287 375 403 417 vocis
434 375 532 416 dico
563 372 919 422 moderationem,
942 381 985 411 et
1017 372 1248 412 v·erb01um
1271 350 1611 425 conclusionem,

160 433 300 488 quoad
326 432 532 474 orationis
556 431 758 471 severitas
781 430 869 485 pati
894 429 1046 485 possit,
1077 443 1102 469 a
1135 428 1311 484 poetica
1332 429 1386 470 ad
1408 430 1612 493 eloquen-

163 491 269 532 tiam
285 489 554 531 wuaducenda
573 488 806 528 duxerunt.
870 486 921 527 In
943 501 1030 542 quo
1053 486 1158 527 illud
1180 496 1246 527 est
1264 486 1331 527 iel
1353 501 1612 540 maximum,
1627 492 1698 532 175

161 549 279 613 quod
299 562 445 588 versus
468 547 512 587 in
544 545 697 586 oratio
691 559 741 585 ie
764 544 796 585 si
820 544 1008 585 efficitur
1029 543 1343 609 conjunctione
1366 546 1613 598 verborum,

161 606 316 646 vitium
353 614 442 655 est3
473 613 517 644 et
550 613 694 644 tamen
728 617 821 643 eam
856 602 1230 658 conjunctionem,
1262 603 1391 644 sicuti
1429 617 1616 654 versum,

160 677 387 704 numerose
417 677 453 702 c
445 661 568 702 tdere
591 671 634 701 et
654 660 878 716 quadrare,
901 670 945 701 et
966 660 1116 717 pelfici
1149 660 1364 702 volumus.
1394 675 1535 717 neque
1553 672 1619 703 est

161 735 216 762 ex
234 719 381 761 multis
403 734 468 760 les
491 734 591 770 una,
607 733 705 774 quae
728 733 867 775 magis
889 729 1105 759 oratorem
1128 719 1182 759 ab
1204 718 1407 774 imperito
1429 719 1618 772 dicendi,

150 779 398 835 ignaroque
414 776 671 834 distinguat,
694 791 824 832 quam
845 777 962 831 quod
985 775 1054 817 ille
1070 776 1188 817 rudis
1211 775 1436 818 incondite
1458 776 1618 830 fundit,

151 845 373 892 quantum
399 846 558 892 potest,
580 845 624 876 et
655 834 712 885 id,
735 835 851 890 quod
882 834 1004 886 dicit,
1029 834 1198 890 spiritu,
1230 849 1318 875 non
1341 844 1447 885 arte,
1477 836 1619 877 deter-

150 903 315 944 ·m1nat‚
343 902 489 934 oiator
520 903 666 934 autem
696 892 757 934 sic
787 892 927 949 illigat
965 892 1226 933 sententiam
1256 893 1416 945 verbis,
1447 901 1496 934 ut
1522 908 1618 935 eam

147 954 202 982 >50
212 965 390 993 numero
405 951 592 1007 quodam
607 927 936 1007 complectatur,
950 959 993 991 et
1014 950 1223 992 adstricto
1245 959 1289 991 et
1310 950 1468 992 soluto.
1502 951 1617 993 Nam
1634 957 1700 999 176ι

161 1024 263 1050 cum
283 1012 318 1040 51
332 1010 477 1051 vinxit
498 1009 638 1050 modis
653 1018 696 1050 et
714 1008 869 1060 forma,
887 1008 1054 1049 relaxat
1073 1016 1118 1049 et
1138 1007 1321 1049 liberat
1312 1009 1619 1052 immutatione

163 1067 341 1118 ordinis,
367 1077 413 1108 ut
444 1082 517 1108 vei
521 1069 577 1109 ba
604 1081 745 1123 neque
766 1066 944 1122 alligata
967 1066 1055 1107 sint
1078 1066 1201 1122 quasi
1221 1076 1340 1108 certa
1356 1067 1502 1131 aliqua
1522 1067 1619 1125 lege

163 1140 326 1175 v·e1suS,
348 1140 486 1182 neque
507 1127 569 1166 ita
591 1125 745 1176 soluta,
768 1135 816 1166 ut
837 1134 1066 1181 vagentur.
1107 1124 1313 1171 Quonam
1336 1125 1471 1181 igitur
1488 1128 1617 1168 modo
1631 1120 1702 1170 45

165 1192 335 1224 tantum
358 1198 514 1224 munus
536 1183 799 1234 insistemus,
826 1191 875 1223 ut
902 1182 1162 1223 arbitremur
1180 1197 1262 1223 nos
1285 1182 1397 1224 hanc
1425 1184 1515 1224 xixn
1540 1199 1620 1225 nu-

153 1255 332 1282 'merose
363 1241 536 1283 dicendi
568 1240 776 1297 consequi
799 1243 952 1298 posse?
985 1240 1089 1281 Non
1119 1249 1185 1281 est
1210 1255 1276 1282 res
1304 1251 1394 1282 tam
1415 1241 1621 1294 difficilis,

164 1314 294 1354 quam
326 1299 580 1340 necessaria.
612 1299 723 1340 nihil
750 1310 816 1340 est
847 1298 963 1339 enim
996 1308 1085 1339 tam
1119 1308 1331 1350 tenerum,
1361 1313 1502 1355 neque
1534 1310 1623 1342 tam

153 1357 374 1408 -flexibile,
407 1371 548 1422 neque
581 1357 697 1414 quod
723 1365 811 1398 tam
844 1355 972 1397 facile
995 1365 1215 1412 sequatur,
1242 1372 1521 1414 quocumque
1543 1358 1622 1400 du-

165 1429 252 1466 caS,
261 1429 405 1480 ‘quam
437 1415 593 1456 olatio.
655 1415 724 1456 Ex
754 1414 837 1456 hac
867 1428 1029 1466 versus,
1063 1429 1117 1455 ex
1151 1415 1302 1456 eadem
1329 1415 1521 1481 dispa1es
1543 1417 1711 1458 nii-177

164 1473 272 1514 meri
306 1472 623 1515 conficiuntur:
656 1488 712 1519 ex
734 1472 817 1514 hac
850 1472 946 1514 haec
979 1473 1112 1514 etiam
1143 1472 1285 1514 soluta
1307 1475 1436 1515 vanis
1468 1475 1624 1527 modis,

152 1530 490 1587 ‘multorumque
512 1545 720 1587 generum
739 1531 895 1572 oratio.
956 1530 1059 1571 Non
1081 1531 1199 1572 enim
1230 1541 1330 1571 sunt
1351 1531 1435 1572 alia
1465 1547 1627 1574 sermo-

151 1589 248 1640 nis,
271 1589 355 1631 alia
386 1589 680 1630 contentionis
704 1589 858 1630 vzerba
891 1603 1032 1643 neque
1062 1603 1116 1630 ex
1137 1588 1221 1629 alio
1245 1603 1403 1645 genere
1425 1590 1479 1631 ad
1501 1606 1628 1632 usum

166 1647 486 1702 quotidianum,
506 1646 589 1687 alio
612 1647 666 1688 ad
687 1661 860 1688 scenam
883 1661 1178 1703 pompamque
1202 1656 1455 1690 sumuntur:
1491 1649 1614 1690 sede·
1616 1664 1630 1690 ι

165 1719 246 1745 nos
268 1719 367 1746 cum
383 1705 579 1761 jacentia
604 1704 854 1746 sustulimus
876 1719 899 1745 e
921 1704 1080 1756 medio,
1100 1705 1214 1745 sicut
1235 1704 1534 1747 mollissimam
1558 1721 1628 1748 ce-

167 1776 261 1804 ram
291 1763 345 1804 ad
366 1772 563 1804 nostrum
585 1763 812 1805 arbitrium
843 1762 1081 1804 formamus
1113 1772 1157 1804 et
1188 1763 1410 1819 fingimus.
1471 1764 1570 1820 Itaq
1574 1779 1627 1806 ue

169 1829 263 1862 tum
286 1835 438 1877 graves
461 1835 623 1872 sumus,
644 1829 738 1863 tum
773 1821 968 1872 subtiles,
990 1830 1084 1862 tum
1111 1821 1305 1863 medium
1334 1780 1570 1878 quiddamq
1562 1833 1625 1864 te-

168 1892 346 1921 nemus:
391 1879 452 1920 sic
493 1879 740 1920 institutam
777 1890 971 1921 nostram
1002 1879 1262 1920 sententiam
1295 1880 1490 1936 sequitur
1531 1896 1625 1922 ora-

158 1937 303 1978 ‘tionis
323 1951 474 2002 genuS‚
497 1937 627 1993 idque
648 1938 703 1979 ad
724 1951 899 1979 omnem
920 1937 1150 1989 rationem,
1174 1946 1217 1979 et
1233 1937 1403 1979 aurium
1427 1938 1626 1996 volupta-

157 2002 274 2047 =tem,
296 2006 340 2036 et
370 1996 614 2036 animorum
643 2004 815 2037 motum
839 2004 1034 2037 mutatur
1060 2005 1103 2036 et
1133 1996 1332 2037 vertitur.
1393 1996 1479 2038 Sed
1510 2006 1560 2038 ut
1581 2005 1715 2045 1n178

167 2052 385 2109 plerisque
406 2054 533 2094 rebus
555 2053 866 2095 incredibiliter
888 2053 972 2095 hoc
993 2064 1149 2095 natura
1178 2063 1244 2095 est
1274 2054 1369 2110 ipsa
1387 2054 1626 2098 fabricata:

160 2111 233 2152 ‚sic
262 2111 308 2152 in
329 2111 541 2163 oratione,
573 2122 622 2153 ut
650 2127 715 2163 ea,
737 2126 836 2168 quae
859 2111 1098 2153 maximam
1130 2111 1400 2153 utilitatem
1388 2127 1434 2154 1n
1458 2127 1501 2154 se
1524 2128 1629 2156 con-

163 2168 374 2220 tinerent,
399 2169 550 2211 eadem
572 2170 783 2212 haberent
813 2169 1048 2226 plurimum
1070 2169 1139 2211 vel
1155 2169 1399 2226 dignitatis,
1424 2171 1491 2212 vel
1513 2180 1672 2228 saepeb.

171 2226 302 2270 etiam
337 2228 591 2270 venustatis.
652 2227 974 2270 Incolumitatis
1008 2243 1060 2269 ac
1092 2227 1241 2270 salutis
1271 2229 1469 2271 omnium
1501 2245 1632 2272 causa

211 2360 254 2393 49
276 2358 502 2399 delectatione]
536 2359 612 2390 Hoc
643 2360 781 2391 verbum
809 2360 880 2391 sine
922 2359 1062 2391 elarant.
1078 2360 1226 2401 Legatur
1239 2370 1311 2401 cap.
1325 2362 1379 2394 47.

165 2399 272 2431 'dubio
285 2402 435 2442 spurium
452 2408 504 2433 est
518 2414 525 2431 t
550 2412 629 2433 nam
644 2412 705 2433 nec
720 2403 788 2434 coit
802 2414 880 2434 eum
967 2406 1003 2435 51
1029 2405 1137 2434 vinxit
1159 2404 1263 2433 modis
1287 2407 1319 2433 et
1331 2402 1466 2444 Jbrma,
1481 2405 1630 2446 relaxat]

170 2443 297 2484 reliqua
310 2445 474 2482 oratione,
489 2450 524 2475 et
538 2445 608 2476 sine
622 2455 721 2476 causa
735 2446 879 2486 positum
924 2446 977 2476 Sic
993 2447 1123 2478 restitui
1147 2446 1293 2486 primum
1316 2456 1356 2476 ex
1378 2446 1430 2477 ed.
1444 2446 1499 2478 W.
1515 2446 1633 2479 deinde

173 2494 268 2517 esset
311 2488 368 2517 Su
359 2498 419 2528 ira
433 2487 573 2525 dixerat,
590 2488 811 2519 delectatione
826 2499 881 2519 oe·
923 2500 941 2520 e
970 2500 1040 2530 cap.
1064 2488 1240 2529 superioris
1263 2498 1312 2529 pr.
1340 2490 1490 2529 sequitur
1518 2491 1634 2522 modus

173 2538 262 2559 curn
281 2529 404 2562 debere
430 2530 599 2562 satietati:
625 2531 678 2561 hic
701 2531 818 2562 modus
844 2536 879 2562 et
920 2533 1020 2563 etiam
1058 2536 1090 2562 et
1112 2531 1236 2571 forma
1268 2531 1451 2563 verborum.
1513 2533 1566 2564 Sic
1598 2539 1634 2566 et

172 2580 250 2602 caus
252 2581 288 2602 sa
300 2573 531 2604 oblectationis
547 2574 706 2614 quaeritur
720 2579 756 2605 et
773 2575 880 2616 expri-
922 2574 988 2605 Ms.
1002 2574 1041 2605 E.
1063 2574 1228 2605 Viderunt
1245 2574 1318 2614 jam
1343 2573 1417 2604 alii:
1443 2576 1529 2606 modi
1553 2581 1634 2609 sunt

173 2613 288 2645 mitur.
333 2615 448 2656 Itaque
460 2616 700 2648 uncisinelusi.
924 2617 1034 2658 pedes,
1051 2616 1174 2658 forma
1207 2622 1259 2648 est
1293 2618 1328 2648 in
1364 2623 1544 2650 structura.
1591 2618 1633 2650 In

218 2659 259 2688 50
280 2660 615 2691 numero—adstricto
631 2664 662 2690 et
676 2659 819 2700 soluto]
811 2671 833 2690 ι.
848 2670 876 2690 e.
921 2660 1028 2691 modis
1051 2659 1210 2691 relaxatio
1240 2664 1303 2698 est,
1331 2670 1408 2691 cum
1432 2670 1500 2691 non
1523 2671 1635 2694 severe

175 2705 267 2729 certo
283 2701 439 2741 primum,
462 2708 497 2734 et
517 2708 646 2733 certum
672 2703 823 2733 ordinem
845 2709 881 2734 et
923 2704 1103 2743 exiguntur
1116 2703 1214 2744 pedes
1233 2703 1275 2733 ad
1288 2708 1418 2734 certum
1432 2713 1544 2735 versus
1565 2714 1634 2734 me·

138 2747 141 2750 ·
172 2742 309 2773 modum
345 2743 465 2784 pedum
497 2750 662 2783 servante,
698 2750 732 2776 et
767 2754 880 2776 tamen
923 2750 1034 2777 trum:
1057 2746 1094 2776 in
1120 2746 1242 2784 forma,
1262 2756 1339 2777 cum
1363 2755 1431 2776 non
1455 2748 1636 2786 exiguntur

174 2784 278 2815 etiam
303 2785 405 2817 libero
427 2798 466 2818 ex
491 2788 556 2819 alia
575 2794 683 2829 parte,
706 2788 802 2819 illum
830 2798 883 2818 or-
924 2793 978 2819 tot
992 2788 1102 2829 pedes,
1126 2794 1209 2829 quot
1226 2795 1306 2819 sunt
1329 2789 1365 2819 in
1378 2797 1475 2820 versu
1490 2789 1634 2829 poetico.

174 2826 287 2859 dinem
313 2839 381 2860 non
409 2830 457 2861 ita
491 2840 601 2862 severe
637 2835 809 2871 sequente,
844 2836 884 2861 ut
923 2830 1024 2871 Vulg.
1051 2841 1082 2863 v.
1114 2832 1229 2871 modis,
1240 2831 1364 2874 'forma
1390 2835 1422 2863 et
1448 2833 1583 2864 retaxat
1604 2836 1637 2867 ot

174 2873 305 2911 poitae3
327 2873 603 2912 quemadmodum
628 2874 801 2914 sequentia
828 2873 884 2906 de·
926 2875 1055 2906 liberat.
