1945 3235
294 133 368 167 108
771 130 850 170 AD
883 131 1262 172 HERENNIUM

296 234 540 285 termarum,
562 232 836 289 hujusmodi:
869 252 944 278 vos
974 238 1100 293 hujus
1136 236 1419 278 incommodis
1449 236 1619 294 lugetis,
1642 237 1724 279 iste

296 291 544 346 reipublicae
567 292 810 334 calamitate
832 294 1015 336 laetatur.
1077 295 1163 335 Vos
1191 294 1337 335 vestris
1361 293 1543 336 fortunis
1565 294 1723 337 diffidi-

296 348 367 397 tis,
400 349 478 390 iste
501 348 613 390 solus
637 350 722 390 suis
752 365 803 391 eo
833 353 970 407 magis
994 352 1188 393 confidit.
1252 351 1369 392 Inter
1390 351 1484 393 haec
1505 352 1592 392 duo
1621 366 1724 393 eon-

297 406 538 447 tentionum
567 421 723 462 genera
744 407 826 448 hoc
857 409 1055 450 interest:
1078 409 1178 449 illud
1202 423 1256 449 ex
1281 409 1420 449 verbis
1441 408 1634 450 celeriter
1660 422 1724 450 re-

253 474 284 505 b.
297 462 393 504 latis
415 473 605 515 constat;
629 464 698 506 hie
718 465 941 507 sententiaa
961 466 1186 508 contrariae
1206 480 1261 506 cx
1275 466 1596 522 comparatione
1614 464 1723 506 refe-

298 530 445 561 rantur
467 531 651 576 oportet.

235 595 286 631 59
356 576 617 627 Similitudo,
640 587 701 618 est
726 579 862 619 oratio
907 580 1130 621 traducens
1165 580 1216 620 ad
1248 594 1337 621 rem
1369 579 1615 635 quampiam
1648 577 1735 619 ali-r

297 635 399 690 quid
429 650 483 676 ex
515 649 558 675 rc
590 635 749 691 dispari
779 635 929 677 simile.
993 636 1054 678 Ea
1075 638 1255 678 sumitur
1276 646 1350 678 aut
1378 636 1557 678 ornandi
1581 649 1724 686 causa,

297 702 371 732 aut
387 691 611 748 probandi,
635 702 708 733 aut
727 693 914 747 apertius
936 693 1120 744 dicendi,
1143 703 1217 735 aut
1238 703 1336 735 ante
1355 693 1501 735 oculos
1521 691 1725 750 ponendi.

299 751 336 779 12
351 748 406 790 Et
427 748 644 804 quomodo
667 759 850 804 quatuor
868 750 920 791 de
937 751 1075 792 causis
1095 752 1290 802 sumitur,
1306 751 1364 792 ita
1382 761 1566 806 quatuor
1585 749 1726 790 modis

296 805 478 857 dicitur3
513 820 588 862 per
620 807 898 858 contrarium,
931 821 1005 862 per
1034 808 1324 864 negationem,
1349 822 1424 864 per
1457 807 1727 857 brevitatem,

328 877 372 904 er
393 863 681 904 collationem.
731 863 801 904 Ad
823 879 1167 920 unamquamque
1186 866 1404 906 sumenda».
1421 879 1593 906 causam
1607 863 1727 904 simi-

316 920 491 961 itudinis
533 920 955 962 accommodabimus
993 921 1184 978 singulos
1221 923 1372 963 modos
1402 921 1724 978 pronuntiandi.

215 969 287 1026 46
301 976 494 1019 Ornandi
507 992 634 1018 causa
651 977 833 1018 sumitur
842 992 917 1033 per
934 978 1210 1029 contrarium,
1224 979 1283 1020 sic
1296 995 1304 1020 :
1318 977 1423 1020 Non
1433 979 1562 1030 enim,
1577 992 1726 1034 quem-

298 1034 530 1076 admodum
565 1034 608 1075 in
639 1034 851 1090 palaestra‚
878 1038 912 1067 13
927 1035 1001 1091 qui
1032 1035 1165 1076 taedas
1197 1036 1391 1076 ardentes
1421 1036 1594 1092 accipit,
1616 1035 1726 1077 eele-

296 1092 383 1133 rior
403 1101 467 1133 est
493 1092 537 1133 in
559 1106 684 1133 cursu
706 1092 929 1144 continuo,
951 1107 1080 1147 quarn
1100 1092 1183 1143 ille,
1213 1093 1286 1148 qui
1315 1092 1470 1144 tradit3
1493 1093 1554 1133 ita
1572 1092 1732 1133 melior'

295 1149 528 1205 imperator
545 1164 696 1200 novus,
718 1149 790 1204 qui
805 1149 965 1205 accipit
981 1150 1234 1201 exercitum,
1254 1164 1383 1205 quam
1403 1149 1487 1201 ille,
1505 1149 1577 1205 qui
1597 1149 1721 1190 dece-

294 1207 380 1248 dit:
405 1215 629 1262 propterea
655 1207 769 1262 quod
803 1206 1063 1264 defatigatus
1097 1221 1243 1254 cursor
1268 1209 1437 1263 integro
1468 1206 1621 1258 facem,
1651 1206 1724 1248 hic

294 1264 456 1318 peritus
484 1264 716 1319 imperator
746 1264 946 1318 imperito
971 1265 1210 1305 exercitum
1234 1264 1378 1305 tradit.
1440 1263 1540 1306 Hoc
1562 1264 1653 1304 sine
1671 1263 1728 1304 si-

294 1321 385 1362 mili
417 1321 518 1362 satis
550 1320 688 1376 plane,
720 1329 763 1361 et
791 1321 1028 1376 perspicue,
1059 1330 1103 1362 et
1138 1320 1420 1376 probabiliter
1450 1321 1535 1362 diei
1566 1320 1728 1377 potuit,

296 1381 333 1410 14
347 1377 430 1419 hoe
451 1378 606 1419 modo:
628 1378 770 1418 minus
795 1379 930 1419 bonos
953 1379 1231 1434 imperatores
1249 1394 1274 1419 a
1294 1377 1542 1419 melioribus
1561 1377 1728 1419 exerci-

294 1443 386 1476 tum
408 1435 602 1491 accipere
637 1434 791 1476 solere:
816 1436 887 1476 sed
916 1436 1095 1476 ornandi
1118 1450 1246 1477 causa
1276 1435 1412 1476 simile
1435 1443 1624 1476 sumtum
1645 1443 1726 1486 est,

293 1501 342 1533 ut
363 1492 547 1533 orationi
575 1495 609 1523 ¹5
623 1491 812 1548 dignitas
835 1493 1033 1548 quaedam
1055 1500 1387 1547 compararetur.
1450 1492 1631 1534 Dictum
1660 1500 1728 1533 est

292 1561 436 1591 autem
467 1549 841 1605 percontrarium.
903 1550 1017 1591 Nam
1042 1559 1145 1592 tunc
1176 1550 1411 1591 similitudo
1439 1549 1621 1591 sumitur
1650 1562 1727 1603 per

291 1608 569 1657 contrarium,
592 1621 690 1647 cum
714 1607 752 1647 ei
784 1606 858 1658 rei,
881 1621 1009 1662 quam
1039 1621 1117 1648 nos
1149 1607 1395 1663 probamUS,
1426 1607 1613 1663 aliquam
1635 1620 1726 1647 rem

290 1679 497 1719 negamus
528 1677 619 1704 esse
651 1663 848 1714 similem,
880 1674 928 1705 ut
958 1664 1100 1720 paullo
1132 1673 1244 1715 ante,
1268 1678 1365 1705 eum
1397 1664 1450 1705 de
1481 1661 1727 1705 cursoribus

293 1722 332 1752 16
344 1721 668 1763 disserebamus
732 1721 814 1761 Per
835 1722 1110 1777 negationem
1139 1721 1320 1772 dicetur,
1349 1720 1559 1776 probandi
1583 1735 1726 1771 causa,

289 1776 374 1820 hoc
402 1779 558 1820 modo:
593 1778 746 1833 Neque
768 1792 902 1834 equus
925 1779 1177 1829 indomitus,
1209 1779 1404 1834 quamvis
1436 1787 1589 1819 natura
1618 1769 1729 1818 Bene

289 1836 555 1892 compositus
578 1836 647 1886 sit,
683 1835 861 1876 idoneus
896 1844 1040 1892 potest
1071 1850 1162 1877 esse
1193 1836 1244 1877 ad
1279 1850 1349 1876 eas
1380 1835 1603 1885 utilitates,
1624 1848 1723 1890 quae

287 1892 582 1935 desiderantur
613 1893 668 1933 ab
699 1907 837 1948 equo;
868 1907 1007 1948 neque
1037 1893 1169 1934 homo
1201 1893 1415 1944 indoctus,
1447 1891 1643 1948 quamvis
1674 1891 1731 1932 sit

287 1950 551 2007 ingeniosuS,
570 1949 624 1992 ad
647 1949 850 1992 virtutem
873 1959 1016 2007 potest
1041 1950 1276 2007 pervenire.
1340 1954 1376 1986 ¹7
1393 1949 1494 1993 Hoc
1525 1948 1728 2006 probabi·

1026 2065 1175 2096 Oudend.
1191 2069 1224 2096 et
1240 2066 1359 2096 nostris
1372 2065 1474 2096 abest.

1072 2110 1108 2138 15
1123 2107 1285 2145 Dignitas
1293 2105 1567 2147 compararetur-‚J
1585 2106 1637 2137 Sic
1651 2107 1728 2138 scri-

1025 2150 1104 2190 psit,
1131 2159 1198 2180 non
1218 2154 1442 2189 comparetur:
1464 2158 1541 2180 nam
1563 2151 1730 2190 praecessit

330 2067 368 2096 12
386 2065 435 2097 Et
449 2065 601 2106 quomodo
614 2069 755 2106 quatuor
769 2065 809 2095 de
822 2074 848 2095 c.
862 2064 904 2104 s.]
931 2065 982 2095 Sic

269 2105 366 2138 ²Mss.
390 2108 511 2149 plures,
534 2108 634 2138 etiam
657 2107 721 2137 duo
745 2107 861 2143 nostri,
885 2113 983 2138 recte.

285 2148 373 2181 Nam
392 2150 540 2190 wilgata:
557 2149 710 2191 quomodo
723 2150 830 2187 igitur
850 2149 907 2179 ἃς.
929 2159 983 2188 pa-

286 2201 359 2223 rum
388 2192 551 2223 convenit.
595 2191 672 2222 Non
700 2192 788 2221 enim
816 2190 939 2230 aliquid
965 2201 983 2222 e

285 2234 545 2274 praecedentibus
571 2233 750 2273 colligitur,
777 2233 833 2264 sed
854 2233 899 2263 eis
923 2233 983 2264 ali-

287 2276 363 2316 quid
377 2277 482 2307 simile
497 2275 638 2306 additur.

331 2321 368 2349 13
383 2319 452 2360 Qui
466 2319 567 2349 toeclas
587 2318 737 2348 ardentes
757 2317 838 2358 ιιι-0.]
864 2317 984 2358 Recepi

285 2361 437 2392 ardentes
450 2370 509 2402 pro
524 2361 695 2391 candentes
715 2370 733 2390 e
754 2369 815 2390 scr.
831 2360 936 2395 libris,
951 2364 986 2389 et

286 2401 357 2434 edd.
371 2405 460 2437 1474.
474 2402 562 2433 Med.
571 2408 709 2442 utraque
719 2402 815 2433 «lunt.
827 2403 884 2433 &c.
908 2401 984 2432 ror-

284 2450 371 2476 tasse
392 2446 531 2476 varietas
555 2449 606 2476 est
627 2455 644 2475 e
663 2444 823 2475 varietate
847 2444 983 2484 glossae3

283 2495 390 2518 unum
411 2488 574 2518 taedarum
589 2487 723 2517 verbum
742 2487 822 2517 satis
841 2491 903 2523 est,
926 2496 986 2516 nec

285 2538 367 2570 opus
380 2530 541 2569 epitheto,
555 2529 642 2569 quod
654 2529 754 2560 etiam
764 2529 798 2559 in
811 2529 984 2570 proverbio

285 2571 499 2611 intelligitur:
522 2572 679 2611 lampada
695 2571 837 2607 tradere,
853 2575 886 2601 et
900 2580 986 2611 saepe

285 2613 391 2644 solum
408 2613 536 2644 dicitur.
573 2614 626 2644 Sic
640 2623 714 2643 mox
729 2613 921 2654 simpliciter
936 2616 986 2643 est

274 2654 394 2695 facem
414 2656 554 2686 tradere.
603 2656 758 2686 Ceterum
781 2665 848 2686 non
870 2656 986 2694 ignoro

285 2698 387 2729 etiam
399 2698 500 2729 toedas
520 2698 672 2728 ardentes
684 2706 752 2728 esse
770 2708 821 2738 ap.
841 2698 909 2728 Cic.
925 2707 985 2738 pro

284 2739 325 2771 R.
341 2740 381 2771 A.
397 2739 453 2770 sed
466 2740 510 2771 ibi
523 2749 573 2770 res
588 2738 778 2780 postulabat
791 2739 876 2770 addi.

330 2785 369 2813 14
387 2782 461 2813 Hoc
477 2783 586 2813 modo:
602 2782 710 2812 minus
727 2782 844 2821 bonos]
869 2781 985 2812 Delevi

280 2825 421 2861 dicitur.-
437 2834 513 2855 nam
537 2834 597 2855 nec
620 2824 701 2854 bene
720 2823 861 2854 latinum
884 2828 982 2861 esset,

285 2870 319 2897 et
336 2877 363 2904 >a
390 2866 481 2897 libris
508 2866 656 2907 pluribus
680 2866 809 2907 scriptis
835 2866 982 2904 Gruteri,

1026 2196 1173 2223 sumtum
1189 2195 1245 2222 est.

1071 2235 1108 2264 16
1128 2233 1402 2274 Disserebamus]
1434 2233 1530 2264 Hanc
1548 2233 1726 2265 lectionem

1026 2276 1112 2306 male
1127 2286 1146 2306 a
1164 2275 1326 2306 Lambino
1349 2276 1519 2307 inductam
1542 2275 1623 2306 dicit
1644 2277 1730 2307 Gro-

1027 2319 1156 2355 novius,
1182 2328 1241 2358 pro
1258 2322 1366 2349 vetere
1388 2319 1610 2349 asserebamus
1621 2329 1630 2347 .-
1645 2327 1725 2348 nam

1027 2361 1156 2399 estjam
1171 2360 1205 2390 in
1219 2361 1269 2391 ed.
1287 2361 1478 2391 Victoriana
1505 2361 1624 2400 prima,
1641 2359 1728 2390 Her·

1026 2412 1099 2442 vag.
1126 2403 1209 2433 Rob.
1236 2407 1272 2432 et
1297 2403 1371 2433 Car.
1395 2401 1552 2442 Stephani
1577 2402 1636 2432 ὅτε.
1680 2402 1727 2432 Et

1027 2445 1162 2474 verbum
1178 2444 1355 2475 disserendi
1371 2455 1422 2484 ap.
1438 2443 1598 2474 Rhetores
1617 2443 1664 2474 sic
1677 2444 1726 2475 di-

1028 2487 1125 2517 citur.
1170 2486 1352 2526 Aliquando
1375 2486 1530 2526 suspicati
1547 2494 1660 2516 sumus
1675 2486 1726 2517 fu-

1028 2528 1089 2559 isse
1105 2526 1326 2568 aff'erebamus
1338 2537 1383 2559 sc.
1399 2527 1648 2559 similitudinem
1664 2529 1722 2559 &m

1028 2571 1103 2601 inde
1118 2575 1234 2601 natum
1251 2571 1488 2601 asserebamus.-
1500 2570 1578 2600 hinc
1587 2570 1726 2601 dissere·

1030 2614 1144 2644 bamus
1157 2622 1216 2652 per
1229 2613 1450 2652 conjecturam
1463 2611 1524 2642 viri
1538 2611 1638 2642 docti.

1075 2658 1110 2688 17
1145 2654 1219 2685 Hoc
1239 2655 1440 2694 probabilius
1457 2671 1500 2677 —-
1518 2654 1719 2694 verisimile]

1030 2696 1103 2727 Hoc
1112 2697 1253 2736 intelligi
1263 2705 1329 2727 non
1342 2701 1466 2736 potest:
1484 2705 1542 2726 nec
1555 2696 1660 2736 magis
1673 2697 1725 2727 in-

1026 2738 1210 2778 telligetur,
1233 2739 1259 2768 si
1282 2748 1341 2778 pro
1363 2738 1448 2778 quod
1467 2739 1576 2777 magis
1596 2749 1614 2768 e
1637 2738 1722 2769 libro

1028 2781 1161 2812 Suffridi
1184 2781 1326 2820 corrigas
1356 2790 1395 2810 ac
1425 2781 1545 2819 magis,
1567 2784 1626 2810 aut
1648 2789 1726 2810 curn

1025 2823 1201 2859 Lambino,
1223 2823 1308 2862 quod
1328 2822 1458 2852 minus:
1479 2831 1677 2861 quamquam
1691 2821 1725 2852 id

1026 2864 1137 2906 pauno
1166 2864 1283 2895 melius
1304 2870 1355 2895 est
1388 2864 1429 2895 ad
1460 2863 1725 2904 intelligendum.
