1945 3235
337 135 392 178 28
818 138 902 179 AD
935 135 1317 179 HERENNIUM

342 255 443 285 cum
472 239 631 285 herede
651 241 844 285 mandati
868 252 1081 295 afferetur,
1097 243 1314 300 judicium
1338 239 1548 294 reddidit3
1580 236 1624 287 S.
1646 239 1791 289 Julius

226 308 262 353 ᾖ).
282 313 432 342 10.non
462 301 665 342 reddidit.
728 299 856 351 Item,
891 280 944 343 ὃ.
969 302 1131 344 Caelius
1147 302 1288 357 judex
1312 301 1499 343 absolvit
1533 302 1791 358 injuriarum

301 363 457 408 ³·eum,
477 359 551 414 qui
578 358 790 400 Lucilium
816 359 991 415 poetam
1012 360 1055 400 in
1080 374 1208 400 scena
1227 359 1487 401 nominatim
1511 359 1703 413 laeserat3
1738 361 1791 403 P.

342 414 388 456 M
401 416 521 457 ucius
540 430 654 466 eum,
677 416 750 471 qui
774 415 822 457 L.
836 415 1024 467 ¹Accium
1049 417 1225 473 po'etam
1248 417 1562 466 nominaverat,
1584 418 1792 460 condem-

340 474 476 514 navit.
540 472 672 530 ErgO,
699 473 801 529 quia
823 482 1004 529 possunt
1035 489 1100 515 res
1131 474 1259 515 simili
1290 474 1343 515 de
1374 488 1504 515 causa
1524 474 1790 518 dissimiliter

273 529 545 586 ‘zojudicatae
572 531 767 587 proferri,
789 545 889 571 cum
911 531 954 572 id
978 545 1057 572 usu
1083 532 1261 582 venerit,
1279 531 1476 587 judicem
1507 546 1607 573 eum
1622 531 1790 587 judice,

338 597 510 645 tempus
544 603 644 629 cum
678 597 887 644 tempore,
919 598 1146 630 numerum
1180 603 1280 630 cum
1313 603 1492 630 numero
1519 589 1791 645 judiciorum

336 648 378 677 56
392 645 674 701 proferemus,
738 644 804 686 Ex
836 659 962 702 aequo
985 655 1029 686 et
1056 647 1172 688 bono
1189 646 1263 700 jus
1286 655 1471 698 constat,
1494 647 1611 703 quod
1639 647 1694 689 ad
1716 660 1791 689 ve-

335 701 509 744 ritatem
521 712 565 743 et
584 703 815 744 utilitatem
837 717 1113 745 communem
1138 704 1307 745 videtur
1320 705 1556 760 pertinere3
1579 704 1695 760 quod
1714 718 1792 762 ge-

333 772 431 811 nus,
454 770 502 801 ut
524 761 657 816 major
687 761 808 802 (nanis
832 759 931 812 LX,
954 767 993 802 et
1014 761 1080 802 cui
1112 761 1273 802 morbus
1304 776 1425 803 causa
1447 769 1518 812 est,
1540 762 1791 818 cognitorem

333 818 417 857 det.
488 816 555 859 Ex
586 831 638 859 eo
681 817 748 859 vel
791 832 953 859 novum
979 818 1054 873 jus
1096 818 1304 860 constitui
1337 819 1544 860 convenit
1584 833 1640 861 ex
1679 828 1791 861 teme

336 889 441 937 pore
493 884 537 916 et
582 874 770 916 hominis
812 875 1041 931 dignitate.
1115 874 1184 918 Ex
1230 885 1359 932 pacto
1403 877 1477 932 jus
1519 885 1599 928 est,
1641 876 1677 918 si
1717 875 1790 934 qui

334 939 444 973 mter
471 946 510 973 se
528 932 788 988 pepigerunt,
811 933 845 973 si
867 932 969 989 qaid
990 932 1098 974 inter
1127 947 1223 989 qnos
1249 935 1450 975 convenit.
1513 933 1650 975 Pacta
1673 941 1789 987 sunt,

334 1004 434 1044 quae
468 989 637 1046 legibus
668 990 938 1031 observanda
970 999 1085 1042 sunt,
1118 990 1203 1031 hoc
1235 991 1383 1042 modO,
1405 1005 1488 1033 rem
1520 991 1790 1048 ubipagunt,

335 1053 468 1098 orato,
491 1047 536 1087 m'
549 1055 729 1104 pugnat,
752 1048 795 1089 iu
816 1047 994 1100 comitio,
1025 1054 1099 1089 azot
1116 1046 1270 1105 injbro
1292 1055 1388 1089 ante
1408 1047 1617 1090 meridiem
1638 1052 1677 1084 57
1691 1064 1791 1091 cau-

333 1118 419 1144 sam
433 1104 620 1146 conicito.
656 1106 768 1146 Sunt
790 1106 893 1147 item
917 1114 1059 1162 pacta,
1078 1120 1175 1162 quae.
1199 1106 1289 1147 sine
1312 1105 1482 1162 legibus
1505 1106 1790 1150 observantur

335 1175 392 1202 ex
415 1173 648 1213 conventu,
671 1166 710 1194 58
725 1178 822 1218 quae
838 1162 938 1219 jure
957 1172 1162 1220 praestare
1184 1163 1402 1205 dicuntur.
1436 1162 1520 1205 His
1543 1163 1678 1220 igitur
1691 1178 1790 1220 par-

339 1219 455 1260 tibus
477 1219 680 1274 injuriam
710 1221 1011 1272 demonstrari,
1037 1220 1112 1276 jus
1135 1221 1385 1263 confirmari
1415 1221 1636 1273 convenit,
1658 1221 1790 1278 idque

255 1276 384 1326 14in
406 1278 606 1319 absoluta
620 1278 858 1334 juridiciali
882 1279 1130 1320 faciendum
1152 1279 1337 1320 videtur.
1399 1278 1513 1320 Cum
1535 1293 1591 1320 ex
1610 1293 1791 1336 compa-

275 1332 760 1390 211·atione'quaeretur,
791 1345 937 1377 utrum
971 1337 1104 1378 satius
1135 1335 1266 1378 fuerit
1297 1350 1426 1393 agere
1459 1336 1518 1387 id,
1543 1336 1662 1392 quod
1691 1349 1790 1379 reus

337 1392 456 1433 dicat
477 1407 522 1434 se
544 1393 712 1445 fecisse,
732 1408 786 1435 an
810 1394 867 1445 id,
887 1394 1003 1449 quod
1026 1403 1251 1436 accusator
1269 1394 1387 1435 dicat
1405 1395 1650 1451 oportuisse
1667 1394 1788 1438 fieri:

368 1450 523 1491 rimum
543 1450 678 1506 quaeri
701 1451 921 1502 convenit,
941 1460 1085 1493 utrum
1112 1451 1243 1493 fuerit
1257 1452 1402 1493 utilius
1421 1467 1476 1493 ex
1491 1451 1790 1505 contentione,

331 1463 418 1549 goe
449 1517 527 1559 est,
560 1518 704 1549 utrum
735 1510 972 1561 venustius,
1004 1507 1188 1562 facilius,
1219 1509 1553 1551 conducibilius.
1616 1508 1790 1552 Deinde

330 1565 555 1621 oportebit
581 1567 732 1621 quaeri,
755 1566 954 1622 ipsumne
994 1568 1237 1623 oportuerit
1251 1567 1465 1623 judicare,
1489 1575 1634 1608 utrum
1656 1566 1789 1610 fuerit

330 1622 496 1674 utilius,
515 1638 569 1664 an
592 1623 775 1665 aliorum
797 1623 928 1665 fuerit
950 1625 1166 1666 statuendi
1189 1633 1396 1682 potestaS.
1459 1622 1630 1666 Deinde
1651 1624 1788 1666 intera

331 1689 519 1736 ponetur
551 1681 607 1722 ab
634 1689 885 1723 accusatore
914 1682 1104 1738 suspicio
1126 1697 1181 1724 ex
1215 1682 1530 1724 constitutione
1559 1681 1787 1737 conjectu—

332 1736 424 1788 rali,
447 1752 580 1793 quare
610 1748 787 1795 putetur
810 1754 898 1780 non
920 1754 971 1780 ea
999 1739 1167 1781 ratione
1197 1739 1362 1782 factum
1394 1754 1500 1791 esse,
1522 1755 1609 1796 quo
1632 1739 1786 1782 melius

328 1791 533 1836 deteriori
567 1806 917 1852 anteponeretur,
957 1797 1031 1837 sed
1063 1797 1164 1839 dolo
1195 1798 1309 1839 malo
1341 1799 1567 1853 negotium
1597 1805 1786 1854 gestum.

333 1850 506 1894 Deinde
535 1864 768 1908 quaeretur,
791 1854 1038 1911 potueritne
1071 1855 1213 1907 vitari,
1238 1870 1292 1896 ne
1314 1855 1358 1896 in
1381 1870 1480 1897 eum
1500 1855 1644 1897 locum
1665 1855 1789 1897 veni-

329 1920 463 1951 retur.
522 1910 594 1952 Ab
617 1910 843 1953 defensore
861 1921 1014 1953 contra
1035 1911 1252 1954 refelletur
1270 1913 1591 1969 argumentatio
1611 1912 1788 1968 conjec-

332 1967 497 2019 taralis,
536 1968 680 2024 aliqua
720 1969 935 2025 probabili
970 1984 1113 2021 causa,
1156 1971 1210 2011 de
1231 1985 1317 2026 qua
1355 1979 1456 2011 ante
1497 1971 1664 2013 dictum
1703 1978 1786 2013 est.

268 2039 320 2077 22
334 2027 373 2059 59
389 2024 473 2066 His
496 2026 557 2066 ita
580 2027 789 2078 tractatis,
822 2036 1048 2068 accusator
1069 2036 1214 2069 utetur
1235 2028 1333 2069 loco
1355 2028 1578 2068 communi
1601 2027 1644 2068 in
1668 2042 1786 2080 euin,

331 2082 407 2136 qui
430 2082 581 2124 inutile
611 2083 708 2124 utili
742 2084 1043 2141 praeposuerit,
1068 2099 1166 2125 cum
1190 2085 1407 2126 statuendi
1438 2085 1480 2116 60
1492 2099 1581 2126 non
1603 2084 1787 2140 haberet

329 2149 607 2197 potestatem.
641 2140 858 2182 Defensor
877 2151 1029 2182 contra
1047 2157 1135 2193 eos,
1158 2143 1232 2198 qui
1255 2157 1429 2198 aequum
1451 2152 1670 2195 censeant,
1693 2157 1785 2186 rem

329 2198 617 2254 perniciosam
648 2198 743 2239 utili
776 2199 987 2255 praeponi,
1017 2208 1163 2240 utetur
1196 2200 1292 2241 loeo
1327 2200 1548 2241 communi
1581 2214 1658 2256 per
1679 2215 1784 2242 con·

327 2255 616 2311 questionem,
639 2264 682 2297 et
704 2256 832 2297 simul
852 2266 1019 2312 quaeret
1040 2258 1095 2298 ab
1120 2258 1460 2309 accusatoribus,
1479 2267 1524 2299 et
1544 2258 1599 2299 ab
1615 2257 1783 2314 judici-

327 2380 410 2421 τμη]
451 2380 575 2412 Caussa
596 2381 662 2411 fuit
682 2380 772 2411 haec:
797 2384 948 2412 mortuus
961 2385 1034 2413 erat

326 2423 367 2459 is,
394 2424 450 2463 qui
474 2423 622 2454 mandati
650 2424 785 2454 nomine
811 2424 844 2453 in
868 2424 1033 2464 judicium

325 2473 462 2496 vocatus
490 2472 586 2496 esset.
630 2465 860 2506 Quaerebatm,
889 2476 932 2497 an
958 2477 1033 2498 eum

325 2506 444 2538 herede
468 2509 520 2547 agi
536 2508 598 2539 hoc
612 2509 746 2539 nomine
768 2513 895 2548 posset:
920 2509 955 2539 in
969 2520 1034 2549 quo

327 2549 557 2591 discrepabant
572 2556 752 2591 praetorurn
767 2553 953 2582 sententiae.

372 2593 413 2623 56
450 2592 690 2633 Prqseremus]
741 2594 827 2624 Puto
864 2599 1034 2625 auctorem

328 2634 493 2675 scripsisse
525 2635 740 2675 conferemus,
778 2639 817 2665 ut
851 2635 1034 2667 Lambinus

327 2678 471 2716 conjecit
485 2685 583 2717 atque
596 2677 710 2709 edidit.
744 2676 962 2717 Prqferemus
976 2688 1033 2709 na-

326 2724 403 2752 mm
419 2725 469 2750 est
490 2730 508 2749 e
530 2721 690 2760 superiori
708 2719 876 2760 prqferress:
901 2730 961 2751 nec
982 2726 1034 2751 ta-

326 2771 405 2792 men
420 2771 551 2792 sensum
567 2763 777 2793 commodum
793 2763 909 2793 habet:
928 2764 1032 2795 immo

327 2803 476 2843 ineptam
492 2805 712 2844 tautologiam
728 2806 839 2835 efficit.

371 2849 408 2892 δῖ
443 2846 586 2878 Causam
619 2847 779 2889 conicito]
809 2857 839 2879 v.
876 2846 968 2889 Clav.
997 2847 1034 2879 in

327 2890 494 2929 conjicere.

371 2933 410 2963 53
434 2932 519 2973 ‚Quae
532 2930 616 2976 jure
630 2932 866 2976 praestaneur]
904 2933 958 2966 Sic
973 2942 1036 2975 pro

1067 2381 1147 2423 juri
1171 2381 1269 2418 edidi,
1289 2387 1329 2413 ut
1354 2363 1462 2414 Graev.
1488 2386 1524 2414 et
1548 2383 1699 2416 Oudend.
1725 2393 1785 2416 vo-

1077 2425 1179 2462 luere,
1209 2436 1226 2456 e
1254 2425 1334 2456 Mss.
1363 2427 1466 2457 etiam
1498 2427 1619 2457 nostris
1646 2431 1681 2458 et
1708 2427 1782 2458 edd.

1077 2467 1212 2498 Mediol.
1228 2467 1325 2499 Junt.
1341 2468 1494 2499 nonnulli
1509 2478 1571 2499 scr.
1586 2472 1621 2500 et
1634 2469 1728 2506 editi,
1743 2473 1784 2501 ut

1077 2510 1127 2540 ed.
1149 2513 1238 2544 1474.
1258 2511 1383 2541 habent
1403 2511 1442 2542 de
1454 2509 1549 2553 jure.
1591 2510 1694 2542 Aldus
1715 2512 1784 2554 pri-

1075 2562 1149 2582 mus
1163 2553 1361 2593 ediditjurz'.

1120 2598 1159 2629 59
1178 2595 1249 2626 His
1268 2597 1315 2626 ica
1334 2595 1512 2636 tractatis]
1551 2594 1669 2626 Delevi
1693 2595 1782 2634 locis,

1076 2637 1162 2676 quod
1178 2638 1323 2677 primum
1337 2639 1371 2669 in
1383 2639 1434 2670 ed.
1448 2638 1523 2669 Ald.
1539 2637 1658 2678 reperi,
1673 2638 1782 2669 abest-

1076 2689 1139 2719 que
1161 2681 1202 2709 ab
1225 2680 1305 2711 Mss.
1349 2681 1421 2712 Nec
1445 2682 1504 2712 loci
1530 2686 1611 2712 sunt
1634 2680 1783 2722 proprie,

1076 2722 1115 2752 de
1130 2723 1248 2761 quibus
1262 2727 1340 2753 ante
1354 2723 1492 2754 dictum.

1117 2764 1158 2794 60
1186 2765 1266 2796 Non
1299 2766 1431 2797 haberet
1459 2764 1680 2806 potestatem]
1726 2765 1782 2799 Sic

1074 2806 1160 2837 edidi
1186 2817 1244 2848 pro
1268 2809 1437 2839 habuerit.-
1461 2818 1538 2839 nam
1561 2808 1710 2839 latinitas
1733 2808 1782 2839 sie

1076 2850 1237 2889 postulat,
1258 2850 1354 2890 idque
1376 2852 1480 2892 reperi
1503 2855 1660 2883 notatum
1674 2860 1693 2883 e
1713 2850 1785 2895 MS?

1076 2891 1169 2926 Leid.
1182 2893 1266 2926 etin
1279 2892 1329 2926 ed.
1348 2895 1439 2929 1474.
1454 2893 1592 2926 Mediol.
