1945 3235
734 123 1007 163 BRUTUS.
1506 127 1584 164 499

141 221 325 268 Philisto
347 235 392 268 et
412 226 667 284 Thucydide
691 241 977 283 comparares,
999 226 1193 267 Brutone
1227 236 1266 267 te
1291 227 1333 268 id
1363 227 1583 279 censebas,

138 297 191 322 an
216 285 321 325 1111111
347 287 656 341 probaturum?
687 300 794 340 quos
816 285 931 325 enim
955 298 1007 334 ne
1033 298 1056 324 e
1079 283 1246 324 Graecis
1269 285 1443 338 quidem
1467 286 1583 341 quis·

135 354 265 394 quam
283 342 441 384 imitari
466 354 623 399 potest,
646 343 696 383 iis
716 354 760 384 tu
781 355 1005 397 comparas
1029 341 1250 381 hominem
1272 340 1580 394 Tusculanum,

134 401 327 440 nondum
359 403 663 456 suspicantem,
683 400 807 455 quale
837 408 949 439 esset
978 399 1153 454 copiose
1174 408 1218 439 et
1250 408 1398 438 ornate
1422 400 1577 440 dicere.

137 453 323 498 Galbam
355 458 515 499 laudas.
549 459 582 498 si
614 467 660 498 ut
685 457 796 498 illius
820 456 960 497 aetatis
989 455 1244 512 principem,
1267 456 1491 496 assentior.
1517 457 1576 498 sic
1591 451 1664 506 86

132 513 248 555 enim
271 516 544 571 accepimus:
577 515 642 555 sin
673 524 720 554 ut
749 523 978 564 oratorem,
1007 514 1129 564 cedo,
1158 528 1322 568 quaesQ
1345 514 1665 564 01·ationes,1295

131 573 250 621 (sunt
283 575 432 622 enim‚)
465 583 508 613 et
537 572 620 622 dic,
646 572 775 620 hunc,
809 586 936 626 quem
973 583 1016 612 tu
1052 571 1160 627 plus,
1198 584 1327 625 quam
1362 579 1418 620 te,
1446 585 1578 621 amas,

134 626 333 681 Brutum,
358 630 463 670 velle
495 640 537 670 te
567 629 639 669 illo
669 629 799 670 modo
830 629 986 670 dicere.
1052 629 1216 669 Probas
1243 627 1394 683 Lepidi
1418 628 1578 668 oratio-

131 698 220 726 nes.
252 687 441 742 paullum
471 686 541 727 hic
575 687 654 727 tibi
690 687 913 737 assentior,
947 687 1076 727 modo
1111 687 1170 726 ita
1203 685 1361 736 laudes,
1394 695 1441 725 ut
1466 686 1579 726 anti-

128 754 260 797 quas:
291 745 404 799 quod
431 744 533 784 item
564 745 617 786 de
640 743 863 795 AfricanO,
887 745 939 785 de
966 744 1118 794 Laelio,
1150 743 1274 798 cujus
1305 755 1350 783 tu
1383 743 1580 784 oratione

129 813 260 855 negas
285 802 375 842 fieri
397 802 632 857 quidquam
658 817 782 859 posse
805 802 987 843 dulcius.
1011 801 1131 842 addis
1151 802 1282 841 etiam
1307 801 1451 841 nescio
1475 800 1580 856 quid

127 859 367 914 augustius.
401 861 574 901 nomine
607 876 683 901 nos
715 860 832 916 capis
871 860 1026 900 summi
1069 859 1162 909 viri,
1193 859 1379 913 vitaeque
1405 858 1579 914 elegan-

125 914 303 958 tissimae
328 918 557 958 verissimis
582 918 794 960 laudibus.
856 917 1052 958 Remove
1083 917 1202 958 haec:
1236 931 1302 956 nae
1329 915 1411 956 ista
1439 916 1577 957 dulcis

126 974 264 1015 oratio
290 975 351 1016 ita
373 976 428 1016 sit
459 976 644 1031 abjecta,
669 985 716 1016 ut
743 990 837 1016 eam
869 975 1060 1031 aspicere
1084 989 1210 1015 nemo
1233 973 1350 1014 velit.
1412 973 1577 1014 Carbo·
1589 979 1666 1015 296

126 1043 224 1071 nem
259 1032 299 1072 in
337 1035 515 1074 summis
545 1034 788 1074 oratoribus
822 1033 1019 1074 habitum
1057 1033 1171 1073 scio:
1206 1031 1278 1072 sed
1310 1046 1409 1072 cum
1441 1032 1485 1072 in
1508 1046 1578 1072 ce-

123 1089 224 1129 teris
248 1091 389 1141 rebus,
413 1101 505 1132 tum
529 1092 572 1132 in
594 1092 793 1142 dicendo,
814 1105 995 1147 semper,
1018 1105 1105 1145 quo
1131 1089 1239 1129 1111111
1261 1098 1326 1129 est
1345 1088 1511 1140 melius,
1534 1090 1578 1131 id

125 1144 302 1199 laudari,
334 1149 649 1205 qualecumque
681 1159 760 1200 est,
789 1148 911 1189 solet.
974 1147 1087 1189 Dico
1120 1148 1231 1188 idem
1257 1147 1310 1187 de
1341 1147 1577 1190 Gracchis:

124 1204 205 1244 etsi
235 1205 288 1246 de
313 1206 364 1247 iis
395 1222 444 1248 ea
467 1217 566 1248 sunt
595 1223 620 1248 a
652 1216 693 1247 te
715 1207 846 1257 dicta,
876 1206 1034 1261 quibus
1063 1220 1145 1261 ego
1169 1204 1393 1245 assentior.
1419 1205 1577 1246 omitto

123 1270 315 1305 ceteros:
349 1265 475 1305 venio
499 1265 551 1305 ad
574 1280 661 1315 eos,
694 1265 737 1305 in
769 1264 926 1319 quibus
951 1264 1044 1319 jam
1071 1263 1306 1319 perfectam
1338 1272 1463 1318 putas
1486 1277 1578 1304 esse

123 1318 430 1375 eloquentiam,
450 1338 556 1378 quos
580 1337 663 1378 ego
687 1322 831 1363 audivi
855 1322 946 1372 sine
966 1321 1260 1362 controversia
1282 1334 1463 1376 magnos
1483 1334 1579 1361 ora-

124 1386 252 1429 tores,
280 1378 485 1420 Crassum
517 1390 560 1420 et
584 1381 841 1420 Antonium.
864 1380 918 1419 de
941 1379 1095 1420 110111111
1131 1378 1328 1418 laudibus
1352 1378 1432 1418 tibi
1458 1393 1580 1434 pror-

121 1448 192 1475 sus
214 1439 449 1480 assentior:
483 1438 555 1479 sed
589 1447 733 1478 tamen
767 1451 853 1477 non
885 1437 970 1478 isto
1001 1436 1147 1487 mOdO,
1171 1445 1218 1476 ut
1242 1434 1455 1491 Polycleti
1483 1435 1579 1477 Do-

119 1493 358 1548 ryphorum
381 1496 462 1537 sibi
489 1495 703 1551 Lysippus
733 1495 892 1544 aiebat,
916 1495 976 1536 sic
1013 1505 1057 1534 tu
1078 1494 1322 1534 suasionem
1345 1493 1452 1550 legis
1477 1494 1575 1535 Ser-

123 1551 237 1593 viliae
264 1552 343 1593 tibi
368 1554 621 1610 magistram
645 1553 791 1593 fuisse.
816 1552 910 1592 haec
930 1566 1134 1608 germana
1155 1551 1293 1591 ironia
1315 1561 1392 1591 est.
1417 1567 1492 1592 cur
1514 1552 1575 1592 ita

120 1609 318 1661 sentiam,
350 1626 437 1652 non
472 1612 630 1660 dicam,
665 1625 718 1651 ne
749 1624 817 1650 me
848 1610 927 1650 tibi
962 1609 1166 1650 assentari
1199 1618 1339 1664 putes.
1401 1608 1664 1652 Omitt0297

119 1665 267 1721 igitur,
287 1683 383 1723 quae
416 1670 469 1710 de
502 1669 553 1709 iis
588 1668 706 1724 ipsis,
737 1682 834 1722 quae
870 1667 923 1708 de
958 1667 1105 1718 Cotta,
1139 1682 1237 1722 quae.
1271 1667 1324 1707 de
1362 1666 1574 1722 Sulpicio,

119 1738 217 1778 quae
241 1726 371 1766 modo
393 1727 445 1768 de
469 1726 614 1772 Coelio
637 1726 814 1767 dixeris.
839 1725 868 1765 ii
893 1726 1008 1765 enim
1032 1724 1206 1765 fuerunt
1228 1733 1344 1764 certe
1366 1735 1572 1766 oratores.

119 1783 270 1836 quanti
294 1794 453 1835 autem,
475 1794 518 1825 et
535 1783 694 1840 quales,
718 1792 764 1824 tu
790 1783 960 1824 videris,
1024 1782 1137 1823 Nam
1161 1781 1264 1823 illud
1288 1781 1429 1822 minus
1453 1797 1572 1833 curo,

118 1840 235 1894 quod
258 1842 514 1898 congessisti
546 1841 764 1898 operarios
791 1855 967 1882 omnes:
1002 1850 1049 1881 ut
1072 1839 1178 1882 1111111
1211 1839 1438 1880 videantur
1459 1841 1571 1881 mori

118 1897 304 1939 voluisse
323 1900 532 1951 nonnulli,
555 1910 603 1940 ut
624 1915 650 1941 a
672 1909 712 1940 te
735 1899 778 1939 in
801 1908 1019 1939 oratorum
1044 1912 1271 1938 numerum
1296 1896 1569 1938 referrentur.

119 1953 233 1996 Haec
263 1971 363 1998 cum
397 1958 466 1999 ille
498 1957 694 2008 dixisset,
719 1956 860 2012 Longi
895 1956 1102 1997 sermonis
1130 1954 1375 1995 l00initium
1400 1955 1569 2011 pepuli-
1583 1958 1655 2014 87

117 2013 188 2063 sti,
210 2013 402 2070 inquam,
422 2017 585 2066 Attice,
613 2028 788 2070 remque
820 2014 1113 2063 commovisti,
1137 2027 1249 2053 nova
1271 2012 1610 2068 disputationep.
1631 2030 1703 2063 193.

116 2070 309 2127 dignam,
328 2088 457 2129 quam
482 2075 525 2114 in
553 2073 668 2114 aliud
700 2082 868 2128 tempus
890 2071 1154 2112 differamus.
1215 2069 1427 2111 Volvendi
1451 2071 1566 2111 enim
1581 2080 1610 2101 a.

116 2139 217 2170 sunt
249 2129 347 2171 libri
381 2146 480 2172 cum
513 2131 710 2182 aliorum,
746 2140 837 2171 tum
868 2129 1066 2186 inprimis
1104 2128 1300 2169 Catonis.
1338 2117 1659 2185 intelliges,‘293

117 2186 226 2227 nihil
259 2187 370 2229 illius
403 2188 690 2240 lineamentis,
712 2188 794 2229 nisi
828 2202 978 2228 eorum
1012 2187 1352 2243 pigmentorum,
1375 2200 1471 2241 quae
1504 2187 1572 2227 in-

116 2256 244 2285 venta
262 2247 455 2288 nondum
486 2256 623 2297 erant,
647 2247 798 2286 florem
828 2255 871 2286 et
895 2244 1083 2286 colorem
1113 2243 1316 2285 defuisse.
1378 2243 1493 2284 Nam
1515 2244 1569 2285 de

115 2300 260 2343 Crassi
283 2305 478 2345 oratione
501 2305 562 2345 sic
591 2304 811 2354 existimo,
833 2303 976 2359 ipsum
1000 2302 1181 2343 fortasse
1202 2301 1355 2342 melius
1378 2302 1570 2356 potuisse

114 2360 326 2403 scribere:
358 2362 505 2413 alium,
534 2373 584 2403 ut
616 2362 816 2412 arbitror,
850 2360 1084 2401 neminem.
1141 2359 1263 2400 lNec
1296 2359 1339 2399 in
1373 2358 1456 2399 hoc
1485 2359 1571 2399 iro-

111 2416 229 2458 niam
262 2419 423 2460 dixeris
456 2435 562 2471 esse,
604 2419 722 2475 quod
755 2433 850 2460 eam
885 2418 1128 2460 orationem
1167 2417 1275 2457 1111111
1315 2415 1570 2472 magistram

157 2544 216 2572 100
238 2544 371 2574 initium
401 2544 572 2585 pepulisti]
612 2544 673 2574 Est
701 2554 719 2574 e
746 2553 818 2573 cor·
862 2553 959 2583 quam
976 2542 1041 2573 alio
1056 2547 1153 2582 tropo
1167 2545 1201 2571 et
1214 2549 1322 2571 sensu.

112 2587 259 2615 rectione
275 2586 427 2624 Victorii,
451 2598 549 2627 quam
574 2594 608 2617 et
632 2596 689 2617 nos
712 2586 817 2625 sequi·
909 2589 921 2616 l
948 2586 1022 2616 Nec
1044 2586 1079 2615 in
1102 2587 1160 2615 hoc
1182 2584 1326 2613 ironiam
1347 2583 1471 2613 dixeris
1490 2582 1570 2622 esse]

111 2636 197 2657 mur.
222 2628 301 2658 Mss.
327 2629 460 2668 quidam
487 2627 653 2670 depulisti,
680 2635 717 2659 ut
745 2628 817 2659 edd.
861 2629 914 2658 Sic
937 2629 1004 2659 fere
1031 2627 1102 2658 edd.
1128 2637 1176 2667 pr.
1225 2625 1328 2656 Aldus
1351 2625 1467 2656 eVen.
1483 2625 1573 2656 dedit

111 2669 194 2700 Ven.
216 2670 291 2701 Ald.
318 2671 414 2703 Junt.
443 2674 540 2704 male.
586 2671 760 2703 Manutius
784 2676 819 2701 et
863 2671 1009 2707 daz-eris,
1033 2670 1188 2700 imitante
1207 2668 1335 2705 Junta3
1360 2668 1448 2707 quod
1461 2668 1573 2698 defen·

113 2711 228 2742 Lamb.
244 2713 371 2745 edidere
387 2716 554 2753 detulisti3
578 2715 695 2745 itidem
719 2714 818 2751 male,
863 2713 912 2743 dit
934 2713 1059 2749 Rivius,
1081 2713 1135 2751 qui
1151 2721 1224 2742 eam
1239 2711 1416 2740 lectionem
1437 2719 1471 2741 se
1491 2710 1572 2740 dicit

108 2760 142 2785 et
158 2756 227 2785 sine
242 2764 339 2786 sensu
355 2758 542 2789 commodo.
579 2757 747 2798 pepulisti
769 2762 820 2786 est
864 2756 1034 2796 reperisse,
1057 2765 1176 2795 nempe
1203 2755 1239 2783 111
1263 2753 1313 2783 ed.
1339 2753 1480 2783 Veneta.
1510 2762 1571 2782 nec

111 2798 256 2835 movisti,
273 2809 337 2838 quo
358 2801 455 2830 verbo
471 2801 585 2831 statim
601 2802 719 2831 utitur.
766 2800 820 2829 Sic
863 2799 998 2828 duxeris
1012 2808 1088 2828 eum
1104 2807 1168 2827 esse
1190 2802 1224 2826 et
1245 2795 1465 2831 substantivo,
1481 2805 1571 2824 com-

93 2845 207 2881 -s'upra
237 2851 264 2871 c.
289 2844 320 2872 4.
347 2844 462 2882 quibus
488 2845 678 2873 animorum
701 2847 820 2883 parles
862 2840 958 2871 mode
971 2840 1102 2871 dicitur.
1141 2838 1332 2871 Similitere
1349 2838 1472 2868 dicitur
1484 2836 1571 2867 male

102 2885 320 2923 pellerentur,
358 2895 416 2925 pro
445 2885 669 2922 moverentur,
705 2895 839 2966 quam-l
863 2883 990 2914 factum
1007 2883 1140 2914 <iracitur
1155 2882 1189 2912 in
1202 2881 1288 2921 Top.
1304 2891 1332 2910 c.
1353 2882 1401 2910 11.

776 2942 800 2967 R
840 2943 856 2967 1
888 2932 914 2967 ⁶2
