1945 3235
668 108 859 150 LIBER
884 109 1127 148 PRIMUS.

1547 110 1623 153 ¹241

171 216 512 272 ceptationibus,
533 219 715 271 52atque
748 216 791 256 in
824 230 902 256 usu
927 213 1107 265 forensi3
1140 223 1283 253 tamen
1312 212 1378 253 his
1411 213 1464 254 de
1496 213 1625 255 rebus

171 275 277 330 ipsis
301 276 334 315 si
369 277 425 316 sit
456 276 493 316 ei
526 274 772 324 dicendum,
794 287 894 314 cum
916 270 1175 328 cognoverit
1195 270 1250 310 ab
1273 270 1339 319 iis,
1362 271 1435 324 qui
1460 280 1622 322 tenent,

169 347 269 386 quae
293 333 379 373 sint
412 333 453 373 in
484 346 655 387 quaque
685 345 742 381 re,
766 330 902 370 multo
925 338 1137 369 oratorem
1164 326 1329 377 melius,
1352 341 1481 381 quam
1504 328 1620 382 ipsos

170 389 282 439 illos,
315 404 498 444 quorum
533 403 595 438 eae
627 398 726 429 sunt
758 398 885 437 artes,
919 400 1010 427 esse
1039 385 1272 425 dicturum.

169 447 346 488 militari
383 446 614 487 dicendum
650 446 751 486 huic
783 445 865 485 erit
899 443 1108 499 Sulpicio,
1143 450 1309 496 quaeret
1341 456 1367 481 a
1396 439 1448 481 C.
1474 440 1620 483 Mario

168 505 288 545 affini
325 515 486 554 nostro,
524 513 582 552 et,
616 518 714 544 cum
749 502 981 557 acceperit,
1013 501 1074 540 ita
1107 498 1422 554 pronuntiabit,
1457 507 1504 538 ut
1537 498 1621 553 ipsi

170 561 224 602 C.
249 561 393 602 Mario
417 574 542 616 paene
566 560 635 601 hic
659 559 824 610 melius,
855 573 985 614 quam
1009 560 1047 588 53
1063 558 1154 612 ipse
1177 557 1248 597 illa
1270 556 1378 597 scire
1398 555 1619 598 videatur:

168 620 234 659 sin
266 619 320 659 de
348 619 448 672 jure
481 617 623 668 civili;
656 628 797 658 tecum
836 615 1192 665 communicabit,
1227 624 1355 669 teque
1397 613 1620 654 hominem

166 675 565 732 prudentissimum,
587 685 630 715 et
655 674 960 730 peritissimum
984 674 1026 713 in
1050 673 1101 713 iis
1125 672 1228 728 ipsis
1251 672 1392 722 rebus,
1413 685 1519 726 quas
1541 671 1618 711 abs

167 744 211 774 te
232 732 446 784 didicerit,
469 733 640 773 dicendi
677 742 767 773 arte
796 731 1039 787 superabit:
1073 730 1139 770 sin
1172 744 1269 784 quae
1303 743 1368 769 res
1401 728 1617 779 inciderit,
1630 734 1682 776 67

167 791 212 832 in
244 805 331 845 qua
361 789 414 830 de
445 801 612 840 natura,
636 790 688 831 de
718 790 834 830 vitiis
869 789 1110 838 hominum,
1132 787 1185 828 (16
1213 786 1543 842 cupiditatibus,
1566 786 1620 827 de

167 848 314 897 modo,
346 847 399 888 de
430 848 716 898 continentia,
745 848 799 888 de
828 847 989 896 dolore,
1023 846 1075 887 de
1106 855 1245 885 morte
1276 844 1509 885 dicendum
1548 844 1619 895 sit,

165 904 364 954 forsitan,
396 905 430 944 si
453 906 492 946 ei
523 907 579 946 sit
603 906 755 956 visum,
787 905 886 958 (etsi
909 904 1004 944 haec
1027 903 1203 958 quidem
1225 916 1350 943 nosse
1372 901 1503 942 debet
1523 916 1620 942 ora-

165 965 269 1013 tor,)
301 977 400 1003 cum
439 963 553 1004 Sex.-
573 962 800 1018 Pompeio,
835 962 1005 1002 erudito
1046 960 1221 1001 homine
1252 960 1294 1000 in
1326 959 1620 1015 philosophia,

165 1021 573 1062 ⁵4co1mnunica1·it:
608 1021 690 1061 1106
714 1020 910 1076 profecto
933 1018 1108 1068 efficiet,
1136 1028 1183 1058 ut
1204 1031 1507 1073 quamcunque
1530 1031 1621 1058 rem.

164 1092 191 1118 a
222 1092 395 1133 quoque
425 1078 642 1134 cognorit,
672 1078 727 1119 de
755 1091 807 1117 ea
838 1076 975 1117 multo
1005 1075 1123 1116 dicat
1153 1075 1360 1125 ornatius,
1392 1089 1522 1129 quain
1549 1074 1622 1115 ille

165 1134 273 1190 ipse,
304 1136 418 1176 unde
440 1136 657 1192 cognorit.

719 1135 802 1175 Sed
826 1135 860 1174 si
883 1148 951 1174 me
975 1133 1174 1183 audierit,
1195 1133 1402 1187 quoniam
1428 1131 1617 1187 philoso-
1629 1141 1680 1177 63

167 1192 271 1248 phia
293 1195 331 1224 55
348 1193 389 1233 in
414 1203 496 1233 tres
522 1203 660 1248 partes
683 1203 746 1232 est
770 1193 946 1242 tributa,
969 1191 1012 1230 in
1035 1200 1200 1231 naturae
1224 1189 1550 1239 obscuritatem,
1573 1189 1619 1230 in

165 1250 401 1290 disserendi
435 1251 736 1300 subtilitatem,
779 1250 823 1290 in
867 1249 1001 1289 vitam
1037 1258 1167 1302 atque
1207 1262 1374 1297 mores3
1416 1246 1503 1287 duo
1546 1246 1620 1288 illa

164 1307 471 1363 relinquamUS,
504 1308 682 1363 5611111116
726 1307 960 1363 largiamur
1002 1305 1166 1346 inertiae
1211 1314 1396 1345 nostrae:
1441 1303 1618 1346 tertium

165 1378 281 1416 vero,
313 1365 429 1420 quod
452 1379 620 1421 semper
641 1367 823 1406 oratoris
847 1363 888 1404 fr

165 1423 263 1473 tori,
286 1422 330 1463 in
363 1437 449 1477 quo
483 1438 666 1479 magnus
697 1437 788 1463 esse
819 1422 969 1478 possit,
1001 1421 1305 1476 relinquemus.

883 1365 944 1413 iit,
976 1364 1058 1403 nisi
1090 1363 1348 1413 tenebimus,
1378 1361 1488 1402 nihil
1521 1375 1616 1402 ora-

1368 1419 1514 1465 Quare
1542 1419 1616 1460 hie
1628 1429 1680 1469 69

162 1478 282 1520 locus
320 1480 374 1520 de
411 1481 500 1521 vita
533 1491 577 1521 et
612 1481 804 1521 moribus
839 1489 954 1520 totus
989 1488 1056 1519 est
1087 1478 1247 1519 oratori
1282 1477 1615 1533 perdiscendus:

163 1547 307 1577 cetera
329 1538 362 1578 si
384 1552 471 1579 non
495 1538 710 1589 didicerit,
741 1551 882 1580 tamen
910 1537 1083 1593 poterit,
1116 1537 1150 1576 si
1185 1535 1358 1590 quando
1388 1549 1497 1590 opus
1520 1535 1617 1586 erit,

163 1609 316 1635 ornare
338 1595 538 1646 dicendo,
570 1597 603 1636 si
628 1596 757 1637 modo
783 1606 909 1636 erunt
937 1594 991 1635 ad
1014 1608 1111 1634 eum
1135 1594 1290 1643 delata,
1323 1595 1360 1626 57
1377 1601 1420 1632 et
1443 1592 1614 1633 tradita.

153 1650 339 1693 ‘Etenim
364 1653 398 1693 si
421 1663 592 1694 constat
614 1653 726 1694 inter
752 1652 919 1702 doctos,
951 1652 1172 1693 1101111116111
1207 1651 1406 1707 ignarum
1435 1643 1656 1690 astrolo-l

166 1710 267 1765 giae,
290 1713 330 1741 58
344 1709 527 1751 Aratum
550 1711 833 1752 ornatissimis
856 1720 986 1765 atque
1008 1710 1186 1766 optimis
1210 1709 1402 1749 versibus
1426 1707 1478 1748 de
1500 1707 1615 1748 60610

165 1766 383 1822 stellisque
416 1768 598 1810 dixisse:
634 1769 666 1808 si
704 1769 757 1809 (16
795 1769 921 1810 rebus
962 1769 1131 1808 rusticis
1167 1767 1387 1808 homiuem
1422 1766 1478 1806 ab
1511 1780 1618 1820 agro

163 1825 517 1878 remotissimum,
550 1826 821 1868 Nicandrum
850 1825 1191 1882 Colophonium,
1223 1824 1398 1880 po‘e'tica
1430 1824 1618 1878 quadam

205 1940 246 1969 52
268 1939 374 1978 Atque
387 1940 420 1969 in
436 1950 499 1970 usu
509 1939 563 1980 f.]
594 1939 683 1971 Bene
698 1945 795 1980 alque
809 1950 867 1980 pro

162 1984 224 2010 aut
239 1980 327 2011 dedit
343 1982 504 2013 Pearcius.
549 1983 637 2013 Nam
660 1983 705 2012 siu
728 1983 760 2012 111
777 1983 868 2012 libris

159 2028 231 2060 est3
256 2024 357 2054 etiam
380 2024 450 2055 Eri.
472 2036 491 2055 a
515 2036 559 2056 m.
579 2035 643 2055 sec.
690 2025 751 2055 Sed
767 2027 868 2056 etiam

161 2069 221 2096 aut
234 2065 400 2096 interdum
416 2068 603 2108 copulative
618 2067 750 2098 dicitur.

203 2110 242 2138 53
270 2109 341 2149 Ipse
354 2109 444 2149 illm]
483 2111 552 2141 Illa
567 2116 654 2141 recte
670 2121 728 2150 pro
745 2112 799 2140 me
811 2110 865 2140 de-

158 2149 209 2180 dit
223 2150 308 2181 idem
323 2162 340 2181 e
355 2151 459 2183 libris.
505 2154 557 2184 Sic
575 2158 610 2183 et
625 2153 689 2183 Ms.
707 2152 745 2182 E.
779 2153 866 2183 Item

160 2200 239 2222 mox
255 2203 325 2233 quoe
336 2204 395 2234 pro
412 2205 490 2235 qua,
504 2195 591 2235 quod
606 2205 678 2226 sero
692 2195 865 2226 inductum

158 2240 210 2265 est
223 2242 297 2275 post
313 2237 433 2268 Aldum
448 2243 482 2270 et
496 2239 650 2269 Juntam.
676 2239 741 2268 Ms.
757 2237 827 2270 Erl.
844 2248 864 2269 a

159 2286 204 2308 m.
221 2288 247 2308 s.
263 2280 384 2319 aliqua.

200 2323 241 2351 54
268 2321 536 2353 Cmnmunieabit.
579 2322 652 2354 Hoc
671 2322 761 2363 I’s‘ff·
786 2321 859 2363 qffi]

155 2360 283 2409 Vitiosa
298 2369 346 2394 est
361 2364 431 2395 haec
445 2365 656 2404 vulgatorum
669 2372 702 2396 et
717 2366 816 2396 lectio
829 2371 864 2395 et

158 2407 396 2446 lnte1·punctio‚
413 2418 476 2446 qua
492 2418 695 2447 consequens
713 2410 754 2438 ab
769 2415 862 2438 ante-

156 2448 292 2479 cedente
307 2449 483 2480 dirimitur.
516 2450 576 2480 Ed.
593 2461 618 2481 s.
636 2451 657 2481 l.
675 2456 709 2481 et
725 2462 754 2481 a.
770 2451 860 2492 Lips-

156 2488 257 2520 habet
282 2494 545 2529 communicarit,
571 2498 607 2523 ut
630 2494 694 2524 Me.
710 2493 860 2524 Erl.E:1.

158 2537 272 2563 autem
286 2533 375 2574 Lips.
398 2541 473 2575 post
490 2537 749 2575 >communicarit
764 2537 865 2566 habet

158 2574 255 2604 modo
271 2576 378 2607 colon.
425 2577 612 2617 Utrumque
631 2589 708 2618 ergo
730 2586 862 2609 secutus

157 2625 241 2664 sum.
286 2619 348 2648 Sed
360 2621 510 2657 conjicio,
524 2622 624 2651 etiam
641 2621 793 2661 copulam
809 2631 862 2651 ex-

157 2658 271 2707 cidisse
296 2668 374 2691 ante
389 2661 554 2701 jin-sitan,
585 2664 863 2702 quemadmodum

156 2707 206 2731 est
222 2711 255 2731 in
271 2704 377 2742 primo
390 2706 552 2745 exemplo.
599 2706 652 2736 lta
666 2711 776 2736 totum
799 2707 864 2736 erit

154 2742 363 2792 h'ujusmodi:
391 2746 451 2777 Sin
474 2758 543 2788 quae
565 2759 616 2779 res
636 2749 863 2779 inciderit-et

143 2787 309 2825 forsitan,
321 2788 348 2817 si
358 2788 388 2817 ei
398 2790 440 2819 sit
451 2791 821 2822 visum—cum—comm
827 2801 862 2821 u.-

157 2829 296 2859 niem-it.-
319 2831 376 2860 hoc
395 2831 483 2872 prty'.
501 2834 559 2863 816.
606 2834 771 2864 Praeterea
791 2833 863 2864 edd.

155 2876 282 2901 veteres
298 2882 459 2904 consensu
482 2875 607 2907 habent
622 2886 756 2917 quoquo,
776 2875 864 2916 quod

217 2928 326 2955 VOL.
353 2930 385 2957 1.

909 1939 1029 1969 servari
1047 1944 1189 1980 poterat,
1205 1943 1244 1968 ut
1255 1938 1439 1977 cognoverit
1452 1936 1565 1968 eadem
1576 1937 1616 1968 de

911 1992 1035 2019 caussa,
1067 1982 1153 2021 quod
1181 1989 1296 2011 tamen
1325 1980 1407 2010 1111111
1436 1979 1549 2009 refert:
1581 1984 1616 2011 et

912 2025 1021 2065 paullo
1039 2031 1111 2065 post
1127 2033 1239 2054 omnes
1255 2025 1413 2061 cognorit.
1448 2023 1482 2052 A
1493 2032 1616 2062 quoque

908 2068 1071 2107 intellige,
1087 2078 1105 2098 a
1120 2067 1276 2106 Pompeio
1291 2065 1342 2096 vel
1357 2065 1434 2095 alio.

954 2113 991 2142 55
1015 2110 1058 2141 Ιη
1081 2114 1147 2139 tres
1160 2120 1199 2149 p.
1224 2118 1251 2139 e.
1272 2107 1423 2147 tributa]
1471 2107 1525 2137 Sic
1548 2106 1613 2139 ΜΞ,

909 2151 978 2183 Erl.
993 2152 1079 2192 quod
1095 2152 1229 2192 vulgato
1250 2151 1426 2181 distributa
1441 2150 1517 2189 jure
1531 2159 1615 2190 prae·

909 2195 983 2225 tuli.
997 2205 1026 2225 v,
1043 2195 1134 2225 Clav.

949 2239 989 2268 56
1011 2239 1118 2277 Atque
1145 2236 1250 2276 larg]
1298 2236 1362 2266 Pro
1384 2235 1472 2274 vulg.
1498 2234 1613 2274 idque:

906 2281 993 2320 quod
1013 2289 1046 2311 et
1071 2282 1177 2320 ipsum
1204 2278 1366 2319 explicare
1390 2287 1536 2318 possum,
1553 2286 1614 2308 nec

906 2330 956 2354 est
972 2324 1153 2362 inelegans:
1179 2321 1235 2351 sed
1259 2321 1332 2351 libri
1358 2320 1463 2351 nostri
1487 2325 1613 2349 veteres

906 2375 1021 2396 omnes
1047 2369 1140 2396 stant
1165 2374 1224 2405 pro
1248 2368 1357 2404 atque.
1374 2363 1478 2402 quue
1500 2366 1549 2391 est
1571 2362 1612 2392 ab

905 2409 1000 2484 Albi}
1013 2450 1061 2481 Et
1076 2449 1230 2488 tradita]
1258 2447 1409 2477 Peareius
1426 2444 1550 2477 addidit
1563 2447 1592 2476 ei
1603 2458 1613 2475 .-

907 2494 993 2533 quod
1007 2498 1058 2523 est
1071 2493 1172 2522 etiam
1196 2492 1228 2521 in
1254 2490 1316 2520 Ms.
1332 2489 1402 2520 Erl.
1441 2489 1526 2518 Sane
1543 2489 1612 2519 sine

907 2546 945 2566 60
958 2536 1070 2566 durior
1091 2540 1140 2564 est
1162 2533 1280 2564 oratio.
1325 2532 1388 2562 Sed
1402 2531 1494 2561 valde
1509 2531 1614 2570 suspi-

905 2589 962 2608 cor
985 2579 1054 2609 haec
1071 2577 1169 2607 verba
1193 2586 1261 2606 esse
1283 2574 1485 2615 glossatoris,
1501 2574 1615 2604 delata

906 2620 1168 2661 interpretantis.

950 2667 988 2694 58
1013 2663 1159 2694 Aratum
1186 2670 1257 2690 orn.
1280 2669 1314 2690 a.
1337 2670 1365 2690 ο.
1389 2657 1439 2697 v.]
1479 2657 1614 2688 Nomen

906 2705 999 2736 Arati
1014 2712 1065 2736 est
1079 2705 1112 2734 in
1129 2702 1271 2743 vulgatis
1286 2702 1394 2733 alieno
1417 2700 1501 2730 loco.
1552 2701 1613 2731 Or·-

904 2750 1020 2779 uatiss.
1044 2757 1077 2779 a.
1092 2751 1156 2786 opt.
1178 2756 1209 2776 υ.
1226 2743 1373 2776 Aratum
1391 2744 1430 2773 de
1451 2744 1526 2772 coelo
1552 2743 1612 2772 816.

906 2791 1065 2822 Similiter
1079 2793 1128 2820 est
1142 2798 1217 2819 mox
1230 2789 1266 2819 in
1280 2786 1464 2819 Nicandro:
1482 2794 1541 2815 nec
1554 2783 1614 2815 ali-

904 2838 958 2864 ter
972 2843 1040 2864 esse
1056 2836 1178 2875 potest.

880 2930 909 2957 R

1335 382 1404 423 Ita
1434 385 1466 423 si
1496 386 1549 424 de
1576 391 1683 426 re66
