1945 3235
336 105 414 140 416
864 98 945 140 DE
978 100 1264 140 ORATORE

334 207 530 247 videmus
551 205 667 248 hunc
690 215 850 249 statum
870 222 960 249 esse
982 207 1111 263 hujus
1136 207 1267 248 totius
1291 205 1439 247 mundi
1457 213 1585 261 atque
1599 213 1779 258 naturae‚

334 264 567 305 rotundum
600 274 647 305 ut
676 265 853 316 coeluni,
887 278 1081 321 terraque
1114 276 1160 306 ut
1192 264 1332 305 media
1363 263 1433 314 sit,
1463 277 1598 318 eaque
1629 279 1704 305 sua
1735 264 1779 306 vi

332 331 528 377 nutuque
551 332 769 374 teneatur3
802 322 865 363 sol
898 333 942 363 ut
962 323 1303 371 circumferatur,
1328 330 1374 361 ut
1397 321 1574 362 accedat
1604 321 1657 362 ad
1680 322 1780 362 bru-

331 379 443 420 male
465 380 654 437 signum,
677 392 720 421 et
743 381 842 421 inde
864 381 1019 421 sensim
1043 380 1247 421 ascendat
1278 380 1321 419 in
1352 378 1563 419 diversam
1586 388 1778 435 partem;

331 447 380 477 ut
404 437 503 478 luna
524 454 696 480 accessu
728 448 771 478 ct
803 452 966 478 recessu
1002 453 1078 479 suo
1106 438 1205 478 solis
1228 437 1370 477 lumen
1394 435 1607 491 accipiat3
1639 445 1688 476 ut
1708 449 1778 476 ea-

330 494 427 535 dem
448 497 586 551 spatia
603 496 793 551 quinque
811 494 943 536 stellae
963 495 1123 552 dispari
1143 506 1279 546 motu,
1296 508 1508 549 cursuque
1526 493 1778 539 conficiant.

242 553 317 592 179
332 550 443 594 Haec
475 564 638 593 tantam
675 553 836 594 habent
866 553 966 603 vim,
997 565 1046 593 ut
1078 553 1265 608 paullum
1302 552 1528 592 immutata
1559 550 1777 592 cohaerere

327 624 413 650 non
452 611 643 666 possint:
690 620 853 650 tantam
897 609 1245 665 pulcritudinem,
1280 619 1327 650 ut
1370 608 1485 649 nulla
1518 609 1680 664 species
1723 622 1778 649 ne

325 669 568 723 excogitari
592 668 765 722 quidem
796 668 931 722 possit
953 667 1158 707 ornatior.
1191 667 1345 708 referte
1368 682 1482 707 nunc
1505 667 1697 707 animum
1720 665 1776 707 ad

327 725 568 776 hominurn,
591 725 655 765 vel
677 726 806 765 etiam
828 734 1064 765 ceterarum
1090 725 1376 765 animantium
1394 724 1577 765 formam
1600 732 1644 764 et
1666 723 1778 779 figu-

326 797 432 824 ram.
464 782 624 823 nullam
661 793 823 839 partem
861 782 1054 837 corporis
1089 781 1179 822 sine
1212 781 1356 836 aliqua
1394 782 1648 822 necessitate
1683 781 1778 822 affi-

327 851 456 890 ctam,
480 849 704 893 totamque
727 840 909 880 formam
929 839 1048 894 quasi
1072 838 1306 895 perfectam
1332 839 1550 894 reperietis
1564 850 1668 890 arte,
1688 853 1776 880 non

241 888 316 944 46
327 913 444 938 casu.
506 898 624 944 Quid
648 899 690 938 in
715 897 955 947 arboribus,
980 897 1021 937 in
1046 897 1202 952 quibus
1225 911 1310 937 non
1335 906 1525 947 truncus,
1547 911 1631 937 non
1653 896 1775 948 rami,

325 970 413 997 non
434 954 537 997 folia
559 965 660 996 sunt
681 955 881 1010 denique,
908 954 988 994 nisi
1011 956 1063 995 ad
1093 969 1211 994 suam
1234 954 1500 995 retinendam
1519 968 1778 995 conservan-

324 1012 511 1068 damque
534 1015 761 1055 naturam?
792 1027 1004 1067 nusquam
1037 1021 1180 1052 tamen
1211 1022 1276 1052 est
1300 1011 1384 1052 ulla
1407 1026 1517 1067 pars,
1539 1011 1621 1052 nisi
1645 1025 1776 1052 venu-

241 1072 404 1112 lSOSta.
466 1072 732 1127 Linquamus
764 1080 980 1121 naturam,
1011 1081 1209 1125 artesque
1244 1069 1478 1110 videamus.
1539 1069 1658 1115 Quid
1688 1078 1778 1110 tam

322 1128 367 1169 in
387 1129 563 1186 navigio
586 1128 1031 1183 necessarium,quan1
1056 1127 1202 1178 latera,
1225 1129 1264 1157 5‘2
1275 1142 1404 1182 quam
1418 1141 1629 1178 cavernae,
1648 1140 1778 1182 quam

322 1201 464 1242 prora,
484 1201 612 1242 quam
634 1186 808 1243 puppis,
825 1200 954 1241 quam
969 1195 1201 1235 antemnae,
1224 1199 1352 1239 quam
1380 1184 1484 1234 vela,
1498 1199 1628 1239 quam
1646 1183 1746 1224 mali
1764 1186 1778 1226 ?

319 1259 418 1300 quae
442 1254 586 1285 tamen
610 1245 722 1285 hanc
741 1244 902 1285 habent
926 1243 967 1283 in
993 1243 1135 1300 specie
1156 1252 1440 1292 venustatem,
1465 1251 1510 1282 ut
1530 1256 1614 1282 non
1639 1241 1779 1283 solum

319 1302 484 1354 salutis,
507 1302 579 1343 sed
611 1303 743 1343 etiam
779 1300 1014 1357 voluptatis
1045 1315 1188 1350 causa,
1219 1300 1397 1340 inventa
1418 1314 1509 1340 esse
1534 1299 1774 1340 videantur.

321 1359 550 1401 Columnae
588 1370 631 1400 et
667 1358 829 1415 templa
861 1368 904 1399 et
935 1358 1127 1414 porticus
1164 1359 1403 1398 sustinent:
1437 1368 1581 1397 tamen
1613 1356 1779 1398 habent

317 1432 406 1458 non
432 1417 525 1474 plus
553 1417 770 1468 utilitatis,
793 1431 920 1471 quam
945 1415 1187 1471 dignitatis.
1250 1414 1458 1471 Capitolii
1479 1415 1702 1471 fastigium
1728 1414 1779 1456 il-

317 1475 406 1527 lud,
429 1485 473 1516 et
502 1485 741 1516 ceterarum
767 1474 941 1524 aedium,
964 1488 1051 1513 non
1076 1481 1292 1523 venustas,
1315 1472 1389 1513 sed
1422 1472 1652 1512 necessitas
1685 1472 1780 1528 ipsa

318 1532 532 1574 fabricata
555 1542 633 1573 est.
667 1546 765 1573 nam
798 1546 897 1572 cum
929 1539 1041 1571 esset
1071 1529 1223 1570 habita
1254 1530 1378 1580 ratio,
1409 1530 1776 1584 quemadmodum

318 1604 373 1631 ex
399 1601 582 1646 utraque
601 1590 704 1631 tecti
729 1598 850 1645 parte
874 1587 1017 1643 aliqua
1039 1587 1336 1638 delaberetur3
1360 1587 1588 1628 utilitatem
1611 1587 1779 1643 templi,

319 1647 485 1705 fastigii
519 1648 709 1704 dignitas
744 1656 979 1687 consecuta
1015 1654 1104 1686 est:
1139 1654 1200 1695 ut,
1226 1645 1395 1685 etiamsi
1418 1645 1510 1684 53in
1542 1644 1657 1685 coelo
1689 1656 1775 1685 sta-

320 1715 527 1757 tueretur,
562 1706 633 1747 ubi
666 1705 806 1745 imber
835 1717 926 1744 esse
957 1718 1043 1744 non
1077 1711 1236 1758 posset,
1271 1702 1431 1743 nullam
1470 1702 1561 1742 sine
1596 1701 1775 1758 fastigio

234 1769 302 1803 181
319 1764 579 1820 dignitatem
600 1763 853 1804 habiturum
876 1776 967 1802 esse
992 1761 1202 1801 videatur.
1256 1759 1356 1801 Hoc
1379 1760 1423 1800 in
1445 1759 1647 1800 omnibus
1670 1759 1776 1801 item

317 1822 514 1878 partibus
549 1820 758 1862 orationis
785 1820 945 1870 evenit,
969 1828 1018 1859 ut
1049 1818 1283 1859 utilitatem
1307 1833 1356 1858 ac
1381 1832 1513 1874 prope
1544 1818 1776 1859 necessita-

316 1889 401 1921 tem
420 1879 608 1921 suavitas
631 1878 828 1933 quaedam
851 1887 894 1917 et
917 1876 1038 1932 lepos
1061 1885 1367 1931 consequatur.
1415 1875 1638 1916 Clausulas
1660 1876 1777 1917 enim

316 1948 447 1993 atque
481 1937 759 1993 interpuncta
791 1936 1020 1976 verborum
1055 1933 1214 1974 animae
1249 1932 1498 1974 interclusio
1532 1943 1662 1988 atque
1698 1948 1776 1974 an-

312 1996 470 2053 gustiae
494 1995 670 2052 spiritus
694 1992 948 2034 attulerunt.
1009 1991 1114 2033 541d
1133 1993 1359 2032 inventum
1378 1991 1439 2031 ita
1459 2001 1525 2031 est
1547 2004 1692 2043 suave,
1711 2000 1774 2043 ut,

1063 2140 1111 2170 vit
1125 2140 1291 2171 Peareius.
1338 2139 1480 2170 Sustulit
1504 2139 1629 2180 primus
1650 2139 1773 2171 Grute-

1065 2193 1129 2213 ruS.
1174 2183 1218 2213 Et
1244 2183 1330 2223 sapit
1358 2183 1505 2222 profecto
1541 2182 1770 2222 glossatorem,

1064 2225 1270 2265 intelligique.
1295 2226 1466 2255 commode
1491 2236 1509 2255 e
1532 2225 1680 2266 proximo
1697 2229 1772 2266 pot-

355 2145 396 2176 52
417 2153 518 2184 quam
542 2141 705 2182 cavernoe]
733 2141 785 2172 Sic
811 2141 891 2172 Mss.
917 2141 1021 2171 etiam

311 2186 351 2217 E.
368 2191 403 2217 et
418 2186 491 2217 edd.
511 2196 558 2226 pr.
584 2195 649 2216 non
665 2186 799 2222 earinoe,
816 2183 903 2223 quod
916 2183 1020 2224 reperi

310 2230 455 2270 primum
472 2229 506 2259 in
530 2228 580 2258 ed.
606 2228 693 2268 Lips.
711 2233 789 2267 post
807 2228 847 2257 ab
861 2226 946 2257 Aldo
973 2236 1022 2256 re-

309 2279 445 2313 ceptum
472 2271 566 2301 venit'
586 2270 621 2300 in
643 2280 758 2300 omnes
784 2269 854 2300 edd.
892 2269 1021 2309 Nempe

310 2324 460 2345 cavernoe
485 2323 583 2353 quam
599 2313 666 2343 vim
693 2312 864 2349 haberent,
881 2321 946 2341 non
971 2312 1017 2341 vi-

309 2357 441 2388 derunt.
486 2357 573 2386 Sunt
595 2360 708 2385 autem
731 2355 839 2385 trabes
854 2355 1014 2384 laterum:

308 2399 466 2439 Virgilius
482 2399 560 2429 AEn.
575 2397 622 2435 ΙΙ,
640 2401 687 2432 19.
701 2402 804 2428 costas
820 2402 915 2427 vocat
930 2408 936 2425 ι
963 2396 1017 2426 ubi

308 2451 339 2472 v.
355 2442 497 2478 Servius,
515 2451 612 2480 quem
635 2440 688 2471 hie
714 2439 885 2470 commode
901 2439 1017 2469 attulit

308 2484 475 2521 Pearcius,
489 2484 543 2522 qui
558 2491 634 2514 ante
649 2492 708 2513 nos
726 2482 789 2513 hoc
805 2482 938 2512 verbum
965 2481 1018 2512 Ci-

307 2527 420 2557 ceroni
437 2527 469 2556 h.
484 2526 505 2556 1.
531 2526 688 2556 restituit.
735 2525 836 2555 Porro
860 2534 1020 2554 cavernas

308 2570 423 2600 cicero
452 2573 582 2609 poterat
611 2568 699 2598 inter
721 2573 830 2607 partes
852 2567 941 2597 navis
964 2576 1017 2596 eas

307 2612 440 2649 referre,
469 2620 542 2650 quae
564 2611 665 2640 etiam
689 2610 796 2650 specie
825 2610 1013 2650 placerent:

305 2654 393 2694 quod
418 2654 453 2684 in
482 2653 607 2683 carinas
635 2653 689 2682 vix
716 2652 816 2688 cadit,
846 2662 920 2691 quae.
948 2652 1015 2681 fere

304 2702 388 2727 totae
412 2696 503 2736 aquis
530 2704 645 2725 mersae
672 2700 762 2732 sunt,
788 2704 848 2725 nec
874 2699 953 2724 sunt
980 2694 1014 2723 in

302 2744 494 2780 conspectu.

346 2786 385 2813 53
413 2782 452 2812 In
479 2781 553 2811 coelo
578 2779 797 2818 statueretur]
832 2778 913 2808 Edd.
928 2782 1010 2809 vett.
1054 2777 1178 2808 hahent
1214 2777 1287 2808 edd.
1322 2784 1469 2807 veteres:

301 2825 402 2855 etiam
422 2824 567 2865 plerique
591 2823 670 2852 Mss.
696 2827 733 2852 ut
758 2821 825 2851 Erl.
849 2830 1010 2851 consensu
1054 2821 1210 2850 omissum
1250 2819 1392 2850 restitui.

1064 2275 1114 2299 est
1136 2270 1314 2307 templum,·
1352 2268 1438 2307 quod
1461 2274 1576 2298 tamen
1607 2267 1646 2298 de
1673 2268 1770 2308 Capi-

1060 2312 1144 2341 tolio
1174 2310 1369 2351 capiendum
1391 2315 1454 2347 est,
1480 2316 1518 2340 ut
1544 2310 1639 2341 facile
1665 2315 1769 2350 patet.

1062 2354 1218 2384 Ceterum
1251 2353 1458 2383 scribendum
1491 2361 1620 2392 semper
1653 2353 1768 2392 putavi

1061 2396 1251 2427 habiturum
1269 2405 1352 2426 esse:
1377 2405 1454 2425 nam
1477 2394 1631 2435 praeeedit
1645 2399 1770 2426 statue-

1059 2444 1167 2476 retur,
1184 2448 1251 2468 non
1266 2442 1428 2468 statutum
1440 2436 1577 2477 suisset.
1622 2436 1706 2467 Ecce
1721 2439 1768 2468 sic

1061 2481 1161 2512 habet
1193 2481 1256 2511 Ms.
1284 2480 1353 2510 Erl.
1378 2481 1476 2521 supra
1504 2480 1626 2520 scripto
1642 2479 1769 2519 ficisset

1062 2524 1236 2554 recentiori
1274 2533 1386 2553 manu.
1440 2522 1556 2560 ltaque
1591 2522 1636 2552 sic
1671 2521 1768 2554 edidi.

1061 2566 1136 2605 Quo
1152 2565 1224 2596 loco
1239 2566 1330 2595 veuit
1349 2567 1382 2594 in
1398 2569 1544 2594 mentem
1565 2564 1629 2594 loci
1642 2564 1768 2595 Aristo-

1060 2609 1193 2648 pl‘ianei,
1209 2607 1264 2638 ubi
1282 2608 1360 2638 dicit
1376 2606 1492 2646 aliquis
1508 2607 1541 2636 in
1556 2607 1769 2639 describenda

1058 2651 1218 2682 felicitate
1247 2649 1383 2686 coelesti,
1414 2659 1529 2679 omnes
1558 2647 1766 2681 habitaturo's

1058 2693 1155 2730 aedes,
1167 2702 1240 2732 quae
1253 2692 1383 2731 fastigia
1398 2691 1553 2723 habeant.

1098 2739 1138 2766 54
1161 2736 1204 2768 Id
1225 2736 1394 2765 inventum
1420 2736 1469 2764 ita
1494 2739 1540 2765 est
1563 2733 1676 2773 suave]
1702 2733 1767 2765 Est

1516 2777 1603 2816 quod
1638 2782 1763 2807 temere

1446 2819 1526 2849 Mox
1560 2820 1629 2850 sine
1666 2819 1766 2849 dubio

301 2867 355 2898 hic
371 2866 498 2898 addunt
526 2865 742 2907 Capitolium.-
771 2863 858 2904 quod
881 2873 1009 2895 revoca·
1053 2862 1265 2894 scribendum
1291 2863 1376 2893 idem
1399 2863 1500 2900 enim,
1517 2861 1568 2893 vel
1586 2862 1672 2893 idem
1695 2862 1765 2892 sine
