1945 3235
679 152 862 191 LIBER
903 153 1190 193 QUARTUS.
1573 160 1648 199 107

221 262 401 313 malunt,
415 274 544 317 quam
557 274 655 301 cum
672 257 833 299 multis.
887 256 1059 297 Etenim
1070 256 1344 297 vehementer
1355 266 1419 299 est
1436 259 1649 315 iniquum,

222 321 371 372 vitam,
394 334 523 375 quam
545 333 570 358 a
589 324 742 358 natura
771 324 993 370 acceptam
1023 323 1197 369 propter
1217 314 1399 368 patriam
1422 331 1649 359 conserva-

200 410 204 414 .
222 379 347 429 veris,
369 386 548 426 naturae,
569 388 668 416 cum
691 382 835 428 cogat,
862 372 1060 423 reddere;
1084 371 1249 427 patriae,
1271 385 1371 411 cum
1400 383 1537 428 roget,
1559 389 1647 416 non

202 436 344 477 dare:
368 443 412 475 et
433 447 530 474 cum
554 432 689 488 possis
711 445 811 471 cum
835 444 1002 469 summa
1030 429 1189 470 virtute
1217 437 1262 468 et
1288 428 1452 469 honore
1474 445 1550 485 pro
1572 445 1648 485 pa-

220 493 303 534 tria
325 492 510 540 interire,
532 489 657 530 malle
680 502 754 544 per
775 487 958 527 dedecus
980 496 1023 527 et
1044 485 1262 542 ignaviam
1284 486 1449 527 vivere:
1468 496 1525 537 et,
1547 503 1648 530 cum

222 565 300 606 pro
322 548 470 589 amicis
492 556 535 587 et
556 546 804 601 parentibus
831 553 875 584 et
895 544 1047 584 ceteris
1073 542 1323 584 necessariis
1345 543 1463 584 adire
1480 545 1648 599 pericu-

220 608 308 648 lum
332 606 449 656 velis,
480 619 558 660 pro
586 602 820 658 republica,
843 601 920 641 9in
939 616 1023 656 qua
1043 609 1086 641 et
1108 601 1218 652 haec,
1241 609 1284 641 et
1305 600 1407 641 illud
1431 601 1649 642 sanctissi-

221 679 341 705 mum
361 676 519 703 nomen
548 661 700 717 patriae
728 657 1019 709 continentur,
1040 658 1153 700 nolle
1175 659 1219 699 in
1237 658 1467 699 discrimen
1489 659 1648 700 venire.

222 721 374 776 Itaque
405 720 467 760 uti
498 716 838 759 contemnendus
869 725 947 768 est,
979 716 1053 771 qui
1083 716 1127 756 in
1158 716 1402 771 navigando
1435 730 1493 767 se,
1519 730 1650 771 quam

220 779 379 828 navim,
397 776 562 817 mavult
583 775 868 817 incolumem:
892 774 953 814 ita
974 773 1294 829 vituperandus,
1318 774 1392 828 qui
1414 773 1458 814 in
1476 773 1651 830 reipub-

202 835 315 879 *licae
338 834 599 884 discrimine,
622 847 710 874 suae
738 831 849 886 plus,
872 846 1002 886 quam
1034 830 1254 872 communi
1285 831 1426 881 saluti,
1449 830 1650 872 consulit.

221 892 346 934 Nave
367 892 483 933 enim
500 890 652 941 fracta,
674 889 798 931 multi
818 888 1054 930 incolumes
1075 896 1322 930 evaserunt:
1346 903 1400 929 ex
1423 888 1652 944 naufragio

220 950 371 1006 patriae
395 949 533 990 salvus
555 963 683 989 nemo
707 954 849 1003 potest
870 955 1057 987 enatare.
1117 946 1248 993 Quod
1269 945 1376 987 mihi
1398 946 1508 987 bene
1534 946 1652 986 vide-

202 1017 288 1048 *tur
311 1007 473 1048 Decius
495 1005 770 1055 intellexisse,
794 1003 867 1059 qui
887 1018 930 1044 se
952 1003 1174 1045 devovisse
1196 1004 1368 1054 dicitur,
1389 1012 1433 1044 et
1454 1018 1531 1059 pro
1542 1003 1653 1059 legi-

202 1065 376 1106 onibus
410 1064 455 1104 in
487 1063 632 1104 hostes
663 1062 890 1103 immisisse
919 1061 1109 1103 medios:
1135 1064 1172 1091 10
1185 1060 1298 1102 unde
1326 1061 1471 1102 amisit
1493 1061 1653 1113 vitam3

218 1131 264 1162 at
284 1137 372 1163 non
396 1121 597 1176 perdidit.
624 1123 657 1150 ll
673 1134 718 1160 re
737 1118 852 1159 enim
875 1118 1081 1159 vilissima
1101 1127 1262 1159 certam
1291 1126 1335 1159 et
1362 1133 1494 1174 parva
1513 1119 1655 1160 maxi-

207 1194 336 1220 <mam
354 1179 548 1219 redemit.
567 1177 687 1219 dedit
705 1177 854 1227 vitam,
873 1176 1042 1231 accepit
1057 1175 1241 1230 patriam
1257 1192 1265 1217 :
1289 1176 1434 1216 amisit
1451 1176 1654 1227 animam,

205 1237 384 1292 potitus
407 1246 470 1276 est
493 1236 644 1291 gloria,
667 1249 764 1290 quae
787 1247 886 1273 cum
910 1247 1075 1274 summa
1097 1233 1222 1274 laude
1249 1232 1421 1287 prodita
1442 1242 1655 1274 vetustate

202 1294 414 1349 -quotidie
445 1293 583 1348 magis
614 1291 826 1332 enitescit.
888 1290 1020 1336 Quod
1053 1291 1102 1341 si,
1136 1305 1214 1346 pro
1245 1289 1467 1346 republica
1498 1291 1655 1332 debere

218 1351 420 1392 accedere
442 1350 495 1391 ad
518 1349 771 1406 periculum,
794 1356 838 1387 et
860 1348 1025 1388 ratione
1052 1349 1393 1389 demonstratum
1415 1356 1493 1398 est,
1516 1357 1560 1388 et
1577 1363 1655 1389 ex-

219 1408 360 1463 emplo
379 1409 724 1463 comprobatum,
748 1406 777 1445 ii
801 1405 1014 1460 sapientes
1035 1414 1132 1446 sunt
1151 1405 1444 1456 existimandi,
1463 1406 1536 1460 qui
1558 1405 1654 1446 nul-

204 1465 307 1508 ,lum
325 1479 402 1521 pro
425 1466 560 1505 salute
581 1466 732 1520 patriae
753 1462 991 1517 periculum
1013 1463 1166 1504 vitant.
1215 1462 1268 1504 In
1286 1463 1352 1503 his
1372 1463 1505 1518 igitur
1524 1477 1652 1519 gene-
1664 1477 1715 1511 58

218 1523 336 1563 ribus
370 1522 582 1578 expolitio
612 1530 818 1571 versatur,
847 1520 899 1560 de
928 1535 1013 1575 qua
1048 1520 1247 1576 producti
1269 1535 1430 1572 surnUS,
1458 1529 1506 1561 ut
1533 1521 1655 1576 plura

216 1579 471 1630 diceremus,
491 1579 607 1634 quod
637 1594 724 1620 non
758 1577 903 1628 modo,
926 1593 1026 1618 cum
1048 1593 1221 1619 causam
1251 1578 1450 1629 dicimus,
1478 1578 1657 1633 adjuvat

216 1647 260 1678 et
280 1646 464 1678 exornat
485 1637 740 1687 orationem,
764 1635 836 1676 sed
867 1635 1003 1676 multo
1037 1636 1226 1676 maxime
1253 1650 1328 1691 per
1357 1650 1451 1676 eam
1482 1650 1657 1676 exerce-

216 1709 313 1735 mur
331 1695 384 1735 ad
406 1694 662 1736 elocutionis
685 1693 951 1734 facultatem.
997 1693 1142 1739 Quare
1164 1693 1394 1734 conveniet
1414 1702 1538 1733 extra
1555 1708 1657 1734 cau-

218 1767 308 1792 sam
330 1752 375 1792 in
392 1753 634 1793 exercendo
657 1751 843 1792 rationes
863 1751 1067 1791 adhibere
1089 1750 1386 1807 expolitionis,
1408 1750 1452 1790 in
1472 1750 1657 1792 dicendo

217 1809 296 1859 uti,
319 1823 419 1850 cum
441 1810 747 1850 exornabimus
770 1808 1207 1864 argumentationem,
1229 1809 1282 1849 de
1300 1823 1386 1864 qua
1402 1808 1593 1849 diximus
1611 1808 1657 1848 in

215 1865 327 1907 libro
351 1867 555 1907 secundo.

277 1922 576 1964 Commoratio
598 1933 676 1974 est,
705 1937 804 1964 cum
826 1922 870 1963 in
894 1923 990 1964 loco
1012 1922 1278 1974 firmissimo,
1300 1938 1386 1979 quo
1414 1931 1507 1963 tota
1527 1937 1656 1964 causa
1668 1925 1741 1976 45

207 1981 478 2032 continetur,
500 1990 698 2021 manetur
720 1980 897 2032 diutius,
920 1992 963 2021 et
985 1980 1137 2021 eodem
1157 1981 1314 2036 saepius
1336 1980 1513 2022 reditur.
1556 1980 1656 2022 Hac

216 2038 280 2078 uti
309 2039 500 2078 maxime
531 2037 749 2088 convenit,
771 2046 815 2078 et
844 2038 887 2078 id
909 2046 974 2078 est
996 2038 1177 2078 oratoris
1210 2038 1312 2078 boni
1343 2038 1534 2079 maxime
1556 2053 1656 2094 pro-

199 2095 371 2152 prium.
433 2096 534 2136 Non
565 2095 679 2136 enim
710 2095 836 2135 datur
866 2095 1052 2135 auditori
1084 2104 1274 2151 potestas
1305 2096 1497 2136 animum
1528 2095 1581 2136 de
1611 2110 1656 2136 re

214 2152 460 2193 firmissima
477 2152 741 2194 dimovendi.
803 2152 922 2193 Huic
941 2153 1191 2208 exemplum
1211 2153 1312 2194 satis
1332 2153 1534 2194 idoneum
1555 2153 1656 2194 sub-

206 2209 288 2265 jici
311 2225 399 2251 non
417 2211 576 2266 potuit,
599 2220 827 2266 propterea
845 2210 961 2265 quod
977 2210 1048 2251 hic
1068 2210 1186 2251 locus
1204 2225 1292 2251 non
1311 2219 1375 2252 est
1397 2225 1423 2251 a
1444 2219 1536 2252 tota
1554 2226 1655 2252 cau-

214 2282 260 2308 sa
294 2278 527 2324 separatus,
562 2268 689 2308 sicuti
722 2268 966 2308 membrum
996 2267 1186 2323 aliquod,
1215 2268 1289 2309 sed
1318 2277 1525 2324 tanquam
1559 2283 1655 2310 san-

196 2326 325 2381 'guis,
349 2324 545 2381 perfusus
568 2334 633 2366 est
654 2339 730 2381 per
752 2334 894 2365 totum
918 2339 1073 2381 corpus
1097 2325 1320 2367 orationis.

275 2382 513 2424 Contentio
535 2393 613 2433 est,
636 2397 712 2438 per
729 2397 860 2437 quam
882 2383 1099 2424 contraria
1120 2382 1377 2425 referuntur.
1438 2382 1503 2424 Ea
1524 2391 1589 2424 est
1610 2383 1654 2423 in

212 2441 446 2481 verborum
465 2440 837 2490 exornationibUS,
861 2449 910 2481 ut
928 2449 1027 2481 ante
1041 2440 1281 2491 docuimus,
1304 2441 1516 2496 ejusmodi
1533 2457 1542 2482 :
1564 2439 1655 2482 Ini-

215 2497 340 2538 micis
364 2506 406 2538 te
437 2497 707 2552 placabilem,
734 2497 884 2538 amicis
919 2497 1233 2539 inexorabilem
1261 2499 1452 2554 praebes:
1477 2497 1530 2538 In
1560 2512 1655 2540 sen-

254 2614 273 2644 9
290 2611 333 2641 In
344 2621 410 2651 qua
429 2616 460 2643 ec
475 2614 553 2649 hoec,
573 2616 604 2642 et
622 2611 710 2642 illud
728 2611 801 2651 &c.]
828 2611 910 2643 Hcec
999 2615 1032 2642 11
1052 2612 1102 2643 Re
1115 2613 1201 2642 enim
1214 2613 1372 2642 vilissima
1383 2617 1519 2649 certam,
1534 2616 1566 2643 et
1571 2621 1655 2652 par-

211 2653 271 2682 int.
286 2659 451 2693 parentes,
467 2654 555 2690 libri,
570 2656 724 2695 conjuges
737 2655 795 2684 &c.
831 2655 910 2684 Sen-
951 2664 996 2684 va
1022 2655 1232 2694 maa-imam]
1272 2655 1324 2685 Sic
1350 2665 1426 2685 cum
1460 2655 1590 2685 Graevio
1619 2660 1656 2685 et

212 2697 320 2725 tentia
338 2701 389 2726 est
400 2697 494 2727 valde
514 2698 638 2727 usitata
651 2696 825 2727 veteribus.
870 2697 911 2727 In
954 2697 1103 2727 Oudend.
1126 2707 1144 2727 e
1160 2697 1250 2727 libris
1271 2697 1405 2738 optimis
1421 2698 1568 2738 rescripsi
1594 2707 1655 2737 pro

211 2737 354 2777 vulgatis
367 2743 418 2769 est
431 2741 503 2769 hee:
516 2739 572 2769 sed
585 2739 667 2769 illud
681 2740 758 2769 boni
775 2739 910 2770 Codices
953 2740 1042 2778 xulg.
1059 2750 1088 2769 r.
1103 2749 1130 2770 e.
1146 2740 1305 2771 vilissima
1319 2744 1351 2770 et
1364 2749 1532 2780 perparva
1547 2741 1654 2770 maxi-

213 2784 248 2810 et
263 2780 315 2810 ed.
335 2783 426 2813 1474.
440 2781 573 2811 habent.
955 2792 1059 2819 mam,
1084 2790 1123 2812 ut
1146 2787 1180 2813 et
1204 2783 1254 2813 ed.
1283 2782 1456 2813 Cratandri
1482 2783 1594 2818 habet,
1620 2786 1655 2812 et

256 2824 294 2852 10
327 2821 420 2852 Unde
453 2825 564 2854 amisit
597 2823 729 2863 vitam]
767 2824 912 2855 Restitui
955 2830 1034 2854 sunt
1050 2825 1114 2856 ista
1131 2825 1201 2856 sine
1216 2825 1316 2855 dubio
1331 2825 1480 2862 meliora,
1495 2831 1534 2855 ut
1549 2825 1656 2864 quivis

209 2864 308 2902 unde,
329 2865 417 2904 quod
437 2870 471 2896 et
494 2867 608 2906 scripti
629 2876 723 2907 paene
743 2876 856 2896 omnes
879 2872 914 2897 et
955 2867 1076 2897 sentire
1097 2873 1221 2908 potest:
1237 2867 1293 2898 sed
1315 2874 1429 2898 tamen
1443 2868 1601 2898 vilissima
1621 2871 1658 2896 et

206 2906 281 2937 edd.
296 2916 345 2947 pr.
369 2906 503 2937 habent.
547 2909 699 2950 Abrupta
717 2909 823 2940 oratio
845 2918 913 2939 non
955 2914 1046 2941 cerea
1060 2919 1110 2941 res
1124 2919 1192 2952 non
1208 2915 1361 2942 accurate
1373 2914 1600 2951 opponuntur.

212 2950 369 2980 convenit
380 2949 457 2980 huic
472 2949 554 2981 loco.
