1945 3235
655 106 844 147 LIBER
876 105 1119 146 PRIMUS.
1531 115 1611 150 253

167 220 292 269 gestu
325 212 538 269 peccavit,
559 227 646 254 non
677 212 886 254 continuo
916 211 1190 252 existimatur
1220 213 1384 254 nescire
1414 224 1613 271 gestum·
1603 249 1615 270 ,

168 285 293 334 cujus
313 281 455 312 autem
481 272 522 312 in
545 271 728 311 dicendo
752 270 910 325 aliquid
934 269 1236 325 reprehensum
1261 281 1338 319 est,
1362 283 1435 312 aut
1454 283 1616 315 aeterna

170 341 214 368 m
253 342 320 380 eo,
358 339 432 369 aut
468 338 584 370 certe
625 328 828 369 diuturna
861 327 974 368 valet
1016 341 1166 382 opinio
1200 303 1698 378 tarditiitis.lllu‹128

169 398 285 437 vero,
308 387 423 441 quod
446 402 471 427 a
494 395 535 426 te
556 385 720 426 dictum
753 394 832 435 est,
863 399 954 426 esse
978 384 1204 446 permulta,
1238 399 1334 439 quae
1368 396 1511 427 orator
1533 388 1703 435 11131106

168 457 194 483 a
229 454 382 484 natura
424 443 614 494 haberet,
650 456 736 483 non
780 441 962 483 multum
997 457 1021 482 a
1062 452 1270 497 magistro
1311 442 1614 497 adjuvaretur:

168 500 292 541 valde
314 501 393 541 tibi
417 501 640 550 assentior,
664 501 793 554 inque
815 514 866 540 eo
891 500 956 539 vel
979 499 1168 540 maxime
1192 500 1370 554 probavi
1401 515 1619 543 summum

169 556 288 598 illum
322 558 560 607 doctorem,
582 556 929 598 Alabandensem
950 556 1247 613 Apollonium,
1271 558 1359 612 qui,
1383 573 1482 598 cum
1508 572 1620 599 mer-

168 616 274 657 cede
303 615 491 666 doceret,
526 625 669 655 tamen
701 630 785 655 non
829 615 1087 671 patiebatur,
1126 629 1213 665 603,
1249 630 1356 670 quos
1389 615 1621 670 judicabat

167 686 254 714 non
299 687 423 728 posse
467 682 658 713 oratores
700 672 895 723 evadere,
937 686 1112 728 operam
1150 673 1264 728 apud
1299 687 1389 713 sese
1427 673 1618 729 perdere,

167 729 526 785 dimittebatque:
578 739 621 770 et
661 733 698 764 91
718 730 771 770 dd
812 744 941 784 qiam
993 744 1208 785 quemque
1259 739 1392 770 artem
1436 732 1661 786 putabatb.

167 801 260 828 esse
294 796 460 843 aptum,
495 787 547 828 ad
580 801 674 828 eam
712 787 930 842 impellere
963 797 1092 843 atque
1132 787 1293 828 hortari
1330 788 1508 829 solebat.
1542 789 1618 830 Sa·
1634 799 1708 838 127

169 845 224 885 tis
247 855 312 886 est
341 845 455 886 enim
488 846 640 886 ceteris
675 845 844 885 altificii
836 861 868 885 3
904 845 1208 901 percipiendis,
1239 846 1540 886 tantummodo
1564 847 1620 887 si-

169 902 316 944 milem
339 917 430 944 esse
452 902 666 954 hominis·
699 912 741 943 et
775 903 833 952 id,
856 903 970 958 quod
994 903 1200 953 tradatur,
1236 903 1301 944 vel
1330 903 1460 944 etiam
1486 904 1623 945 incul-

168 969 304 1011 cetur,
336 961 369 1001 si
403 961 499 1016 quis
530 960 642 1001 forte
675 961 729 1000 sit
760 960 934 1010 tardior,
969 975 1094 1016 posse
1132 960 1351 1016 percipere
1384 961 1546 1013 animo,
1579 972 1624 1003 et

169 1018 379 1059 memoiia
400 1019 632 1060 custodirsse
656 1033 742 1058 non
766 1019 974 1073 quaeritui
999 1018 1217 1059 mobilitas
1241 1019 1418 1075 linguae,
1442 1034 1527 1061 non
1552 1034 1622 1061 ce-

166 1074 312 1116 leritas
335 1076 579 1127 verborum,
601 1090 689 1116 11011
713 1076 898 1130 denique
929 1090 992 1126 ea,
1015 1090 1112 1130 quae
1138 1076 1262 1116 nobis
1285 1091 1372 1116 non
1394 1091 1623 1132 possumus

169 1132 348 1189 fingere,
382 1133 534 1184 faties,
566 1134 724 1197 vultus,
766 1147 910 1174 sonus.
974 1132 1025 1174 In
1059 1143 1229 1174 0131016
1262 1143 1405 1174 autem
1440 1149 1620 1176 acumen
1638 1146 1711 1181 128

169 1190 510 1241 dialecticorum,
542 1191 767 1232 sententiae
799 1190 1175 1247 philosophoiQum
1199 1191 1329 1231 velba
1361 1205 1494 1247 prope
1518 1193 1624 1247 1106-

170 1257 326 1300 tarum,
350 1248 1000 1304 memor-iajurisconsultmffum
1025 1264 1110 1289 vox
1136 1248 1452 1304 t1·agoed01·,um
1477 1259 1624 1305 gestus

167 1320 293 1362 paene
334 1321 600 1347 summorum
633 1315 830 1347 aetorum
865 1315 929 1346 est
968 1306 1265 1370 requirendus.
1326 1306 1626 1353 Quamobrem

168 1363 277 1405 nihil
313 1363 356 1404 in
386 1363 612 1404 hominum
650 1378 806 1420 gemere
839 1363 973 1404 rarius
1005 1363 1199 1420 perfecto
1237 1372 1407 1405 or·at01e
1441 1364 1625 1406 inveniri

168 1430 327 1485 potest.
358 1436 455 1477 quae
478 1422 593 1462 enim
617 1421 884 1478 singularum
910 1435 1049 1462 rerum
1072 1421 1260 1462 a1tifices
1284 1422 1455 1478 singula
1477 1423 1510 1463 si
1536 1437 1625 1463 me-

167 1478 372 1520 diocriter
393 1479 538 1535 adepti
563 1488 677 1531 sunt,
687 1456 954 1535 probantur,
973 1494 1037 1531 ea,
1061 1479 1142 1520 nisi
1166 1479 1313 1520 omnia
1335 1495 1503 1521 summa
1525 1489 1626 1522 sunt

168 1536 212 1578 in
235 1547 419 1588 oratore,
443 1537 616 1592 probari
640 1552 726 1577 non
749 1547 944 1601 possunt.

225 1592 338 1635 Tum
376 1594 571 1645 Crassus,
607 1593 743 1650 Atqui
779 1594 890 1645 vide,
923 1593 1080 1649 inquit,
1117 1594 1160 1634 in
1189 1594 1374 1636 artifieio
1415 1609 1623 1651 perquam
1640 1606 1714 1641 129

167 1652 288 1693 tenui
312 1661 356 1693 et
381 1651 479 1702 levi,
509 1661 673 1707 quanto
708 1651 802 1709 plus
836 1652 1094 1693 adhibeatur
1127 1651 1383 1708 diligentiae,
1415 1668 1545 1708 quam
1579 1654 1625 1695 in

167 1710 250 1752 hac
272 1724 332 1761 re,
354 1724 484 1766 quam
506 1719 677 1751 constat
698 1725 790 1750 esse
812 1710 1063 1751 maximam·
1127 1710 1253 1766 Saepe
1272 1711 1387 1751 enim
1411 1711 1527 1752 soleo
1550 1726 1626 1752 au-

168 1768 260 1808 dire
284 1767 509 1818 Roscium,
540 1782 638 1808 cum
672 1768 733 1808 ita
754 1768 883 1811 dieat,
910 1782 953 1807 se
975 1767 1116 1808 adhuc
1140 1769 1326 1824 reperire
1347 1768 1626 1825 discipulum,

167 1839 294 1881 quem
331 1825 506 1881 quidem
540 1826 756 1881 probaret,
791 1825 983 1882 potuisse
1019 1825 1261 1867 neminem:
1294 1840 1382 1866 non
1416 1841 1503 1881 quo
1537 1841 1626 1869 non

167 1891 309 1924 essent
344 1883 521 1938 quidam
556 1883 816 1938 probabiles,
847 1883 919 1924 sed
955 1882 1072 1937 qui-2,
1103 1882 1137 1922 si
1171 1883 1334 1947 aliquid
1358 1884 1488 1924 modo
1511 1894 1624 1926 esset

167 1941 279 1991 vitii,
302 1940 345 1981 id
364 1940 428 1981 tei
433 1954 474 1980 re
497 1954 588 1996 ipse
611 1955 697 1981 non
722 1949 880 1996 posset.
943 1939 1066 1981 Nihil
1088 1948 1152 1981 est
1184 1941 1300 1981 enim
1325 1950 1412 1981 tun
1436 1941 1621 1999 insigne,

167 2012 248 2040 nec
271 2008 359 2039 tam
382 1998 435 2039 ad
458 1998 790 2039 diuturnitatem
813 1997 1034 2039 memoriae
1059 2007 1109 2039 st·
1102 1998 1227 2048 while,
1250 2013 1378 2053 quam
1396 1999 1452 2049 id,
1467 2000 1510 2040 in
1533 2015 1621 2056 quo

167 2055 330 2111 aliquid
353 2055 600 2097 offenderis.
663 2055 817 2111 Itaque
840 2064 888 2096 ut
910 2056 961 2097 ad
989 2055 1098 2096 hanc
1131 2055 1460 2098 similitudinem
1493 2057 1621 2114 hujus
1637 2071 1714 2105 130

165 2113 404 2165 histrionis,
443 2113 677 2154 oratoriam
718 2113 888 2154 laudem
930 2113 1184 2169 dirigamuS,
1223 2113 1449 2166 videtisne,
1491 2130 1621 2171 quam

166 2171 274 2212 nihil
294 2171 350 2212 ab
383 2185 450 2222 eo,
473 2171 553 2212 nisi
586 2170 792 2228 perfecte,
816 2170 925 2212 nihil
956 2171 1039 2212 nisi
1073 2187 1170 2212 cum
1206 2186 1375 2213 summa
1398 2183 1623 2215 venustate

168 2229 268 2271 fiat?
299 2228 408 2270 nihil
427 2228 509 2269 nisi
534 2230 608 2280 ita,
635 2238 679 2270 ut
701 2229 867 2280 deceat,
885 2238 928 2270 et
948 2229 1010 2270 uti
1033 2244 1182 2270 omnes
1202 2240 1375 2270 moveat
1396 2240 1527 2286 atque
1549 2232 1624 2272 de-

166 2285 325 2328 lectet?
357 2285 512 2342 Itaque
542 2286 812 2341 hocjamdiu
845 2296 911 2327 est
943 2297 1217 2337 consecutus,
1240 2295 1302 2338 ut,
1326 2288 1367 2328 in
1391 2303 1477 2343 quo
1507 2289 1626 2344 quis-

166 2358 250 2399 que
282 2344 468 2386 artificio
501 2345 745 2395 excelle1·‚et
772 2344 806 2385 is
832 2344 875 2385 in
907 2360 983 2385 3110
1004 2358 1160 2401 genere
1185 2344 1370 2391 Roscius
1393 2347 1623 2388 dicerentur

169 2400 299 2444 Hanc
330 2416 414 2458 ego
448 2377 767 2443 absolutionem
802 2400 1203 2458 perfectionemque
1233 2403 1274 2443 in
1309 2412 1480 2444 oritore
1512 2404 1626 2445 desi-

167 2459 334 2511 derans,
364 2475 497 2524 aqua
530 2460 622 2524 ipse
653 2459 784 2516 lonoe
825 2461 993 2511 absum,
1027 2460 1141 2501 facio
1174 2460 1472 2516 impudenter:
1515 2462 1624 2503 mihi

167 2517 281 2557 enim
305 2517 435 2559 volo
427 2532 610 2574 ignosm,
633 2520 786 2559 ceteris
810 2517 902 2573 ipse
921 2533 1006 2558 non
1031 2517 1230 2573 ignosco.
1292 2518 1408 2560 Nam
1438 2519 1512 2574 qui
1537 2534 1625 2561 non

170 2583 328 2630 potest,
350 2575 424 2630 qui
447 2576 603 2617 vitiose
626 2575 745 2626 facit,
768 2590 897 2631 quem
928 2575 1115 2630 denique
1146 2590 1233 2616 non
1255 2575 1394 2627 decet,
1417 2576 1534 2618 hunc
1556 2581 1626 2630 (ut

169 2630 645 2690 Apolloniusjubebat)
668 2633 721 2675 ad
744 2633 802 2686 id,
824 2633 940 2690 quod
964 2632 1105 2675 facere
1128 2634 1280 2690 possit,
1305 2634 1625 2676 detrudendum

169 2698 291 2745 puto.

7 2390 15 2446 1

6 2450 15 2527 l

4 2643 15 2723 :s—.«⁷
8 2617 14 2632 Α,
11 2529 15 2604 1,-

214 2838 255 2870 97
278 2836 325 2866 ad
350 2846 451 2876 quam
474 2847 631 2878 quemque
656 2836 790 2877 artem]
822 2837 875 2868 Sic
918 2847 1159 2887 quaeincttnque.
1201 2838 1304 2869 Recte
1321 2839 1443 2880 recepit
1460 2839 1570 2869 Pearci
1563 2848 1624 2876 ius,

169 2877 241 2909 edd.
267 2888 292 2909 s.
319 2878 341 2909 1.
367 2884 400 2911 et
422 2890 452 2911 a.
477 2880 566 2912 Med.
592 2881 667 2912 Asc.
693 2880 783 2922 Lips.
815 2890 875 2922 pro
919 2890 976 2919 qui
991 2885 1025 2911 et
1042 2890 1158 2921 rpem
1176 2881 1303 2921 aliquot
1316 2881 1388 2912 edd.
1404 2891 1454 2922 pr.
1472 2883 1603 2922 reperit

1365 3037 1379 3054 k
