1945 3235
739 137 1011 177 BRUTUS.
1516 146 1593 186 473

153 239 237 283 iius
259 246 453 299 putaret?
483 244 544 285 At
566 257 680 294 vero,
703 250 750 284 ut
771 250 922 284 contra
945 241 1124 282 Crassus
1146 243 1201 283 ab
1223 244 1493 288 adolescente
1515 248 1590 289 de·
1603 246 1674 295 53

157 298 302 352 licato,
324 302 398 357 qui
421 302 465 343 in
488 301 612 342 litore
634 300 857 341 ambulans
885 298 1093 341 scalmum
1124 301 1364 355 reperisset,
1387 305 1443 345 ob
1474 319 1590 346 eam-

155 371 239 411 que
269 373 358 400 rem
390 359 603 401 aedificare
623 372 777 399 navem
797 356 1131 412 concupivisset,
1152 371 1331 398 exorsus
1351 370 1439 402 est:
1473 364 1591 403 simi-

158 413 255 456 liter
286 417 526 458 Scaevolam
556 431 610 457 ex
634 430 720 456 uno
752 415 912 456 scalmo
942 414 1173 470 captionis,
1196 417 1592 474 centumviraleju-

156 472 319 515 dicium
339 474 587 515 hereditatis
609 472 824 523 effecisse3
860 475 896 505 19
910 471 992 512 hoc
1015 473 1058 512 in
1079 471 1150 513 illo
1175 473 1300 514 initio
1322 485 1594 527 consecutus,

154 531 301 572 multis
317 532 509 587 ejusdem
531 530 698 586 generis
721 529 943 570 sententiis
966 529 1210 581 delectavit,
1229 531 1481 586 animosque
1502 547 1595 573 om-

156 588 291 640 nium,
324 589 397 644 qui
440 589 630 638 aderant,
667 587 713 627 in
751 586 1012 627 hilaritatem
1049 602 1073 627 a
1113 588 1340 629 severitate
1380 589 1594 631 traduxit:

152 646 271 699 quod
292 658 356 686 est
379 659 510 687 unum
533 659 587 685 ex
610 644 764 696 tribus,
786 659 882 700 quae
905 644 998 686 dixi
1020 646 1074 686 ab
1098 655 1267 687 oratore
1285 646 1398 687 effici
1422 646 1593 688 debere.

155 700 324 744 Deinde
346 702 428 743 hoc
449 702 632 743 voluisse
647 716 760 753 eum,
774 703 848 758 qui
869 711 1174 743 testamentum
1195 703 1380 755 fecisset,
1393 703 1477 745 hoc
1501 720 1595 745 sen-

152 759 270 811 sisse,
294 775 470 815 quoquo
500 761 631 801 modo
656 760 768 801 filius
791 774 876 801 non
908 769 1034 811 esset,
1055 760 1130 815 qui
1149 761 1242 800 ‘20in
1263 776 1384 802 suam
1416 763 1594 804 tutelam

152 817 351 868 venisset,
375 818 465 858 sive
487 832 574 858 non
595 826 736 869 natus,
756 818 844 858 sive
866 826 966 858 ante
987 829 1198 870 mortuus,
1223 816 1380 859 Curius
1401 818 1522 861 heres
1546 830 1594 861 ut

148 883 285 916 esset:
318 875 379 915 ita
400 875 585 916 scribere
617 875 854 931 plerosque,
878 884 922 915 et
953 875 996 916 id
1019 875 1171 927 valere,
1193 885 1237 916 et
1271 876 1452 918 valuisse
1481 892 1593 918 sem-

149 945 240 987 per.
302 931 413 973 Haec
435 943 477 974 et
502 933 636 974 multa
656 932 867 988 ejusmodi
900 933 1061 983 dicens,
1082 933 1210 974 fidem
1234 932 1442 976 faciebat:
1475 936 1590 991 quod

149 997 215 1030 est
232 1004 287 1031 ex
312 990 447 1031 tribus
472 992 653 1032 oratoris
677 991 832 1032 officiis
855 990 1051 1031 alterum.
1115 990 1285 1032 Deinde
1318 1007 1491 1048 aequum
1517 994 1590 1034 bo·
1606 992 1681 1028 198

148 1060 253 1088 num
289 1058 638 1089 testamentorum
673 1049 904 1089 sententias
940 1049 1269 1104 voluntatesque
1304 1059 1467 1090 tutatus
1500 1062 1587 1093 est:

145 1115 311 1159 quanta
330 1115 442 1146 esset
464 1107 507 1146 in
532 1107 672 1147 verbis
703 1107 862 1162 captio,
883 1120 982 1146 cum
1014 1106 1058 1146 in
1082 1109 1234 1148 ceteris
1267 1108 1408 1158 rebus,
1433 1119 1524 1149 tum
1548 1109 1592 1150 in

148 1164 431 1215 testamentis,
461 1165 495 1204 si
519 1163 838 1220 negligerentur
869 1163 1136 1207 voluntates:
1172 1175 1378 1220 quantam
1410 1166 1492 1206 sibi
1515 1181 1593 1223 po-

148 1221 328 1262 tentiam
353 1221 550 1263 Scaevola
579 1231 828 1271 assumeret,
862 1222 893 1261 si
924 1236 1051 1262 nemo
1084 1222 1260 1263 auderet
1284 1233 1591 1265 testamentum

146 1277 288 1319 facere
309 1289 472 1335 postea,
506 1279 586 1319 uisi
609 1279 662 1320 de
683 1279 794 1319 illius
819 1280 1047 1320 sententia.
1111 1279 1223 1321 Haec
1255 1295 1352 1321 cum
1387 1281 1592 1337 graviter,

147 1345 241 1376 tum
273 1338 327 1378 ab
358 1337 568 1392 exemplis
599 1337 790 1392 copiose,
814 1347 904 1378 tum
929 1337 1058 1388 varie,
1080 1347 1171 1378 tum
1195 1338 1326 1378 etiam
1349 1339 1527 1380 ridicule
1550 1349 1594 1380 et

147 1393 286 1434 facete
322 1394 560 1450 explicans,
582 1409 675 1435 eam
699 1394 1028 1435 admirationem
1063 1396 1441 1452 assensionemque
1473 1411 1593 1438 com-

145 1452 298 1502 movit,
320 1452 482 1493 dixisse
503 1463 549 1493 ut
571 1461 722 1493 contra
752 1466 879 1493 nemo
913 1453 1142 1495 videretur.
1205 1452 1306 1494 Hoc
1336 1464 1428 1495 erat
1449 1463 1593 1496 orato-

146 1509 204 1549 ris
228 1510 419 1551 officium
444 1510 677 1565 partitione
700 1510 891 1561 tertium,
914 1524 1070 1565 genere
1091 1511 1348 1553 maximum.
1411 1511 1500 1554 Hic
1522 1512 1594 1554 ille

143 1566 198 1608 de
229 1568 390 1624 populo
415 1567 571 1622 judex,
605 1568 676 1622 qui
713 1569 941 1622 separatim
976 1567 1154 1609 alterum
1196 1568 1431 1610 admiratus
1465 1580 1592 1621 esset,

146 1624 276 1675 idem,
306 1626 455 1667 audito
493 1625 640 1676 altero,
665 1625 883 1680 judicium
915 1640 1039 1666 suum
1072 1636 1384 1669 contemneret.
1415 1637 1460 1668 at
1491 1642 1592 1669 vero

144 1682 390 1738 intelligens
409 1694 452 1724 et
471 1682 639 1734 doctus,
663 1682 838 1723 audiens
863 1683 1118 1734 Scaevolam,
1143 1684 1322 1724 sentiret
1340 1699 1432 1725 esse
1454 1685 1591 1740 quod-

143 1740 244 1780 dam
268 1741 438 1781 uberius
458 1740 628 1782 dicendi
651 1755 786 1797 genus
806 1750 850 1781 et
870 1741 1078 1782 ornatius.
1138 1740 1208 1782 Ab
1231 1751 1412 1797 utroque
1428 1753 1588 1793 autem,
1602 1746 1634 1776 b·

142 1812 273 1839 causa
304 1808 515 1855 perorata,
544 1799 577 1839 si
600 1807 877 1854 quaereretur,
908 1809 1001 1839 uter
1036 1810 1260 1855 praestaret
1282 1810 1440 1851 orator,
1465 1815 1589 1841 num-

140 1870 273 1911 quam
294 1856 489 1912 profecto
512 1856 947 1912 sapientisjudicium
979 1872 1005 1897 a
1027 1857 1198 1912 judicio
1231 1857 1348 1914 vulgi
1371 1858 1587 1915 discrepa-

142 1922 222 1954 ret.
283 1914 373 1961 Qui
406 1924 582 1970 praestat
603 1914 737 1970 igitur
758 1914 1001 1970 intelligens
1037 1915 1265 1971 imperito?
1297 1930 1456 1972 magna
1477 1931 1521 1956 re
1543 1925 1586 1957 et
1600 1901 1672 1952 54

142 1972 332 2014 difficili:
366 1972 399 2012 si
423 1972 597 2027 quidem
622 1986 829 2028 inagnum
859 1981 923 2013 est
945 1972 1066 2023 scire,
1090 1973 1246 2028 quibus
1277 1974 1403 2014 rebus
1425 1973 1586 2015 efficia·
1602 1976 1675 2011 199

144 2039 228 2082 tur,
260 2030 537 2070 amittaturve
559 2030 742 2070 dicendo
773 2029 876 2070 illud
899 2030 1107 2086 quidquid
1131 2040 1210 2082 est,
1233 2030 1348 2085 quod
1372 2041 1447 2072 aut
1473 2031 1587 2073 effici

141 2088 328 2129 dicendo
359 2097 546 2144 oportet,
582 2098 656 2128 aut
685 2087 826 2128 amitti
865 2102 949 2129 uon
983 2098 1170 2144 oportet.
1243 2088 1427 2130 Praestat
1456 2089 1588 2130 etiam

143 2145 217 2186 illo
239 2146 393 2187 doctus
424 2146 594 2186 auditor
623 2145 815 2196 indocto,
846 2145 961 2200 quod
987 2161 1117 2203 saepe,
1140 2161 1238 2187 cum
1265 2157 1456 2187 oratores
1483 2147 1586 2198 duo,

142 2213 218 2244 aut
246 2203 387 2260 plures
422 2202 570 2259 populi
597 2203 768 2258 judicio
803 2204 1055 2259 probantur,
1091 2204 1207 2259 quod
1241 2204 1411 2245 dicendi
1451 2219 1588 2262 genus

144 2262 359 2317 optimum
396 2262 465 2312 sit,
501 2261 718 2315 intelligit.
757 2276 853 2302 uam
883 2261 1002 2313 illud,
1034 2262 1150 2317 quod
1186 2261 1347 2318 populo
1378 2277 1464 2303 non
1488 2277 1587 2318 pro-

144 2319 286 2371 batur,
318 2333 371 2360 ne
395 2318 651 2375 intelligenti
688 2319 862 2373 quidem
894 2321 1053 2360 oratori
1088 2320 1259 2375 probari
1295 2330 1452 2375 potest.
1525 2320 1587 2361 Ut

141 2377 258 2418 enim
289 2391 345 2417 ex
377 2390 603 2417 nervorum
637 2390 742 2417 sono
774 2377 817 2417 in
851 2377 1023 2428 fidibus,
1046 2392 1173 2432 quam
1198 2378 1382 2418 scienter
1403 2378 1440 2417 ei
1475 2377 1583 2433 pulsi

144 2435 244 2485 sint,
267 2433 450 2489 intelligi
484 2434 616 2475 solet:
649 2434 709 2474 sic
744 2449 799 2475 ex
834 2434 1075 2475 animorum
1101 2445 1218 2475 motu
1245 2435 1449 2485 cernitur,
1481 2435 1585 2490 quid

144 2492 378 2534 tractandis
409 2491 476 2532 his
507 2491 703 2547 perficiat
732 2501 890 2532 orator.
953 2491 1106 2547 [taque
1138 2492 1381 2548 intelligens
1413 2492 1674 2534 dicendieoo

142 2549 429 2599 existimator,
452 2564 540 2590 non
571 2549 776 2599 assidens,
799 2560 840 2590 et
874 2559 1038 2590 attente
1062 2550 1254 2600 audiens,
1278 2551 1349 2591 sed
1387 2565 1473 2591 uno
1511 2551 1585 2592 ad-

143 2617 308 2664 spectu,
329 2618 373 2648 et
391 2607 655 2663 praeteriens,
677 2608 730 2648 de
748 2616 916 2648 oratore
945 2622 1060 2663 saepe
1075 2607 1260 2663 judicat.
1323 2607 1452 2649 Videt
1473 2609 1586 2649 osci·

187 2733 225 2765 19
248 2733 304 2762 hoc
325 2733 361 2762 in
382 2733 437 2763 illo
450 2734 541 2763 initio
557 2732 756 2772 consecutus]
782 2732 839 2762 Vi·
882 2732 965 2762 Ven.
989 2732 1077 2762 Med.
1102 2738 1200 2763 reete.
1246 2734 1298 2764 Sic
1325 2734 1436 2775 paullo
1459 2739 1536 2764 ante
1559 2744 1587 2763 e.

142 2774 240 2805 detur
255 2775 369 2805 melius
379 2776 414 2805 in
428 2775 539 2807 deleri.
586 2777 671 2807 Cum
688 2776 748 2805 linc
763 2785 840 2805 con·
885 2776 935 2805 5⁶2.
958 2775 1138 2814 vulgatum
1152 2777 1274 2807 veniret
1285 2777 1324 2807 ab
1337 2777 1420 2807 Aldo
1435 2782 1469 2806 et
1483 2776 1503 2806 J
1507 2782 1589 2805 unta

141 2823 274 2847 secutus
296 2822 393 2854 esset,
416 2818 586 2855 effecisset,
611 2819 668 2849 illo
684 2817 780 2848 initio
794 2817 842 2848 fa·
885 2817 971 2847 male
999 2817 1185 2849 inductum.
1238 2819 1380 2850 Venisset
1407 2819 1508 2850 etiam
1533 2818 1591 2849 Vi·-

145 2864 234 2894 tem,
246 2860 347 2890 etiam
363 2859 486 2899 reliqua
499 2862 647 2891 oratione
670 2860 789 2891 effecit.
886 2859 1010 2890 ctorius
1025 2860 1138 2892 edidit.

186 2903 227 2933 270
246 2903 280 2932 in
291 2911 387 2933 suam
399 2905 537 2934 tutelam
552 2903 700 2944 venisset]
726 2902 779 2933 Sic
791 2901 842 2934 ed.
