1945 3235
324 157 402 197 242

849 162 931 202 DE
957 160 1249 203 ORATORE

328 261 547 314 facultate,
571 276 657 306 non
676 265 850 317 rustica,
872 268 1090 324 scripsisse.
1109 267 1334 324 praeclare:
1367 266 1471 322 quid
1490 273 1568 318 est,
1586 281 1662 309 cur
1684 282 1770 310 non

329 329 474 360 orator
514 320 567 361 de
598 323 722 363 rebus
753 323 803 363 iis
836 324 1185 380 eloquentissime
1215 325 1345 375 dicat,
1377 338 1482 378 quas
1515 324 1567 365 ad
1607 335 1768 366 certain

266 390 503 427 70causam
540 388 794 435 tempusque
830 383 1057 438 cognorit?
1093 381 1168 422 Est
1205 383 1319 422 enim
1359 380 1569 421 finitimus
1607 383 1769 423 oratori

330 433 475 490 poeta,
507 438 693 478 numeris
723 438 967 480 adstrictior
991 439 1131 495 paulo,
1164 440 1391 479 verborum
1422 447 1566 479 autem
1598 437 1773 480 licentia

330 491 517 543 liberior,
549 494 694 535 multis
737 509 836 536 vero
878 497 1055 537 ornandi
1097 496 1326 552 generibus
1366 496 1522 546 socius,
1553 510 1603 536 ac
1648 509 1771 550 paene

219 565 242 598 p
265 558 431 612 91·par:
463 550 505 590 in
539 551 623 592 hoc
656 552 829 606 quidem
859 563 975 594 certe
1010 567 1144 609 prope
1178 554 1306 602 idern,
1338 552 1462 593 nullis
1499 561 1546 593 ut
1581 552 1773 592 terminis

287 609 317 628 ²·
331 609 657 649 circumscribat
691 618 765 649 aut
799 608 978 650 definiat
1009 611 1083 665 jus
1113 625 1251 660 suum,
1282 624 1368 664 quo
1400 609 1539 649 miuus
1573 609 1612 649 ei
1645 607 1772 649 liceat

267 662 316 700 71
331 663 477 704 eadem
517 665 587 705 illa
619 664 824 706 facultate
855 675 899 707 et
929 668 1057 722 copia
1085 667 1247 722 vagari,
1278 681 1363 722 qua
1395 666 1512 707 velit.
1574 665 1774 721 Namque

330 719 433 761 illud
456 735 600 775 quare,
624 722 834 772 Scaevola,
867 723 1031 779 negasti
1054 733 1096 764 te
1117 722 1248 764 fuisse
1270 723 1470 774 laturum,
1502 723 1583 764 nisi
1610 722 1653 763 in
1676 736 1772 764 meo

331 791 465 832 regno
493 792 620 829 esseS,
652 779 767 834 quod
800 780 842 820 in
865 781 983 821 omni
1014 794 1169 836 genere
1191 781 1413 832 sermonis,
1446 780 1487 821 in
1511 779 1627 821 omni
1652 789 1774 836 parte

331 833 612 876 humanitatis
662 836 847 877 dixerim
895 847 1109 878 oratorem
1159 837 1399 894 perfectum
1449 851 1539 877 esse
1590 836 1773 878 debere?

332 891 581 946 Numquam
619 893 860 934 mehercule
896 893 980 936 hoc
1017 894 1218 945 dicerem,
1250 895 1284 935 si
1323 909 1437 945 eum,
1467 908 1595 949 quem
1638 894 1773 949 fingo,

266 948 318 987 ¹72
332 949 541 1003 meipsum
584 963 675 991 esse
712 950 954 991 arbitrarer.

254 1902 317 1957 17

268 2145 319 2182 75
334 2160 475 2188 rursus
507 2148 797 2204 detorqueres,
829 2159 958 2204 atque
987 2151 1145 2190 oratori
1175 2164 1349 2206 propria
1379 2150 1582 2190 traderes.

1015 951 1115 1000 Sed,
1154 954 1255 992 59ut
1295 951 1461 992 solebat
1500 951 1551 992 C.
1582 950 1773 992 Lucilius

329 1019 445 1060 saepe
474 1006 630 1057 dicere,
653 1006 784 1048 homo
819 1008 899 1048 tibi
933 1008 1163 1058 subiratus,
1195 1008 1301 1049 mihi
1326 1018 1499 1065 propter
1520 1022 1614 1049 eam
1635 1008 1773 1064 ipsam

328 1075 501 1103 causam
541 1064 698 1114 minus,
728 1064 768 1095 60
782 1079 911 1120 quam
951 1065 1138 1115 volebat,
1173 1064 1408 1116 familiaris,
1441 1065 1513 1105 sed
1547 1075 1690 1106 tamen
1728 1074 1772 1105 et

327 1118 496 1171 doctus,
526 1129 570 1161 et
589 1121 875 1177 perurbanus:
909 1122 969 1163 sic
1003 1122 1158 1171 sentio,
1185 1122 1400 1163 neminem
1433 1135 1524 1162 esse
1554 1122 1596 1162 in
1629 1131 1773 1163 orato-

328 1190 422 1216 rum
458 1191 638 1219 numero
670 1178 933 1230 habendum,
964 1179 1037 1233 qui
1070 1193 1158 1219 non
1189 1179 1244 1220 sit
1276 1179 1478 1220 omnibus
1511 1179 1562 1219 iis
1594 1178 1774 1230 artibus,

328 1248 426 1288 quae
461 1244 561 1275 sunt
589 1235 724 1276 libero
757 1236 917 1293 dignae,
941 1236 1199 1292 perpolitus:
1232 1237 1389 1291 quibus
1420 1235 1538 1292 ipsiS,
1570 1235 1604 1276 si
1635 1235 1679 1276 in
1708 1235 1773 1277 di-

329 1290 467 1332 cendo
489 1306 576 1333 non
606 1292 781 1345 utimur,
815 1303 955 1334 tamen
979 1302 1172 1350 apparet,
1203 1304 1332 1348 atque
1364 1302 1522 1344 exstat,
1544 1302 1688 1333 utrum
1718 1293 1774 1333 si·

266 1352 316 1390 73
331 1362 424 1390 mus
447 1363 592 1390 earum
613 1349 754 1400 rudes,
785 1365 838 1391 an
862 1350 1153 1392 didicerimus.
1197 1351 1272 1401 Ut,
1291 1350 1364 1406 qui
1388 1350 1476 1406 pila
1495 1349 1663 1401 ludunt,
1684 1364 1774 1392 non

330 1413 511 1446 utuntur
532 1406 575 1447 in
599 1406 692 1462 ipsa
713 1406 879 1448 lusione
901 1407 1085 1449 artificio
1104 1408 1279 1464 proprio
1300 1407 1527 1464 palaestrae,
1559 1407 1631 1448 sed
1662 1407 1772 1448 indi-

328 1470 400 1502 cat
437 1463 529 1518 ipse
566 1473 726 1515 motuS,
756 1464 1041 1506 didicerintne
1079 1464 1339 1521 palaestram,
1375 1479 1429 1505 an
1466 1465 1686 1506 nesciant:
1729 1472 1773 1505 et

327 1519 401 1574 qui
424 1519 585 1575 aliquid
617 1520 803 1575 fingunt,
830 1521 909 1563 etsi
944 1531 1033 1563 turn
1067 1522 1236 1577 pictura
1261 1521 1368 1562 nihil
1398 1530 1592 1572 utuntur,
1615 1530 1773 1571 tamen,

328 1586 472 1617 utrum
496 1577 634 1619 sciant
656 1579 848 1634 pingere,
879 1593 930 1619 an
966 1579 1175 1630 nesciant,
1207 1594 1291 1620 non
1325 1580 1554 1620 obscurum
1589 1588 1680 1619 est:
1713 1579 1774 1619 sic

330 1633 373 1674 in
402 1634 671 1675 orationibus
699 1635 818 1677 hisce
850 1635 953 1691 ipsis
975 1636 1259 1691 judiciorum,
1280 1636 1556 1686 concionum,
1587 1644 1773 1686 senatus,

329 1691 365 1720 ⁶¹
384 1691 552 1732 etiamsi
577 1693 748 1748 proprie
770 1703 924 1734 ceterae
947 1708 1033 1734 non
1056 1693 1317 1734 adhibentur
1338 1703 1463 1743 artes,
1483 1702 1626 1733 tamen
1646 1691 1771 1733 facile

330 1746 584 1799 declaratur,
615 1758 756 1789 utrum
790 1751 838 1799 is,
859 1748 942 1805 'qui
966 1751 1096 1801 dicat,
1120 1750 1421 1791 tantummodo
1451 1751 1495 1790 in
1522 1749 1605 1790 hoc
1632 1749 1774 1790 decla-

331 1806 516 1846 matorio
547 1806 603 1846 sit
624 1806 973 1862 operejactatus,
1005 1822 1058 1848 an
1081 1807 1133 1848 ad
1165 1808 1395 1849 dicendum
1427 1807 1629 1848 omnibus
1651 1806 1773 1862 inge·

333 1862 428 1902 nuis
450 1863 614 1903 artibus
633 1863 866 1904 instructus
884 1865 1126 1906 accesserit.

389 1917 500 1960 Tum
549 1920 690 1961 ridens
733 1921 942 1973 Scaevola,
995 1922 1097 1962 Non
1144 1920 1356 1972 luctabor,
1407 1921 1562 1977 inquit,
1613 1929 1772 1972 tecum,

268 1975 319 2013 74
334 1973 501 2027 Crasse,
520 1978 719 2033 amplius.
741 1978 784 2019 id
806 1979 921 2019 enim
943 1979 1100 2034 ipsum,
1122 1979 1237 2035 quod
1260 1988 1411 2020 contra
1433 1993 1501 2020 me
1522 1978 1690 2020 locutus
1712 1992 1772 2028 es,

332 2033 516 2074 artificio
538 2034 723 2090 quodam
747 2049 791 2075 es
812 2045 1084 2087 consecutuS,
1103 2046 1150 2076 ut
1181 2045 1226 2076 et
1254 2036 1377 2087 mihi,
1398 2050 1496 2091 quae
1517 2050 1600 2091 ego
1623 2034 1773 2076 vellem

332 2103 419 2130 non
451 2105 542 2132 esse
563 2093 759 2142 oratoris,
781 2093 1062 2134 concederes:
1095 2102 1139 2133 et
1173 2107 1225 2133 ea
1254 2094 1347 2149 ipsa
1377 2092 1522 2133 nescio
1552 2092 1773 2148 quomodo

1644 2148 1772 2200 Haec,

330 2218 429 2244 curn
448 2218 531 2261 ego
555 2215 713 2260 praetor
739 2205 943 2247 Rhodum
966 2207 1192 2258 venissem,
1223 2218 1266 2248 et
1287 2221 1385 2248 cum
1411 2221 1578 2248 summo
1602 2206 1674 2247 illo
1695 2206 1774 2247 do-

328 2270 449 2302 ctore
471 2262 592 2302 istius
625 2262 865 2318 disciplinae
888 2262 1137 2319 Apollonio,
1159 2279 1223 2314 ea,
1254 2279 1351 2319 quae
1374 2280 1399 2304 a
1426 2263 1622 2304 Panaetio
1651 2277 1774 2304 acce·

328 2331 489 2373 peram,
512 2319 814 2361 contulissem:
856 2320 989 2362 irrisit
1008 2321 1077 2361 ille
1100 2321 1289 2376 quidem,
1310 2332 1359 2362 ut
1380 2321 1560 2371 solebat,
1583 2320 1774 2376 philoso-

327 2375 475 2431 phiam
496 2387 626 2433 atque
646 2377 895 2430 contemsit,
927 2378 1148 2434 multaque
1179 2394 1266 2420 non
1300 2388 1389 2420 tam
1421 2378 1610 2435 graviter
1642 2377 1771 2427 dixit,

369 2522 410 2553 59
437 2517 480 2551 Ue
503 2521 621 2552 solebat
643 2520 1029 2555 Lucilius-dicere—sz'c

323 2562 453 2602 sentim]
493 2563 544 2593 An
567 2573 643 2594 vero
665 2564 810 2595 Lucilius
834 2564 897 2596 hoe
921 2566 1027 2597 dicere

328 2603 443 2634 solitus
456 2611 518 2641 est,
535 2606 622 2644 quod
636 2607 750 2637 cicero
765 2607 868 2638 dicit?
907 2608 1028 2646 Immo,

327 2645 413 2684 quod
428 2645 574 2677 Lucilius
587 2647 626 2677 de
639 2651 742 2688 poetis
756 2649 850 2687 dixit,
867 2649 900 2680 id
915 2651 1029 2682 Cicero

329 2687 368 2718 de
391 2689 574 2719 oratoribus
600 2689 772 2721 dicendum
791 2692 931 2731 judicat.
977 2693 1028 2724 An

329 2729 448 2760 excidit
463 2731 502 2760 de
509 2732 623 2770 poetis,
639 2738 696 2763 aut
710 2743 750 2763 ex
771 2743 808 2763 eo
829 2734 957 2765 factum
979 2740 1030 2766 est

328 2773 434 2811 soepe?
456 2781 533 2803 nam
548 2773 579 2802 id
593 2773 722 2812 quidem
740 2775 913 2806 redundat.

371 2814 412 2844 60
435 2814 549 2855 ‚Quam
577 2815 731 2855 volebat]
779 2816 898 2855 Immo,
933 2828 1031 2857 quam

327 2856 484 2892 volebam,
507 2866 550 2887 sc.
574 2862 709 2898 propter
733 2859 904 2899 ingenium
924 2860 1030 2892 homi-

329 2898 378 2927 nis
393 2904 425 2928 et
442 2900 649 2938 gravitatem,

1110 2525 1146 2555 61
1173 2523 1323 2555 Etiamsi
1341 2524 1474 2564 proprie
1496 2527 1608 2553 ceteroe
1630 2532 1694 2553 non
1717 2521 1777 2552 ad-

1069 2566 1248 2606 hibentur]
1296 2566 1436 2606 Proprie
1457 2575 1516 2606 pro
1538 2566 1681 2605 proprie
1705 2565 1776 2595 sine

1072 2609 1281 2640 haesitatione
1308 2607 1545 2648 reponendum,
1573 2608 1674 2638 etiam
1702 2607 1773 2637 sine

1072 2651 1176 2688 libris,
1191 2651 1314 2682 dudum
1338 2650 1415 2687 vidi,
1431 2655 1464 2680 et
1489 2650 1626 2680 miratus
1649 2659 1722 2680 sum
1738 2650 1773 2678 in

1071 2703 1110 2724 eo
1126 2703 1193 2724 non
1206 2692 1379 2724 adhaesisse
1395 2693 1479 2722 viros
1493 2692 1618 2722 doctos.
1642 2691 1720 2722 Post
1736 2691 1772 2722 in

1072 2735 1122 2766 ed.
1137 2736 1192 2766 W.
1217 2739 1252 2765 et
1275 2744 1301 2766 s.
1318 2734 1340 2764 l.
1356 2739 1390 2764 et
1413 2744 1442 2765 a.
1465 2734 1554 2774 Lips.
1571 2737 1605 2764 et
1621 2733 1685 2764 Ms.
1701 2733 1773 2764 Erl.

1075 2778 1189 2818 reperi.
1231 2777 1284 2807 Sic
1306 2786 1405 2816 supra
1418 2777 1552 2807 confusa
1566 2776 1726 2806 industrie
1737 2781 1775 2806 et

1073 2819 1258 2850 indusmae:
1279 2819 1334 2849 sed
1356 2818 1469 2849 eadem
1492 2817 1611 2848 fiducia
1625 2817 1773 2858 rescripsi

1074 2862 1271 2892 adhibentur
1293 2870 1354 2901 pro
1381 2861 1515 2900 vulgato
1535 2861 1773 2890 adhibeantur:

1075 2912 1152 2935 nam
1167 2908 1201 2935 et
1217 2909 1294 2934 aute
1306 2908 1370 2941 est,
1384 2904 1442 2933 etsi
1457 2908 1482 2933 t.
1493 2913 1529 2942 p.
1543 2912 1576 2932 n.
1591 2906 1747 2933 uturum.
