<?xml version="1.0" encoding="UTF-8"?>
<!DOCTYPE html PUBLIC "-//W3C//DTD XHTML 1.0 Transitional//EN"
    "http://www.w3.org/TR/xhtml1/DTD/xhtml1-transitional.dtd">
<html xmlns="http://www.w3.org/1999/xhtml" xml:lang="en" lang="en">
 <head>
  <title>
</title>
<meta http-equiv="Content-Type" content="text/html;charset=utf-8" />
  <meta name='ocr-system' content='tesseract 3.04.00' />
  <meta name='ocr-capabilities' content='ocr_page ocr_carea ocr_par ocr_line ocrx_word'/>
</head>
<body>
  <div class='ocr_page' id='page_1' title='image "./operaomnia01ciceuoft/operaomnia01ciceuoft_0028.png"; bbox 0 0 1914 3220; ppageno 0'>
   <div class='ocr_carea' id='block_1_1' title="bbox 334 148 1270 206">
    <p class='ocr_par' dir='ltr' id='par_1_1' title="bbox 334 148 1270 206">
     <span class='ocr_line' id='line_1_1' title="bbox 334 148 1270 206; baseline 0.002 -5"><span class='ocrx_word' id='word_1_1' title='bbox 334 167 405 202; x_wconf 84' lang='lat' dir='ltr'>xx</span> <span class='ocrx_word' id='word_1_2' title='bbox 811 148 1270 206; x_wconf 65' lang='lat' dir='ltr'>‘PRAEFATIQ</span> 
     </span>
    </p>
   </div>
   <div class='ocr_carea' id='block_1_2' title="bbox 328 280 1777 2892">
    <p class='ocr_par' dir='ltr' id='par_1_2' title="bbox 328 280 1777 2892">
     <span class='ocr_line' id='line_1_2' title="bbox 335 280 1761 351; baseline 0.002 -19"><span class='ocrx_word' id='word_1_3' title='bbox 335 298 509 351; x_wconf 83' lang='lat' dir='ltr'>posse,</span> <span class='ocrx_word' id='word_1_4' title='bbox 536 298 662 333; x_wconf 89' lang='lat' dir='ltr'>cum</span> <span class='ocrx_word' id='word_1_5' title='bbox 703 280 1011 334; x_wconf 87' lang='lat' dir='ltr'>innumeras</span> <span class='ocrx_word' id='word_1_6' title='bbox 1044 282 1420 343; x_wconf 77' lang='lat' dir='ltr'>c01·rectioneS‚</span> <span class='ocrx_word' id='word_1_7' title='bbox 1447 290 1567 334; x_wconf 79' lang='lat' dir='ltr'>tum</span> <span class='ocrx_word' id='word_1_8' title='bbox 1597 301 1674 335; x_wconf 85' lang='lat' dir='ltr'>ex·</span> <span class='ocrx_word' id='word_1_9' title='bbox 1699 283 1761 335; x_wconf 77' lang='lat' dir='ltr'>li-</span> 
     </span>
     <span class='ocr_line' id='line_1_3' title="bbox 331 364 1763 437; baseline 0.003 -21"><span class='ocrx_word' id='word_1_10' title='bbox 331 364 459 427; x_wconf 88' lang='lat' dir='ltr'>bris,</span> <span class='ocrx_word' id='word_1_11' title='bbox 502 373 619 417; x_wconf 87' lang='lat' dir='ltr'>tum</span> <span class='ocrx_word' id='word_1_12' title='bbox 663 365 733 418; x_wconf 89' lang='lat' dir='ltr'>de</span> <span class='ocrx_word' id='word_1_13' title='bbox 765 365 976 436; x_wconf 86' lang='lat' dir='ltr'>judicio</span> <span class='ocrx_word' id='word_1_14' title='bbox 1011 374 1067 418; x_wconf 86' lang='lat' dir='ltr'>et</span> <span class='ocrx_word' id='word_1_15' title='bbox 1111 367 1423 437; x_wconf 72' lang='lat' dir='ltr'>conjectura</span> <span class='ocrx_word' id='word_1_16' title='bbox 1467 368 1763 429; x_wconf 54' lang='lat' dir='ltr'>nostras-‘in</span> 
     </span>
     <span class='ocr_line' id='line_1_4' title="bbox 330 441 1764 521; baseline 0.001 -19"><span class='ocrx_word' id='word_1_17' title='bbox 330 449 586 520; x_wconf 90' lang='lat' dir='ltr'>exemplo</span> <span class='ocrx_word' id='word_1_18' title='bbox 607 468 730 501; x_wconf 88' lang='lat' dir='ltr'>meo</span> <span class='ocrx_word' id='word_1_19' title='bbox 757 451 990 521; x_wconf 79' lang='lat' dir='ltr'>scriptas·</span> <span class='ocrx_word' id='word_1_20' title='bbox 1011 444 1293 502; x_wconf 89' lang='lat' dir='ltr'>haberem:</span> <span class='ocrx_word' id='word_1_21' title='bbox 1334 451 1573 520; x_wconf 84' lang='lat' dir='ltr'>&#39;denique</span> <span class='ocrx_word' id='word_1_22' title='bbox 1599 441 1764 503; x_wconf 65' lang='lat' dir='ltr'>etiam</span> 
     </span>
     <span class='ocr_line' id='line_1_5' title="bbox 333 534 1768 607; baseline 0.002 -21"><span class='ocrx_word' id='word_1_23' title='bbox 333 534 388 586; x_wconf 93' lang='lat' dir='ltr'>in</span> <span class='ocrx_word' id='word_1_24' title='bbox 441 552 641 604; x_wconf 83' lang='lat' dir='ltr'>magna</span> <span class='ocrx_word' id='word_1_25' title='bbox 686 534 1060 605; x_wconf 88' lang='lat' dir='ltr'>exemplorum</span> <span class='ocrx_word' id='word_1_26' title='bbox 1116 534 1242 586; x_wconf 90' lang='lat' dir='ltr'>olim</span> <span class='ocrx_word' id='word_1_27' title='bbox 1290 534 1557 588; x_wconf 87' lang='lat' dir='ltr'>editorum</span> <span class='ocrx_word' id='word_1_28' title='bbox 1588 537 1768 607; x_wconf 69' lang='lat' dir='ltr'>‘copia</span> 
     </span>
     <span class='ocr_line' id='line_1_6' title="bbox 332 618 1767 690; baseline 0.001 -18"><span class='ocrx_word' id='word_1_29' title='bbox 332 637 585 680; x_wconf 88' lang='lat' dir='ltr'>versarer,</span> <span class='ocrx_word' id='word_1_30' title='bbox 634 636 803 688; x_wconf 86' lang='lat' dir='ltr'>quam</span> <span class='ocrx_word' id='word_1_31' title='bbox 857 618 1024 672; x_wconf 88' lang='lat' dir='ltr'>etiam</span> <span class='ocrx_word' id='word_1_32' title='bbox 1059 637 1142 671; x_wconf 84' lang='lat' dir='ltr'>ex</span> <span class='ocrx_word' id='word_1_33' title='bbox 1192 619 1421 671; x_wconf 86' lang='lat' dir='ltr'>aliorum</span> <span class='ocrx_word' id='word_1_34' title='bbox 1474 620 1647 690; x_wconf 84' lang='lat' dir='ltr'>copiis</span> <span class='ocrx_word' id='word_1_35' title='bbox 1678 620 1767 673; x_wconf 71' lang='lat' dir='ltr'>&#39;ad</span> 
     </span>
     <span class='ocr_line' id='line_1_7' title="bbox 333 703 1768 775; baseline 0.002 -20"><span class='ocrx_word' id='word_1_36' title='bbox 333 703 480 755; x_wconf 87' lang='lat' dir='ltr'>hunc</span> <span class='ocrx_word' id='word_1_37' title='bbox 509 722 669 756; x_wconf 89' lang='lat' dir='ltr'>usum</span> <span class='ocrx_word' id='word_1_38' title='bbox 697 704 880 775; x_wconf 86' lang='lat' dir='ltr'>augeri</span> <span class='ocrx_word' id='word_1_39' title='bbox 910 703 1160 756; x_wconf 84' lang='lat' dir='ltr'>videbam</span> <span class='ocrx_word' id='word_1_40' title='bbox 1192 722 1363 775; x_wconf 89' lang='lat' dir='ltr'>posse.</span> <span class='ocrx_word' id='word_1_41' title='bbox 1408 703 1768 758; x_wconf 19' lang='lat' dir='ltr'>‚Basin&#39;vnovae</span> 
     </span>
     <span class='ocr_line' id='line_1_8' title="bbox 328 788 1768 861; baseline 0 -20"><span class='ocrx_word' id='word_1_42' title='bbox 328 788 656 841; x_wconf 64' lang='lat' dir='ltr'>&#39;recensionis</span> <span class='ocrx_word' id='word_1_43' title='bbox 699 788 801 842; x_wconf 90' lang='lat' dir='ltr'>feci</span> <span class='ocrx_word' id='word_1_44' title='bbox 837 789 1148 861; x_wconf 88' lang='lat' dir='ltr'>exemplum</span> <span class='ocrx_word' id='word_1_45' title='bbox 1193 788 1618 842; x_wconf 62' lang='lat' dir='ltr'>Gruterianum:</span> <span class='ocrx_word' id='word_1_46' title='bbox 1671 789 1768 852; x_wconf 74' lang='lat' dir='ltr'>Ei,</span> 
     </span>
     <span class='ocr_line' id='line_1_9' title="bbox 335 869 1769 946; baseline 0.001 -21"><span class='ocrx_word' id='word_1_47' title='bbox 335 873 404 926; x_wconf 85' lang='lat' dir='ltr'>ad</span> <span class='ocrx_word' id='word_1_48' title='bbox 443 873 586 945; x_wconf 86' lang='lat' dir='ltr'>leges</span> <span class='ocrx_word' id='word_1_49' title='bbox 626 873 742 927; x_wconf 86' lang='lat' dir='ltr'>illas</span> <span class='ocrx_word' id='word_1_50' title='bbox 780 872 1008 927; x_wconf 86' lang='lat' dir='ltr'>Criticas</span> <span class='ocrx_word' id='word_1_51' title='bbox 1044 874 1328 946; x_wconf 79' lang='lat' dir='ltr'>castigate,</span> <span class='ocrx_word' id='word_1_52' title='bbox 1368 869 1573 946; x_wconf 78' lang='lat' dir='ltr'>subjeci</span> <span class='ocrx_word' id='word_1_53' title='bbox 1612 881 1769 927; x_wconf 74' lang='lat' dir='ltr'>notas</span> 
     </span>
     <span class='ocr_line' id='line_1_10' title="bbox 337 957 1771 1030; baseline 0.001 -21"><span class='ocrx_word' id='word_1_54' title='bbox 337 957 570 1028; x_wconf 90' lang='lat' dir='ltr'>duplicis</span> <span class='ocrx_word' id='word_1_55' title='bbox 620 958 858 1030; x_wconf 86' lang='lat' dir='ltr'>generis:</span> <span class='ocrx_word' id='word_1_56' title='bbox 917 976 1152 1028; x_wconf 82' lang='lat' dir='ltr'>quarum</span> <span class='ocrx_word' id='word_1_57' title='bbox 1204 958 1771 1029; x_wconf 80' lang='lat' dir='ltr'>alterum&#39;pertineret</span> 
     </span>
     <span class='ocr_line' id='line_1_11' title="bbox 335 1035 1770 1114; baseline 0.001 -20"><span class='ocrx_word' id='word_1_58' title='bbox 335 1042 406 1095; x_wconf 87' lang='lat' dir='ltr'>ad</span> <span class='ocrx_word' id='word_1_59' title='bbox 441 1043 706 1095; x_wconf 84' lang='lat' dir='ltr'>rationem</span> <span class='ocrx_word' id='word_1_60' title='bbox 746 1041 1022 1095; x_wconf 82' lang='lat' dir='ltr'>criticam:</span> <span class='ocrx_word' id='word_1_61' title='bbox 1064 1042 1298 1095; x_wconf 58' lang='lat' dir='ltr'>alterum&gt;</span> <span class='ocrx_word' id='word_1_62' title='bbox 1338 1041 1408 1095; x_wconf 90' lang='lat' dir='ltr'>ad</span> <span class='ocrx_word' id='word_1_63' title='bbox 1433 1035 1770 1114; x_wconf 49' lang='lat' dir='ltr'>‘interpreta-</span> 
     </span>
     <span class='ocr_line' id='line_1_12' title="bbox 333 1120 1769 1198; baseline 0.001 -20"><span class='ocrx_word' id='word_1_64' title='bbox 333 1127 555 1179; x_wconf 85' lang='lat' dir='ltr'>tionem.</span> <span class='ocrx_word' id='word_1_65' title='bbox 633 1125 700 1178; x_wconf 92' lang='lat' dir='ltr'>In</span> <span class='ocrx_word' id='word_1_66' title='bbox 736 1127 830 1179; x_wconf 79' lang='lat' dir='ltr'>illo</span> <span class='ocrx_word' id='word_1_67' title='bbox 869 1126 1030 1198; x_wconf 85' lang='lat' dir='ltr'>igitur</span> <span class='ocrx_word' id='word_1_68' title='bbox 1057 1135 1113 1180; x_wconf 87' lang='lat' dir='ltr'>et</span> <span class='ocrx_word' id='word_1_69' title='bbox 1138 1126 1536 1180; x_wconf 83' lang='lat' dir='ltr'>correctionum</span> <span class='ocrx_word' id='word_1_70' title='bbox 1563 1120 1769 1189; x_wconf 78' lang='lat' dir='ltr'>earum,</span> 
     </span>
     <span class='ocr_line' id='line_1_13' title="bbox 338 1211 1769 1282; baseline 0.001 -19"><span class='ocrx_word' id='word_1_71' title='bbox 338 1228 476 1282; x_wconf 86' lang='lat' dir='ltr'>quas</span> <span class='ocrx_word' id='word_1_72' title='bbox 527 1212 581 1263; x_wconf 91' lang='lat' dir='ltr'>in</span> <span class='ocrx_word' id='word_1_73' title='bbox 634 1213 888 1282; x_wconf 88' lang='lat' dir='ltr'>exemplo</span> <span class='ocrx_word' id='word_1_74' title='bbox 941 1212 1269 1265; x_wconf 85' lang='lat' dir='ltr'>Gruteriano</span> <span class='ocrx_word' id='word_1_75' title='bbox 1327 1211 1448 1274; x_wconf 85' lang='lat' dir='ltr'>feci,</span> <span class='ocrx_word' id='word_1_76' title='bbox 1506 1212 1769 1265; x_wconf 78' lang='lat' dir='ltr'>rationem</span> 
     </span>
     <span class='ocr_line' id='line_1_14' title="bbox 337 1295 1774 1367; baseline 0.001 -19"><span class='ocrx_word' id='word_1_77' title='bbox 337 1295 567 1358; x_wconf 85' lang='lat' dir='ltr'>reddidi,</span> <span class='ocrx_word' id='word_1_78' title='bbox 593 1304 654 1348; x_wconf 89' lang='lat' dir='ltr'>ut</span> <span class='ocrx_word' id='word_1_79' title='bbox 681 1296 1025 1350; x_wconf 81' lang='lat' dir='ltr'>correctionis</span> <span class='ocrx_word' id='word_1_80' title='bbox 1058 1297 1251 1350; x_wconf 87' lang='lat' dir='ltr'>veritas</span> <span class='ocrx_word' id='word_1_81' title='bbox 1291 1296 1691 1367; x_wconf 78' lang='lat' dir='ltr'>intelligeretur,</span> <span class='ocrx_word' id='word_1_82' title='bbox 1718 1307 1774 1350; x_wconf 88' lang='lat' dir='ltr'>et</span> 
     </span>
     <span class='ocr_line' id='line_1_15' title="bbox 336 1376 1773 1453; baseline 0.001 -21"><span class='ocrx_word' id='word_1_83' title='bbox 336 1381 674 1452; x_wconf 86' lang='lat' dir='ltr'>conjecturas</span> <span class='ocrx_word' id='word_1_84' title='bbox 717 1381 974 1453; x_wconf 87' lang='lat' dir='ltr'>proposui</span> <span class='ocrx_word' id='word_1_85' title='bbox 1013 1393 1131 1435; x_wconf 82' lang='lat' dir='ltr'>tum</span> <span class='ocrx_word' id='word_1_86' title='bbox 1172 1381 1417 1444; x_wconf 85' lang='lat' dir='ltr'>aliorum,</span> <span class='ocrx_word' id='word_1_87' title='bbox 1452 1376 1773 1453; x_wconf 59' lang='lat' dir='ltr'>tum-&#39;inpri-</span> 
     </span>
     <span class='ocr_line' id='line_1_16' title="bbox 328 1465 1770 1529; baseline 0.001 -13"><span class='ocrx_word' id='word_1_88' title='bbox 328 1465 437 1517; x_wconf 85' lang='lat' dir='ltr'>mis</span> <span class='ocrx_word' id='word_1_89' title='bbox 477 1483 644 1529; x_wconf 83' lang='lat' dir='ltr'>meaS,</span> <span class='ocrx_word' id='word_1_90' title='bbox 678 1466 773 1518; x_wconf 92' lang='lat' dir='ltr'>ubi</span> <span class='ocrx_word' id='word_1_91' title='bbox 813 1475 962 1520; x_wconf 88' lang='lat' dir='ltr'>certa</span> <span class='ocrx_word' id='word_1_92' title='bbox 987 1466 1249 1519; x_wconf 88' lang='lat' dir='ltr'>correctio</span> <span class='ocrx_word' id='word_1_93' title='bbox 1276 1484 1384 1518; x_wconf 89' lang='lat' dir='ltr'>non</span> <span class='ocrx_word' id='word_1_94' title='bbox 1411 1466 1646 1519; x_wconf 85' lang='lat' dir='ltr'>dabatur</span> <span class='ocrx_word' id='word_1_95' title='bbox 1665 1466 1770 1523; x_wconf 71' lang='lat' dir='ltr'>:iu</span> 
     </span>
     <span class='ocr_line' id='line_1_17' title="bbox 337 1548 1774 1622; baseline 0.002 -22"><span class='ocrx_word' id='word_1_96' title='bbox 337 1548 440 1602; x_wconf 88' lang='lat' dir='ltr'>hoc</span> <span class='ocrx_word' id='word_1_97' title='bbox 468 1549 591 1602; x_wconf 91' lang='lat' dir='ltr'>loca</span> <span class='ocrx_word' id='word_1_98' title='bbox 616 1551 822 1622; x_wconf 91' lang='lat' dir='ltr'>aliquid</span> <span class='ocrx_word' id='word_1_99' title='bbox 852 1551 1195 1604; x_wconf 81' lang='lat' dir='ltr'>obscuritatis</span> <span class='ocrx_word' id='word_1_100' title='bbox 1227 1569 1293 1603; x_wconf 85' lang='lat' dir='ltr'>ac</span> <span class='ocrx_word' id='word_1_101' title='bbox 1321 1549 1654 1603; x_wconf 85' lang='lat' dir='ltr'>difficultatis</span> <span class='ocrx_word' id='word_1_102' title='bbox 1681 1549 1774 1603; x_wconf 85' lang='lat' dir='ltr'>ha—</span> 
     </span>
     <span class='ocr_line' id='line_1_18' title="bbox 338 1634 1772 1707; baseline 0.002 -22"><span class='ocrx_word' id='word_1_103' title='bbox 338 1634 541 1698; x_wconf 86' lang='lat' dir='ltr'>bentia,</span> <span class='ocrx_word' id='word_1_104' title='bbox 583 1652 753 1705; x_wconf 86' lang='lat' dir='ltr'>quam</span> <span class='ocrx_word' id='word_1_105' title='bbox 793 1635 1105 1689; x_wconf 86' lang='lat' dir='ltr'>brevissime</span> <span class='ocrx_word' id='word_1_106' title='bbox 1137 1635 1309 1707; x_wconf 80' lang='lat' dir='ltr'>potui,</span> <span class='ocrx_word' id='word_1_107' title='bbox 1342 1635 1628 1706; x_wconf 83' lang='lat' dir='ltr'>explicavi.</span> <span class='ocrx_word' id='word_1_108' title='bbox 1692 1635 1772 1688; x_wconf 33' lang='lat'>⁴111</span> 
     </span>
     <span class='ocr_line' id='line_1_19' title="bbox 332 1717 1777 1791; baseline 0.002 -21"><span class='ocrx_word' id='word_1_109' title='bbox 332 1736 451 1789; x_wconf 72' lang='lat' dir='ltr'>vquo</span> <span class='ocrx_word' id='word_1_110' title='bbox 473 1717 620 1772; x_wconf 92' lang='lat' dir='ltr'>hunc</span> <span class='ocrx_word' id='word_1_111' title='bbox 648 1720 798 1774; x_wconf 86' lang='lat' dir='ltr'>tenui</span> <span class='ocrx_word' id='word_1_112' title='bbox 824 1721 1069 1783; x_wconf 89' lang='lat' dir='ltr'>modum,</span> <span class='ocrx_word' id='word_1_113' title='bbox 1091 1729 1153 1773; x_wconf 89' lang='lat' dir='ltr'>ut</span> <span class='ocrx_word' id='word_1_114' title='bbox 1178 1736 1530 1791; x_wconf 86' lang='lat' dir='ltr'>quaecunque</span> <span class='ocrx_word' id='word_1_115' title='bbox 1556 1738 1586 1772; x_wconf 92' lang='lat' dir='ltr'>e</span> <span class='ocrx_word' id='word_1_116' title='bbox 1609 1719 1777 1774; x_wconf 88' lang='lat' dir='ltr'>Clave</span> 
     </span>
     <span class='ocr_line' id='line_1_20' title="bbox 335 1802 1775 1876; baseline -0.001 -20"><span class='ocrx_word' id='word_1_117' title='bbox 335 1812 522 1856; x_wconf 88' lang='lat' dir='ltr'>nostra</span> <span class='ocrx_word' id='word_1_118' title='bbox 550 1802 907 1858; x_wconf 85' lang='lat' dir='ltr'>Ciceroniana</span> <span class='ocrx_word' id='word_1_119' title='bbox 933 1806 1068 1858; x_wconf 85' lang='lat' dir='ltr'>disci</span> <span class='ocrx_word' id='word_1_120' title='bbox 1094 1814 1150 1858; x_wconf 86' lang='lat' dir='ltr'>et</span> <span class='ocrx_word' id='word_1_121' title='bbox 1187 1805 1411 1876; x_wconf 85' lang='lat' dir='ltr'>intelligi</span> <span class='ocrx_word' id='word_1_122' title='bbox 1444 1814 1682 1875; x_wconf 81' lang='lat' dir='ltr'>possent,</span> <span class='ocrx_word' id='word_1_123' title='bbox 1709 1824 1775 1858; x_wconf 86' lang='lat' dir='ltr'>ea</span> 
     </span>
     <span class='ocr_line' id='line_1_21' title="bbox 340 1885 1774 1961; baseline 0.001 -21"><span class='ocrx_word' id='word_1_124' title='bbox 340 1906 449 1940; x_wconf 90' lang='lat' dir='ltr'>non</span> <span class='ocrx_word' id='word_1_125' title='bbox 475 1889 816 1961; x_wconf 83' lang='lat' dir='ltr'>attingerem,</span> <span class='ocrx_word' id='word_1_126' title='bbox 835 1897 1033 1952; x_wconf 87' lang='lat' dir='ltr'>cetera,</span> <span class='ocrx_word' id='word_1_127' title='bbox 1059 1890 1115 1941; x_wconf 92' lang='lat' dir='ltr'>in</span> <span class='ocrx_word' id='word_1_128' title='bbox 1144 1889 1344 1960; x_wconf 87' lang='lat' dir='ltr'>quibus</span> <span class='ocrx_word' id='word_1_129' title='bbox 1372 1889 1587 1960; x_wconf 83' lang='lat' dir='ltr'>aliquiS,</span> <span class='ocrx_word' id='word_1_130' title='bbox 1609 1885 1774 1943; x_wconf 84' lang='lat' dir='ltr'>etiam</span> 
     </span>
     <span class='ocr_line' id='line_1_22' title="bbox 340 1974 1772 2046; baseline 0.001 -21"><span class='ocrx_word' id='word_1_131' title='bbox 340 1992 451 2025; x_wconf 90' lang='lat' dir='ltr'>non</span> <span class='ocrx_word' id='word_1_132' title='bbox 493 1974 652 2026; x_wconf 90' lang='lat' dir='ltr'>valde</span> <span class='ocrx_word' id='word_1_133' title='bbox 693 1974 908 2037; x_wconf 81' lang='lat' dir='ltr'>doctus,</span> <span class='ocrx_word' id='word_1_134' title='bbox 949 1974 1150 2027; x_wconf 86' lang='lat' dir='ltr'>haerere</span> <span class='ocrx_word' id='word_1_135' title='bbox 1191 1981 1393 2045; x_wconf 87' lang='lat' dir='ltr'>posset,</span> <span class='ocrx_word' id='word_1_136' title='bbox 1430 1975 1772 2046; x_wconf 85' lang='lat' dir='ltr'>expedirem:</span> 
     </span>
     <span class='ocr_line' id='line_1_23' title="bbox 340 2058 1777 2128; baseline 0.003 -19"><span class='ocrx_word' id='word_1_137' title='bbox 340 2058 395 2110; x_wconf 90' lang='lat' dir='ltr'>in</span> <span class='ocrx_word' id='word_1_138' title='bbox 423 2075 536 2128; x_wconf 91' lang='lat' dir='ltr'>quo</span> <span class='ocrx_word' id='word_1_139' title='bbox 562 2058 728 2111; x_wconf 88' lang='lat' dir='ltr'>etiam</span> <span class='ocrx_word' id='word_1_140' title='bbox 758 2058 1023 2112; x_wconf 86' lang='lat' dir='ltr'>rationem</span> <span class='ocrx_word' id='word_1_141' title='bbox 1051 2058 1341 2111; x_wconf 88' lang='lat' dir='ltr'>habuimus</span> <span class='ocrx_word' id='word_1_142' title='bbox 1369 2058 1644 2112; x_wconf 85' lang='lat' dir='ltr'>interdum</span> <span class='ocrx_word' id='word_1_143' title='bbox 1672 2059 1777 2113; x_wconf 86' lang='lat' dir='ltr'>ele-</span> 
     </span>
     <span class='ocr_line' id='line_1_24' title="bbox 339 2140 1776 2214; baseline 0.001 -20"><span class='ocrx_word' id='word_1_144' title='bbox 339 2142 540 2214; x_wconf 81' lang='lat' dir='ltr'>gantiae</span> <span class='ocrx_word' id='word_1_145' title='bbox 578 2140 968 2206; x_wconf 77' lang='lat' dir='ltr'>Ciceronianae,</span> <span class='ocrx_word' id='word_1_146' title='bbox 1004 2151 1067 2196; x_wconf 87' lang='lat' dir='ltr'>ut</span> <span class='ocrx_word' id='word_1_147' title='bbox 1112 2144 1182 2196; x_wconf 90' lang='lat' dir='ltr'>ad</span> <span class='ocrx_word' id='word_1_148' title='bbox 1220 2161 1438 2196; x_wconf 89' lang='lat' dir='ltr'>sensum</span> <span class='ocrx_word' id='word_1_149' title='bbox 1480 2143 1776 2196; x_wconf 87' lang='lat' dir='ltr'>adducere-</span> 
     </span>
     <span class='ocr_line' id='line_1_25' title="bbox 340 2227 1775 2299; baseline 0.001 -21"><span class='ocrx_word' id='word_1_150' title='bbox 340 2245 462 2279; x_wconf 91' lang='lat' dir='ltr'>mus</span> <span class='ocrx_word' id='word_1_151' title='bbox 506 2227 775 2281; x_wconf 88' lang='lat' dir='ltr'>studiosos</span> <span class='ocrx_word' id='word_1_152' title='bbox 817 2228 1163 2298; x_wconf 74' lang='lat' dir='ltr'>eloquentiae.</span> <span class='ocrx_word' id='word_1_153' title='bbox 1243 2227 1460 2290; x_wconf 81' lang='lat' dir='ltr'>Quibus</span> <span class='ocrx_word' id='word_1_154' title='bbox 1511 2228 1567 2280; x_wconf 91' lang='lat' dir='ltr'>in</span> <span class='ocrx_word' id='word_1_155' title='bbox 1615 2228 1775 2299; x_wconf 86' lang='lat' dir='ltr'>priori</span> 
     </span>
     <span class='ocr_line' id='line_1_26' title="bbox 341 2310 1776 2384; baseline 0.003 -22"><span class='ocrx_word' id='word_1_156' title='bbox 341 2310 433 2364; x_wconf 92' lang='lat' dir='ltr'>illo</span> <span class='ocrx_word' id='word_1_157' title='bbox 469 2330 664 2384; x_wconf 85' lang='lat' dir='ltr'>genere</span> <span class='ocrx_word' id='word_1_158' title='bbox 700 2312 950 2366; x_wconf 86' lang='lat' dir='ltr'>subsidiis</span> <span class='ocrx_word' id='word_1_159' title='bbox 992 2312 1250 2366; x_wconf 90' lang='lat' dir='ltr'>librorum</span> <span class='ocrx_word' id='word_1_160' title='bbox 1282 2320 1400 2365; x_wconf 87' lang='lat' dir='ltr'>tum</span> <span class='ocrx_word' id='word_1_161' title='bbox 1434 2312 1776 2384; x_wconf 87' lang='lat' dir='ltr'>scriptorum,</span> 
     </span>
     <span class='ocr_line' id='line_1_27' title="bbox 341 2396 1775 2469; baseline 0.001 -21"><span class='ocrx_word' id='word_1_162' title='bbox 341 2404 462 2449; x_wconf 83' lang='lat' dir='ltr'>tum</span> <span class='ocrx_word' id='word_1_163' title='bbox 491 2397 732 2450; x_wconf 86' lang='lat' dir='ltr'>formulis</span> <span class='ocrx_word' id='word_1_164' title='bbox 760 2396 1166 2469; x_wconf 83' lang='lat' dir='ltr'>typographicis</span> <span class='ocrx_word' id='word_1_165' title='bbox 1205 2398 1475 2451; x_wconf 85' lang='lat' dir='ltr'>factorum</span> <span class='ocrx_word' id='word_1_166' title='bbox 1512 2416 1639 2450; x_wconf 92' lang='lat' dir='ltr'>usus</span> <span class='ocrx_word' id='word_1_167' title='bbox 1676 2397 1775 2450; x_wconf 87' lang='lat' dir='ltr'>sim</span> 
     </span>
     <span class='ocr_line' id='line_1_28' title="bbox 340 2481 1776 2554; baseline 0.001 -22"><span class='ocrx_word' id='word_1_168' title='bbox 340 2481 395 2532; x_wconf 86' lang='lat' dir='ltr'>in</span> <span class='ocrx_word' id='word_1_169' title='bbox 431 2481 652 2553; x_wconf 88' lang='lat' dir='ltr'>singulis</span> <span class='ocrx_word' id='word_1_170' title='bbox 693 2481 955 2553; x_wconf 84' lang='lat' dir='ltr'>partibus,</span> <span class='ocrx_word' id='word_1_171' title='bbox 985 2482 1326 2554; x_wconf 72' lang='lat' dir='ltr'>praefationes</span> <span class='ocrx_word' id='word_1_172' title='bbox 1366 2482 1428 2534; x_wconf 90' lang='lat' dir='ltr'>iis</span> <span class='ocrx_word' id='word_1_173' title='bbox 1469 2482 1776 2553; x_wconf 86' lang='lat' dir='ltr'>praepositae</span> 
     </span>
     <span class='ocr_line' id='line_1_29' title="bbox 335 2565 1775 2639; baseline 0.001 -22"><span class='ocrx_word' id='word_1_174' title='bbox 335 2565 630 2619; x_wconf 88' lang='lat' dir='ltr'>docebunt.</span> <span class='ocrx_word' id='word_1_175' title='bbox 711 2567 787 2620; x_wconf 84' lang='lat' dir='ltr'>Et</span> <span class='ocrx_word' id='word_1_176' title='bbox 832 2567 1018 2639; x_wconf 87' lang='lat' dir='ltr'>scripti</span> <span class='ocrx_word' id='word_1_177' title='bbox 1060 2567 1284 2638; x_wconf 87' lang='lat' dir='ltr'>quidem</span> <span class='ocrx_word' id='word_1_178' title='bbox 1328 2566 1485 2620; x_wconf 88' lang='lat' dir='ltr'>nobis</span> <span class='ocrx_word' id='word_1_179' title='bbox 1531 2567 1775 2637; x_wconf 84' lang='lat' dir='ltr'>contige-</span> 
     </span>
     <span class='ocr_line' id='line_1_30' title="bbox 341 2650 1777 2723; baseline 0.001 -22"><span class='ocrx_word' id='word_1_180' title='bbox 341 2660 468 2702; x_wconf 90' lang='lat' dir='ltr'>runt</span> <span class='ocrx_word' id='word_1_181' title='bbox 516 2669 624 2703; x_wconf 91' lang='lat' dir='ltr'>non</span> <span class='ocrx_word' id='word_1_182' title='bbox 668 2652 826 2704; x_wconf 89' lang='lat' dir='ltr'>nimis</span> <span class='ocrx_word' id='word_1_183' title='bbox 866 2652 1049 2722; x_wconf 87' lang='lat' dir='ltr'>pauci,</span> <span class='ocrx_word' id='word_1_184' title='bbox 1094 2660 1264 2723; x_wconf 86' lang='lat' dir='ltr'>atque</span> <span class='ocrx_word' id='word_1_185' title='bbox 1315 2650 1372 2704; x_wconf 89' lang='lat' dir='ltr'>in</span> <span class='ocrx_word' id='word_1_186' title='bbox 1417 2651 1497 2704; x_wconf 87' lang='lat' dir='ltr'>his</span> <span class='ocrx_word' id='word_1_187' title='bbox 1547 2650 1777 2721; x_wconf 86' lang='lat' dir='ltr'>quidam</span> 
     </span>
     <span class='ocr_line' id='line_1_31' title="bbox 341 2735 1775 2808; baseline 0.001 -23"><span class='ocrx_word' id='word_1_188' title='bbox 341 2735 557 2806; x_wconf 82' lang='lat' dir='ltr'>egregii,</span> <span class='ocrx_word' id='word_1_189' title='bbox 586 2735 683 2806; x_wconf 87' lang='lat' dir='ltr'>qui</span> <span class='ocrx_word' id='word_1_190' title='bbox 715 2736 951 2789; x_wconf 87' lang='lat' dir='ltr'>multum</span> <span class='ocrx_word' id='word_1_191' title='bbox 990 2737 1145 2789; x_wconf 91' lang='lat' dir='ltr'>nobis</span> <span class='ocrx_word' id='word_1_192' title='bbox 1186 2736 1465 2808; x_wconf 83' lang='lat' dir='ltr'>profuere:</span> <span class='ocrx_word' id='word_1_193' title='bbox 1505 2735 1775 2788; x_wconf 86' lang='lat' dir='ltr'>editorum</span> 
     </span>
     <span class='ocr_line' id='line_1_32' title="bbox 341 2819 1776 2892; baseline 0.001 -22"><span class='ocrx_word' id='word_1_194' title='bbox 341 2826 527 2872; x_wconf 86' lang='lat' dir='ltr'>autem</span> <span class='ocrx_word' id='word_1_195' title='bbox 568 2819 731 2891; x_wconf 92' lang='lat' dir='ltr'>copia</span> <span class='ocrx_word' id='word_1_196' title='bbox 765 2838 868 2887; x_wconf 47' lang='lat' dir='ltr'>ea,</span> <span class='ocrx_word' id='word_1_197' title='bbox 889 2839 1002 2891; x_wconf 87' lang='lat' dir='ltr'>qua</span> <span class='ocrx_word' id='word_1_198' title='bbox 1043 2820 1290 2892; x_wconf 87' lang='lat' dir='ltr'>profecto</span> <span class='ocrx_word' id='word_1_199' title='bbox 1326 2838 1488 2874; x_wconf 91' lang='lat' dir='ltr'>nemo</span> <span class='ocrx_word' id='word_1_200' title='bbox 1523 2828 1650 2872; x_wconf 88' lang='lat' dir='ltr'>ante</span> <span class='ocrx_word' id='word_1_201' title='bbox 1687 2836 1776 2871; x_wconf 85' lang='lat' dir='ltr'>me</span> 
     </span>
    </p>
   </div>
  </div>
 </body>
</html>
