1945 3235
591 143 781 189 LIBER
816 140 1150 188 SECUNDUS.
1547 151 1600 188 25

136 264 234 302 ‘tum
266 255 501 314 scripserit,
526 253 646 310 quod
663 268 840 296 necesse
858 253 1015 295 fuerit:
1048 252 1169 303 illud,
1189 251 1306 307 quod
1330 252 1422 293 sine
1436 253 1601 309 scripto

138 315 326 372 intelligi
345 313 553 373 potuerit,
579 327 670 354 non
700 313 944 354 necessario
968 311 1245 352 scribendum
1268 311 1446 365 putarit.
1510 310 1603 351 De-

138 375 242 416 inde
273 374 466 415 dicemus
485 370 868 412 wcalumniatoris
901 383 994 410 esse
1027 368 1238 418 officium,
1261 368 1395 408 verba
1416 376 1460 407 et
1481 366 1600 408 litte-

140 447 208 474 ras
232 431 367 487 sequi,
389 427 610 485 negligere
634 425 919 469 voluntatem.
965 426 1138 468 Deinde
1163 425 1223 475 id,
1245 425 1363 480 quod
1386 426 1599 480 scripturn

138 490 210 542 sit,
233 498 307 530 aut
328 501 414 528 non
435 500 564 542 vposse
587 486 695 537 fieri,
717 494 792 526 aut
813 499 902 525 non
921 484 1030 541 lege,
1049 499 1138 525 non
1159 497 1294 534 more,
1316 497 1405 523 non
1427 492 1596 531 natura,

138 561 226 589 non
250 559 376 601 aequo
397 552 442 585 et
464 545 580 585 bono
603 557 729 601 posse
751 542 865 594 fieri3
895 545 1049 598 41quae
1073 541 1220 583 omnia
1241 540 1497 596 scriptorem
1517 554 1594 580 no-
1607 552 1636 583 P·
1654 546 1690 577 9.

140 605 268 647 luisse
287 616 418 658 quarn
441 602 680 644 rectissime
702 601 810 653 fieri,
833 614 962 641 nemo
981 600 1119 642 dicet:
1152 608 1196 639 at
1218 613 1282 649 ea,
1301 613 1398 654 quae
1422 613 1447 638 a
1467 597 1636 638 nobis²¹·

141 662 258 705 facta
278 660 379 710 sint,
395 659 640 715 justissime
663 658 794 700 facta.
857 657 1028 699 Deinde
1051 657 1314 698 contrariam
1337 655 1599 696 sententiam

142 728 218 762 aut
249 717 411 760 nullam
446 732 553 770 esse,
576 727 651 758 aut
681 716 873 767 stultam,
896 726 971 757 aut
1006 715 1229 770 injustam,
1253 723 1329 754 aut
1350 728 1437 754 non
1472 726 1601 769 posse

140 776 246 826 fieri,
269 784 345 816 aut
366 790 455 817 non
477 784 678 817 constare
701 788 801 816 eum
825 774 1120 830 superioribus
1139 781 1184 813 et
1205 771 1484 813 inferioribus
1504 784 1602 811 sen-

138 833 302 885 tentiis,
346 843 422 875 aut
463 848 565 875 cum
608 833 710 889 jure
751 833 990 884 communi,
1034 841 1110 872 aut
1151 845 1252 872 cum
1295 829 1389 870 aliis
1427 828 1602 885 legibus

139 891 460 943 communibus,
485 901 561 933 aut
596 906 697 932 cum
722 891 850 932 rebus
872 889 1087 945 judicatis
1121 887 1365 930 dissentire.
1428 885 1604 928 Deinde

137 949 442 1006 exemplorum
475 964 501 990 a
533 949 772 1001 voluntate,
807 957 850 989 et
889 956 1043 989 contra
1072 947 1284 1003 scriptum
1299 944 1604 1001 judicatorum

137 1009 465 1050 enumeratione
515 1016 764 1059 uteremur;
796 1006 953 1048 deinde
991 1005 1137 1061 legum
1182 1013 1225 1045 et
1269 1002 1604 1059 stipulationum

137 1066 723 1123 breviter42exce1·pta1·u1n,
757 1065 801 1105 in
838 1065 997 1120 quibus
1030 1062 1300 1119 intelligatur
1339 1061 1605 1118 scriptorum

136 1123 339 1165 voluntas
370 1133 414 1165 et
444 1123 680 1180 expositio.
743 1121 886 1163 Locus
921 1121 1165 1163 communis
1199 1129 1352 1161 contra
1383 1133 1498 1170 eum,
1523 1118 1602 1178 qui

135 1181 351 1238 scriptum
375 1183 543 1234 recitet,
563 1190 607 1223 et
627 1180 852 1237 scriptoris
875 1179 1146 1221 voluntatem
1165 1193 1253 1218 non
1276 1178 1600 1233 interpretetur.

139 1241 255 1283 Cum
277 1239 375 1281 duae
398 1240 515 1296 leges
548 1240 662 1280 inter
689 1253 734 1280 se
760 1238 1024 1293 discrepant,
1047 1236 1283 1278 videndum
1306 1245 1373 1276 est
1395 1235 1600 1291 primum,
1616 1232 1665 1268 15

137 1301 296 1339 431111111
314 1313 401 1353 qua
421 1298 656 1354 obrogatio
680 1295 1005 1352 aut-derogatio
1029 1295 1099 1336 sit.
1162 1293 1350 1345 Deinde,
1373 1301 1520 1334 utrum
1542 1292 1604 1334 le-

139 1370 216 1412 ges
248 1355 309 1396 ita
330 1356 604 1408 dissentiant,
627 1364 677 1396 ut
700 1354 835 1396 altera
849 1353 1021 1410 jubeat,
1046 1353 1180 1394 altera
1201 1361 1343 1393 vetet:
1377 1365 1432 1392 an
1454 1351 1531 1403 ita,
1555 1358 1606 1392 ut

136 1413 273 1454 altera
293 1423 439 1470 cogat,
475 1413 609 1455 altera
638 1413 878 1469 permittat.
941 1411 1124 1453 Infirma
1153 1411 1271 1452 enim
1293 1409 1375 1451 erit
1404 1407 1499 1463 ejus
1530 1408 1607 1448 de-

74 1507 77 1512 .
137 1470 295 1522 fensio,
317 1472 393 1527 qui
424 1471 622 1528 negabit,
645 1485 690 1512 se
720 1470 890 1522 fecisse,
913 1470 1031 1526 quod
1063 1479 1307 1526 cogeretur,
1339 1481 1441 1508 cum
1472 1465 1609 1508 altera

136 1528 211 1571 lex
233 1530 520 1585 permitteret.
566 1530 669 1571 Plus
689 1529 805 1570 enim
830 1528 943 1570 valet
967 1528 1136 1569 sanctio
1160 1525 1458 1583 permissione.
1492 1523 1609 1565 Item

137 1586 212 1630 illa
229 1586 425 1628 defensio
449 1587 591 1629 tenuis
611 1596 690 1639 est,
713 1602 814 1629 cum
833 1587 1080 1628 ostenditur
1102 1585 1145 1626 id
1169 1585 1335 1626 factum
1356 1597 1463 1633 esse,
1487 1581 1610 1637 quod

124 1645 279 1689 66111611-
303 1645 484 1697 sanciat,
511 1647 582 1687 cui
611 1645 698 1703 legi
730 1646 1011 1702 obrogatum,
1039 1643 1109 1685 vel
1139 1643 1400 1698 derogatum
1431 1640 1513 1682 sit:
1546 1639 1608 1691 id,

136 1703 256 1760 quod
294 1704 524 1760 posteriori
556 1704 652 1760 lege
684 1704 901 1745 sancitum
934 1703 1004 1753 sit,
1037 1717 1129 1744 esse
1161 1703 1427 1757 neglectum.
1489 1697 1609 1739 Cum

135 1760 234 1803 haec
266 1771 393 1803 erunt
415 1762 704 1813 considerata,
729 1761 877 1802 statim
900 1771 1059 1802 nostrae
1091 1759 1199 1816 legis
1222 1757 1516 1814 expositione,
1539 1769 1608 1796 re-

138 1818 365 1871 citatione,
399 1820 722 1861 collaudatione.
767 1829 955 1860 utemur.
1019 1817 1192 1859 Deinde
1230 1814 1462 1858 contrariae
1495 1813 1606 1870 legis

137 1877 426 1919 enodabimus
454 1877 740 1927 voluntatem,
763 1886 807 1918 et
828 1891 924 1918 eam
950 1876 1169 1917 trahemus
1199 1875 1251 1915 ad
1275 1883 1435 1915 nostrae
1459 1886 1606 1914 causae

137 1935 435 1977 commodum.
498 1935 671 1977 Deinde
695 1934 749 1976 de
764 1933 1006 1990 juridiciali
1029 1933 1229 1974 absoluta
1257 1945 1476 1973 sumemus
1499 1929 1605 1970 rati-

137 2007 268 2034 onem
284 1992 413 2048 juriS,
432 2001 476 2034 et
494 2007 739 2049 quaeremus
759 2001 927 2049 partem
940 1991 1069 2047 JuriS,
1087 2000 1230 2032 utrum
1253 2003 1354 2031 cum
1373 2003 1423 2029 ea
1441 1987 1601 2038 faciat3

138 2050 192 2091 de
213 2065 301 2106 qua
322 2060 445 2107 parte
466 2051 684 2107 posterius
717 2050 993 2091 disseremus.
1026 2049 1072 2091 Si
1096 2049 1354 2104 ambiguum
1377 2056 1442 2087 est
1466 2045 1601 2102 scrip·
1620 2039 1683 2086 ll

137 2116 248 2162 111111,
271 2117 320 2150 111
341 2119 450 2165 puta
471 2109 590 2165 quod
611 2109 657 2150 in
679 2108 785 2150 duas
808 2117 883 2150 aut
903 2107 1046 2166 plures
1061 2106 1296 2148 sententias
1312 2105 1424 2146 trahi
1448 2105 1601 2161 possit,
1617 2111 1665 2145 16

163 2236 220 2266 ’40
240 2233 500 2266 Οαῑτιτηηίαὲονίς
513 2244 578 2265 esse

137 2287 252 2312 omnes
266 2278 382 2318 scripti
397 2282 432 2307 et
454 2277 547 2308 editi.
593 2277 848 2317 Oudendorpins

136 2320 282 2362 officium
305 2319 406 2350 deleri
423 2320 508 2357 vult,
524 2320 611 2360 quod
624 2319 722 2351 facile
746 2320 849 2351 lecto-

136 2373 208 2394 rem
235 2362 386 2400 offendst,
414 2362 587 2393 adsuetum
611 2363 850 2402 significationi

135 2406 229 2437 verbi
243 2405 374 2436 ethicae.
401 2405 464 2436 Sed
477 2412 528 2436 est
541 2415 636 2446 opuS,
653 2407 825 2445 negotium
838 2417 848 2444 3

129 2448 302 2488 quomodo
325 2447 388 2478 hoc
412 2448 547 2478 verbum
571 2453 686 2479 nostro
708 2453 743 2479 et
769 2448 848 2479 alibi

137 2491 272 2528 dicitur,
286 2496 324 2521 ut
337 2501 437 2532 supra
450 2491 661 2530 monuimus3
684 2501 786 2531 eaque
799 2495 851 2522 est

138 2535 274 2575 propria
288 2533 378 2564 verbi
394 2534 452 2564 vis.
727 2535 737 2549 ‘³

180 2579 218 2607 41
244 2576 331 2618 ‚Quoe
358 2575 625 2615 omnia—dicet]
665 2575 851 2612 Edidimu3‚

133 2622 177 2649 ut
190 2619 324 2650 voluere
345 2619 378 2650 J.
404 2619 590 2650 Gronovius
604 2624 640 2649 et
657 2618 852 2648 Oudendor-

137 2662 221 2702 pius.
237 2661 318 2692 Mss.
332 2661 400 2692 fere
420 2662 586 2692 fluctuant
606 2661 696 2692 inter
716 2663 853 2691 voluisse

138 2708 174 2734 et
187 2705 335 2735 noluisse.
381 2704 482 2736 Dicet
505 2704 631 2735 habent
645 2713 760 2734 omnes
783 2704 853 2734 Ou-

138 2745 368 2787 dendorpiani,
395 2752 430 2778 et
457 2748 523 2778 duo
551 2746 591 2777 de
617 2747 752 2783 nostris,
783 2756 850 2776 non

138 2789 275 2821 dubitet.
309 2789 435 2821 Totum
450 2790 550 2831 plane
569 2790 615 2820 sic
638 2789 765 2820 'nabent
778 2789 851 2820 edd.

139 2830 277 2864 Mediol.
301 2835 392 2865 1474.
420 2838 456 2863 et
479 2832 577 2863 Jnnt.
614 2831 661 2863 At
686 2831 736 2862 ed.
757 2835 849 2866 1474.

138 2878 274 2905 tantum
289 2875 384 2906 dicet,
400 2874 538 2906 Mediol.
556 2877 647 2909 1498.
660 2874 850 2915 vulgatum,

140 2921 175 2948 et
190 2916 268 2947 hinc
282 2917 356 2948 Ald.

180 2961 224 2992 42
246 2959 524 3003 Excerptarum]
563 2959 645 2993 Mss.
678 2959 790 3002 plures
817 2964 853 2992 et

591 2232 764 2275 officium]
794 2234 848 2265 Sic

891 2232 964 2264 edd.
979 2236 1062 2264 vett.
1078 2235 1303 2272 exceptarum.
1340 2229 1523 2261 Lambinus
1538 2230 1607 2270 pri-

892 2287 966 2307 mus
982 2276 1085 2307 edidit
1101 2276 1344 2314 exsertharum
1354 2287 1364 2306 ;
1389 2273 1446 2303 sed
1462 2273 1608 2313 conjecit

892 2323 1136 2359 erceisstarum,
1153 2318 1241 2357 quod
1253 2316 1371 2347 deinde
1391 2316 1426 2346 in
1443 2316 1536 2346 bonis
1553 2326 1607 2345 co-

892 2361 1020 2392 dicibus
1036 2366 1204 2401 repertum
1219 2364 1255 2391 et
1277 2360 1313 2390 in
1326 2364 1458 2389 textum
1473 2358 1607 2390 illatum

892 2410 944 2435 est
959 2416 978 2435 a
994 2405 1150 2435 Cratero.

934 2450 976 2478 43
1001 2447 1100 2478 AVum
1119 2456 1184 2486 qua
1203 2445 1370 2484 obrogatio
1389 2446 1450 2474 aut
1469 2442 1608 2482 deroga·

893 2490 938 2520 tio
951 2490 1018 2529 sih]
1037 2489 1218 2527 Abrogatz'o
1232 2488 1359 2518 editum
1376 2491 1427 2516 est
1450 2495 1550 2526 nsque
1565 2485 1608 2516 ad

893 2531 1108 2568 Lambhxum,
1121 2532 1175 2570 qui
1191 2531 1230 2561 de
1244 2532 1437 2570 conjectura
1449 2529 1540 2559 dedit
1556 2529 1608 2558 ob-

894 2576 1035 2614 rogatio,
1051 2574 1108 2605 sed
1120 2574 1270 2604 uraevius
1283 2581 1416 2603 manere
1431 2572 1538 2601 voluit
1550 2571 1609 2601 ab-

895 2618 1037 2657 rogatio,
1053 2623 1093 2648 ut
1108 2623 1143 2647 et
1156 2615 1422 2656 Oudendorpius.
1459 2614 1608 2653 Abroga-

894 2662 944 2691 tio
959 2661 1056 2701 plane
1080 2659 1191 2690 aliena
1205 2663 1265 2690 est·
1302 2658 1391 2689 Nam
1409 2658 1513 2697 leges,
1534 2665 1608 2696 quae

896 2703 931 2733 in
959 2703 1081 2734 caussis
1108 2702 1336 2743 proferuntur,
1364 2710 1433 2731 non
1467 2703 1608 2740 possunt

893 2755 963 2776 esse
986 2747 1165 2785 abrogatae.
1210 2744 1274 2774 Sed
1295 2748 1407 2784 potest
1430 2741 1553 2781 aliquid
1572 2742 1609 2772 in

893 2788 966 2829 lege
990 2793 1159 2819 mutatum
1173 2797 1242 2818 6556
1263 2785 1456 2827 obrogando
1472 2788 1531 2815 aut
1552 2784 1608 2814 de-

895 2831 1056 2872 rogando,
1088 2831 1160 2870 lege
1197 2831 1352 2860 universa
1386 2828 1448 2859 salx
1458 2838 1487 2858 a.
1534 2826 1609 2857 Hoc

895 2875 999 2914 igitur
1026 2873 1206 2904 videndum
1227 2882 1296 2905 esse
1327 2873 1363 2904 in
1390 2870 1452 2902 tali
1480 2878 1610 2908 caussa,

896 2916 1049 2960 praecipit
1063 2923 1190 2948 auctor.
