1945 3235
361 182 435 215 1⁶20
825 176 906 214 DE
931 174 1312 215 INVENTIONE

358 289 401 321 et
423 278 639 334 justitiam
661 279 842 320 retinere
862 280 1086 331 discerent,
1109 289 1151 321 et
1180 280 1272 321 aliis
1293 293 1439 335 parere
1461 293 1536 320 sua
1561 279 1781 322 voluntate

359 346 699 387 consuescerent,
721 352 770 378 ac
793 352 876 377 non
901 338 1029 378 modo
1052 339 1215 378 labores
1241 336 1518 392 excipiendos
1540 338 1778 379 communis

359 393 574 436 commodi
597 409 738 443 causa,
761 394 831 434 secl
851 395 979 435 etiam
1004 395 1134 435 vitain
1160 393 1438 434 amittendam
1460 393 1779 437 existimarent:

360 451 432 506 qui
458 450 626 492 tandem
651 451 740 491 fieri
772 451 926 505 potuit,
949 451 1028 492 nisi
1060 452 1252 492 homines
1271 465 1334 500 ea,
1356 465 1452 504 quae
1477 450 1641 491 ratione
1663 450 1780 493 inve-

358 509 534 558 nissent,
569 508 811 562 eloquentia
844 508 1092 563 persuadere
1122 509 1386 564 potuissent?
1418 506 1619 549 Profecto
1640 521 1782 559 nemo,

360 566 441 606 nisi
465 566 582 621 gravi
615 580 663 605 ac
693 564 810 604 suavi
834 575 1074 605 commotus
1107 566 1312 614 oratione,
1335 579 1432 605 cum
1463 564 1621 605 viribus
1651 563 1782 620 pluri-

359 637 478 664 mum
511 632 666 677 posset,
697 621 747 661 ad
766 621 838 675 jus
869 621 1071 662 voluisset
1100 623 1189 663 sine
1222 623 1262 663 vi
1294 622 1571 663 descendere:
1595 629 1643 661 ut
1672 621 1784 663 inter

359 694 467 735 quos
502 687 644 734 posset
675 678 896 728 excellere,
919 693 1017 719 cum
1051 679 1100 720 iis
1132 694 1174 720 se
1209 688 1422 734 pateretur
1444 677 1618 734 aequari,
1642 685 1687 719 et
1708 692 1784 720 sua

361 736 580 777 voluntate
602 750 625 775 a
640 735 954 789 jucundissima
976 736 1283 776 cousuetudine
1306 736 1533 787 recederet,
1554 749 1650 791 quae
1674 749 1784 791 prae-

360 793 505 835 sertim
522 792 616 845 jain
644 802 806 833 naturae
830 792 916 832 vim
946 793 1159 833 obtineret
1193 802 1365 848 propter
1388 801 1658 834 vetustatem.
1717 791 1784 834 Ac

362 850 500 906 primo
523 849 696 903 quidem
719 850 779 890 sic
812 858 855 889 et
886 859 997 899 nata,
1028 858 1071 890 et
1101 864 1324 905 progressa
1345 849 1514 906 longius
1541 849 1786 904 eloquentia.

362 907 556 956 videtur;
576 915 618 946 et
637 907 737 946 item
759 914 908 962 postea
930 907 1128 947 maximis
1152 907 1193 947 in
1218 907 1341 947 rebus
1361 908 1477 962 pacis
1499 916 1542 947 et
1565 905 1662 948 belli
1685 920 1785 947 cum

363 963 538 1004 summis
559 963 780 1003 hominum
804 963 1060 1003 utilitatibus
1079 978 1168 1004 esse
1187 972 1364 1004 versata.
1427 964 1662 1019 Postquam
1685 977 1785 1004 vero

361 1025 382 1053 9
405 1020 688 1061 commoditas
710 1020 924 1074 quaedam,
953 1034 1083 1075 prava
1109 1020 1277 1061 virtutis
1311 1021 1534 1071 imitatrix,
1566 1021 1656 1061 sine
1685 1020 1787 1061 rati-

363 1091 446 1118 one
464 1077 611 1127 officii,
630 1077 798 1118 dicendi
818 1077 988 1132 copiam
1010 1088 1240 1118 consecuta
1261 1086 1350 1128 est,
1372 1087 1463 1118 tum
1486 1078 1659 1132 ingenio
1678 1076 1788 1118 freta

364 1134 542 1184 malitia,
569 1144 807 1190 pervertere
830 1136 969 1184 urbes,
991 1143 1035 1174 et
1057 1135 1165 1175 vitas
1189 1134 1413 1175 hominum
1435 1134 1692 1175 labefactare
1720 1148 1787 1175 as-

318 1200 351 1248 3
367 1192 518 1233 suevit.
566 1191 709 1246 Atque
729 1190 854 1246 hujus
877 1205 1047 1246 quoque
1068 1192 1293 1233 exordium
1314 1190 1429 1243 mali,
1447 1190 1650 1246 quoniam
1672 1191 1790 1246 prin-

365 1249 527 1306 cipium
551 1249 651 1289 boni
671 1248 874 1298 diximus,
896 1248 1175 1304 explicemus.

330 1312 354 1344 4
425 1305 789 1347 verisimillimum
814 1305 918 1346 mihi
950 1306 1131 1356 videtur,
1155 1305 1341 1360 quodam
1371 1313 1563 1360 tempore
1584 1319 1722 1360 neque
1743 1303 1788 1346 in

363 1363 547 1418 publicis
569 1363 694 1403 rebus
724 1362 908 1404 infantes
941 1373 984 1403 et
1014 1363 1261 1418 insipientes
1295 1362 1488 1404 homines
1519 1362 1665 1403 solitos
1697 1375 1789 1404 esse

363 1421 535 1470 versari,
555 1434 633 1461 nec
655 1434 754 1461 vero
777 1420 830 1460 ad
855 1420 1040 1476 privatas
1062 1435 1209 1461 causas
1231 1434 1411 1475 magnos
1433 1435 1482 1460 ac
1501 1419 1681 1460 disertos
1709 1418 1789 1460 ho-

318 1491 321 1495 ·
361 1477 498 1518 mines
521 1477 745 1519 accedere:
767 1476 837 1518 sed
861 1492 959 1517 cum
977 1492 1002 1517 a
1024 1478 1200 1518 summis
1223 1477 1322 1516 viris
1346 1477 1546 1517 maximae
1570 1490 1634 1517 res
1652 1475 1790 1516 admi-

362 1533 658 1584 nistrarentur,
689 1535 871 1575 arbitror
901 1534 1005 1575 alios
1037 1534 1167 1575 fuisse
1197 1548 1283 1574 nou
1323 1533 1544 1574 incallidos
1577 1532 1788 1584 homines,

363 1591 437 1646 qui
460 1591 511 1631 ad
536 1606 686 1646 parvas
717 1591 1027 1632 controversias
1050 1592 1315 1648 privatorum
1346 1590 1610 1632 accederent.
1632 1589 1789 1645 quibus

365 1647 407 1688 in
425 1648 726 1689 controversiis
740 1663 838 1690 cum
857 1662 971 1704 saepe
989 1663 1014 1689 a
1031 1649 1254 1689 mendacio
1273 1657 1423 1689 contra
1436 1661 1581 1688 verum
1595 1646 1791 1688 homines

364 1713 474 1745 stare
505 1713 846 1756 consuescerent,
877 1705 1046 1746 dicendi
1085 1706 1310 1746 assiduitas
1341 1705 1446 1746 aluit
1475 1704 1712 1754 audaciam,
1741 1711 1790 1744 ut

362 1763 602 1803 necessario
625 1764 861 1818 superiores
884 1762 943 1803 illi
966 1771 1139 1818 propter
1167 1762 1344 1817 injurias
1375 1761 1536 1803 civium
1557 1761 1582 1786 ²*
1598 1761 1791 1802 resistere

363 1818 610 1870 audacibus,
633 1829 676 1860 et
697 1819 899 1876 opitulari
927 1820 1013 1860 suis
1046 1821 1226 1876 quisque
1250 1818 1497 1861 necessariis
1518 1825 1789 1874 cogerentur.

365 1875 517 1931 Itaque
546 1891 644 1917 curn
667 1877 710 1917 in
733 1877 915 1919 dicendo
941 1891 1054 1933 saepe
1076 1891 1165 1932 par,
1186 1890 1495 1931 nonnunquam
1513 1875 1644 1916 etiam
1665 1888 1791 1931 supe-

359 1933 449 1978 sior
479 1934 593 1974 visus
621 1943 732 1974 esset
754 1934 802 1985 is,
824 1934 913 1989 qui,
938 1935 1096 1975 omisso
1127 1933 1268 1975 studio
1297 1932 1533 1990 sapientiae,
1566 1931 1675 1973 nihil
1707 1931 1789 1973 sibi

363 1998 519 2046 praeter
540 1991 828 2046 eloquentiam
851 2000 1154 2047 comparasset,
1187 1990 1331 2041 fiebat,
1354 1999 1402 2031 ut
1431 1999 1474 2031 et
1501 1988 1797 2031 multitudinis-

362 2057 406 2087 et
429 2061 504 2088 suo
520 2047 704 2102 judicio,
726 2048 897 2103 dignuS,
921 2049 994 2102 qui
1025 2047 1334 2104 rempublicam
1357 2055 1536 2102 gereret,
1558 2045 1788 2087 videretur.

364 2102 484 2145 Hinc
506 2105 707 2145 nimirum
733 2108 868 2145 ¹0non
891 2105 1062 2159 injuria,
1083 2120 1180 2145 cum
1201 2104 1253 2145 ad
1276 2102 1565 2159 gubernacula
1586 2101 1789 2157 reipubli-

363 2175 426 2202 cae
450 2161 661 2202 temerarii
695 2170 823 2215 atque
855 2162 1035 2202 audaces
1066 2161 1260 2202 homines
1291 2166 1573 2210 accesserant,
1595 2159 1789 2200 maxima

362 2232 413 2258 ac
431 2218 667 2258 miserrima
688 2217 912 2273 naufragia
932 2217 1107 2259 fiebant.
1168 2218 1338 2265 Quibus
1361 2217 1485 2258 rebus
1507 2221 1676 2257 tantum
1698 2215 1788 2257 odii

363 2284 491 2330 atque
521 2275 693 2316 invidiae
717 2275 904 2329 suscepit
925 2274 1182 2330 eloquentia,
1204 2284 1253 2315 ut
1280 2273 1474 2315 homines
1497 2271 1789 2329 ingeniosissi-

362 2331 437 2381 mi,
459 2332 579 2386 quasi
602 2345 656 2372 ex
684 2331 826 2387 aliqua
860 2332 1031 2373 turbida
1065 2341 1318 2388 tempestate
1348 2332 1391 2372 in
1423 2339 1611 2385 portum,
1644 2330 1704 2371 sic
1733 2343 1789 2370 ex

363 2388 566 2429 seditiosa
586 2398 629 2429 et
651 2389 914 2429 tumultuosa
935 2389 1024 2430 vita
1045 2404 1087 2430 se
1107 2391 1149 2430 in
1173 2389 1362 2430 studium
1384 2387 1555 2444 aliquod
1575 2386 1791 2428 traderent

363 2446 572 2500 quietum.
634 2446 778 2492 Quare
800 2445 906 2486 mihi
930 2447 1127 2488 videntur
1160 2456 1308 2502 postea
1340 2454 1482 2486 cetera
1513 2443 1654 2485 studia
1675 2451 1792 2484 recta

362 2511 490 2557 atque
513 2502 706 2553 honesta,
719 2517 793 2557 per
811 2503 948 2544 otium
962 2503 1259 2545 concelebrata
1277 2503 1331 2544 ab
1350 2501 1539 2558 optimis,
1561 2499 1788 2542 enituisse:

362 2557 446 2600 hoc
477 2574 575 2599 vcro
605 2574 630 2600 a
662 2560 872 2616 plerisque
897 2574 1044 2602 eorum
1066 2561 1282 2602 desertum
1310 2557 1570 2601 obsolevisse
1599 2571 1651 2599 eo
1682 2565 1790 2599 tem-

402 2691 422 2721 9
440 2687 653 2719 Commoditas
665 2688 837 2729 quendam]
862 2688 968 2729 Quem
982 2699 1054 2720 sen·
1139 2692 1158 2711 θ
1173 2689 1253 2720 Cod.
1267 2688 1427 2720 Grevenb.
1441 2692 1576 2718 restare.

360 2740 432 2762 sum
460 2734 566 2770 potest
590 2729 708 2760 habere
731 2731 762 2761 h.
786 2731 807 2761 l.
835 2732 1054 2768 commoditas,
1143 2734 1179 2762 10
1205 2732 1283 2763 Non
1306 2729 1458 2773 injuria]
1496 2728 1636 2760 Nullum
1658 2736 1791 2762 sensum

361 2778 419 2804 aut
441 2770 602 2811 quomodo
624 2773 757 2803 virtutis
778 2773 944 2803 imitatrix
966 2773 1051 2804 diei?
1097 2773 1305 2804 commodum
1321 2772 1374 2803 hic
1391 2772 1510 2803 habere
1524 2775 1650 2812 potest:
1671 2769 1727 2801 sed
1740 2770 1791 2801 in·
1809 2785 1814 2790 =

361 2814 529 2854 Scripsisse
553 2813 742 2844 Ciceronem
766 2815 907 2845 arbitror
929 2816 1055 2845 callidi·
1096 2817 1284 2856 terpunctio
1299 2815 1416 2846 vitiosa
1429 2818 1491 2852 est,
1512 2823 1584 2853 quae
1598 2813 1644 2844 sic
1658 2812 1728 2843 fieri
1742 2811 1791 2842 vi-

361 2862 423 2887 tas.
468 2856 548 2886 Mox
561 2866 588 2885 c.
604 2857 633 2886 3.
650 2855 685 2886 in
699 2856 810 2888 eadem
827 2867 861 2887 re
875 2866 938 2888 non
954 2858 1055 2888 incat-
1097 2857 1193 2888 detur
1214 2857 1346 2889 debere:
1370 2866 1433 2886 non
1456 2855 1596 2899 injuria,
1618 2853 1792 2895 cum—ste-

362 2899 419 2929 Ιῑόὶ
434 2900 584 2929 homines.
1099 2900 1188 2938 bane,
1203 2900 1243 2931 iis
1256 2900 1350 2931 rebus
1364 2899 1423 2930 &c-
