1945 3235
331 161 405 194 140
795 158 875 196 DE
901 155 1286 197 INVENTIONE

294 266 324 295 b.
340 268 383 300 et
412 273 498 314 quo
519 274 649 312 more,
671 267 714 303 et
742 261 864 319 cujus
887 262 1092 305 arbitratu
1116 263 1171 304 sit
1191 262 1410 311 educatus,
1432 274 1538 317 quos
1557 261 1762 306 habuerit

339 317 494 357 artium
517 316 750 360 liberalium
772 321 1011 377 magistros,
1031 334 1137 375 quos
1157 319 1325 360 vivendi
1350 325 1648 375 praeceptores,
1665 319 1761 377 qui-

339 373 417 414 bus
447 374 594 417 amicis
621 384 779 427 utatur,
801 393 885 434 quo
918 378 959 418 in
992 376 1181 431 negotio,
1203 384 1386 432 quaestU‚
1408 375 1599 418 artificio·
1612 376 1668 420 sit
1687 392 1761 420 oc-

337 439 541 486 cupatus:
573 448 657 488 quo
690 436 817 475 modo
849 449 936 475 rem
959 432 1209 474 familiarem
1242 433 1522 484 administret,
1549 448 1635 490 qua
1654 449 1758 476 con-

337 488 559 531 suetudine
589 491 824 532 domestica
854 492 922 531 sit.
983 489 1033 531 In
1066 489 1236 531 fortuna
1265 491 1484 546 quaeritur,
1517 501 1666 532 servus·
1690 491 1761 542 sit,

335 559 387 585 an
419 544 548 588 liber:
590 549 858 602 pecuniosus,
888 562 942 588 an
977 547 1138 589 tenuis:
1179 548 1385 604 privatus,
1416 562 1469 587 an
1507 561 1605 589 cum
1638 553 1761 604 pote-

336 610 470 643 state:
503 604 534 643 si
567 619 664 644 cum
697 613 921 660 potestate,
948 605 1047 659 jure
1076 620 1127 646 an
1160 605 1339 660 injuria:
1381 603 1500 655 felix,
1525 604 1677 656 claru8‚
1706 619 1762 646 an

337 669 510 701 contra:
543 661 685 715 quales
718 661 873 702 liberos
905 661 1076 702 habeat.
1136 661 1201 703 Ac
1235 663 1268 703 si
1308 662 1359 702 de
1392 676 1476 702 non
1511 661 1611 703 vivo
1643 675 1763 716 quae-

339 727 466 764 retur,
500 718 628 758 ctiam
660 719 771 774 quali
803 729 941 760 morte
975 719 1028 759 sit
1059 719 1251 770 affectus,
1281 719 1361 760 erit
1391 718 1762 760 considerandum.

276 785 327 820 36
341 773 552 814 Habitum
574 784 714 815 autem
738 775 1012 832 appellamus,
1035 776 1165 817 animi
1188 786 1261 817 aut
1282 776 1472 832 corporis
1494 783 1763 818 constantem

337 840 381 871 et
403 829 640 873 absolutam
663 832 802 888 aliqua
825 834 866 874 in
891 848 933 874 re
965 832 1297 889 perfectionem3
1329 842 1376 874 ut
1398 833 1583 885 virtutis,
1604 839 1678 874 aut
1695 847 1763 874 ar-

335 887 390 928 tis
422 889 740 944 perceptionem
772 890 966 944 alicujus,
989 899 1062 931 aut
1083 891 1277 946 quamvis
1308 891 1555 943 seientiam3
1586 897 1630 931 et
1658 890 1764 932 item

335 945 528 1000 corporis
566 946 751 1002 aliquam
789 947 1154 997 commoditatem,
1194 962 1278 988 non
1316 957 1468 989 natura
1501 948 1660 999 datam,
1690 947 1764 989 sed

337 1002 478 1042 studio
502 1003 793 1059 industriaque
815 1013 995 1060 partam.
1018 1003 1205 1045 Affectio
1227 1012 1305 1054 est,
1324 1005 1454 1045 animi
1477 1013 1552 1046 aut
1572 1004 1764 1060 corporis

335 1072 390 1099 ex
414 1067 619 1116 tempore,
650 1061 792 1117 aliqua
821 1062 872 1103 de
894 1076 1034 1113 causa,
1057 1062 1354 1113 commutatio,
1375 1070 1425 1102 ut
1451 1061 1620 1113 laetitia,
1641 1061 1763 1118 cupi-

335 1115 461 1167 ditas,
479 1127 633 1169 metus,
652 1119 860 1171 molestia,
879 1119 1068 1170 morbus,
1087 1119 1299 1170 debilitas,
1318 1127 1361 1159 et
1378 1118 1474 1170 alia,
1492 1133 1589 1174 quae
1609 1132 1764 1174 genere

334 1173 378 1213 in
401 1173 551 1216 eodem
581 1177 862 1231 reperiuntur.
922 1180 962 1210 74
977 1175 1177 1217 Studium
1198 1184 1262 1217 est
1283 1176 1414 1217 animi
1437 1175 1607 1217 assidua
1626 1183 1671 1216 et
1690 1189 1763 1217 ve·

334 1230 510 1272 hemens
529 1232 581 1272 ad
604 1233 789 1288 aliquam
811 1248 896 1274 rem
921 1233 1136 1290 applicata
1152 1244 1311 1289 magna
1328 1248 1427 1274 cum
1446 1233 1667 1274 voluntate
1688 1247 1763 1274 oc-

333 1289 522 1344 cupatio,
550 1298 598 1329 ut
635 1290 1166 1347 philosophiae,·po'eticae,
1198 1291 1461 1347 geometriae‚
1499 1289 1763 1334 litterarum:

333 1345 560 1387 consilium
582 1357 646 1388 est
667 1347 827 1403 aliquid
846 1348 1046 1399 faciendi,
1068 1351 1108 1381 75
1119 1356 1192 1388 aut
1213 1362 1300 1388 non
1323 1346 1510 1389 faciendi
1530 1347 1666 1401 [vere]
1688 1361 1765 1388 ex-

332 1403 526 1459 cogitata
554 1405 677 1445 ratio.
742 1405 873 1446 Facta
902 1413 1059 1456 autem,
1081 1412 1124 1445 et
1149 1419 1285 1455 casus,
1308 1414 1351 1446 et
1381 1405 1595 1446 orationes
1627 1404 1765 1446 tribus

332 1472 388 1500 ex
411 1461 674 1516 temporibus
696 1462 1104 1513 considerabuntur,
1134 1462 1238 1517 quid
1265 1461 1430 1513 fecerit,
1451 1469 1526 1503 aut
1547 1460 1650 1517 quid
1682 1461 1765 1518 ipsi

332 1516 549 1568 acciderit,
573 1528 647 1559 aut
676 1519 778 1574 quid
801 1519 988 1570 dixerit3
1020 1527 1093 1559 aut
1115 1518 1218 1574 quid
1240 1517 1385 1571 faciat,
1407 1518 1511 1575 quid
1539 1517 1621 1575 ipsi
1651 1517 1766 1559 acci-

333 1573 422 1624 dat,
441 1575 544 1629 quid
566 1576 706 1628 dicat3
729 1585 803 1617 aut
824 1576 927 1632 quid
950 1575 1139 1616 facturus
1162 1575 1231 1627 sit,
1250 1575 1352 1631 quid
1375 1576 1456 1633 ipsi
1476 1589 1673 1617 casurum
1687 1575 1766 1626 sit,

333 1644 419 1685 qua
441 1632 495 1672 sit
517 1647 667 1674 usurus
686 1633 892 1675 oratione.
953 1631 1020 1674 Ac
1041 1633 1233 1690 personis
1255 1633 1429 1688 quidem
1449 1632 1546 1674 haee
1567 1632 1767 1674 videntur

334 1701 424 1729 esse
442 1689 664 1731 attributa.

251 1732 323 1787 26
394 1745 594 1802 Negotiis
627 1755 770 1789 autem
799 1762 896 1803 quae
931 1754 1029 1788 sunt
1060 1747 1281 1799 attributa,
1310 1746 1468 1804 partim
1501 1753 1601 1787 sunt
1629 1746 1770 1788 conti·

270 1811 323 1849 37
334 1804 480 1844 nentia
501 1819 599 1845 cum
622 1805 715 1861 ipso
746 1805 937 1860 negotio,
959 1804 1117 1861 partim
1146 1806 1190 1846 in
1213 1804 1408 1862 gestione
1436 1803 1602 1860 negotii
1623 1803 1767 1845 eonsi-

333 1860 548 1912 derantur,
568 1862 724 1918 partim
755 1862 960 1917 adjuncta
977 1863 1154 1918 negotio
1186 1871 1299 1915 sunt,
1320 1860 1478 1918 partim
1503 1869 1672 1917 gestum
1693 1875 1768 1902 ne-

332 1918 501 1974 gotium
523 1927 857 1975 consequuntur.
920 1917 1201 1961 Continentia
1222 1934 1320 1961 cum
1347 1919 1441 1975 ipso
1462 1918 1640 1975 negotio
1667 1925 1768 1959 sunt

330 1989 393 2027 ea,
427 1990 524 2031 quae
556 1990 722 2033 semper
754 1975 886 2017 affixa
914 1989 1004 2017 esse
1037 1975 1236 2018 videntur
1261 1976 1314 2018 ad
1340 1990 1445 2026 rem,
1470 1985 1619 2030 neque‘
1639 1975 1694 2016 ab
1716 1989 1768 2016 ea

329 2043 511 2087 possunt
540 2034 739 2089 separari.
773 2032 840 2074 Ex
863 2032 930 2073 his
953 2034 1091 2089 prima
1108 2043 1174 2075 est
1194 2033 1335 2075 brevis
1357 2031 1603 2088 complexio
1633 2032 1767 2073 totius

329 2089 509 2145 negotii,
539 2105 635 2151 quae
667 2104 877 2131 summam
907 2091 1101 2131 continet
1130 2090 1250 2142 facti,
1271 2090 1356 2130 hoc
1384 2089 1536 2131 modo:
1570 2087 1767 2130 Parentis

331 2146 506 2198 occisio,
547 2148 714 2203 patriae,
751 2145 961 2203 proditio:
1014 2147 1168 2188 deinde
1193 2161 1321 2189 causa
1349 2145 1442 2201 ejus
1477 2159 1656 2187 summae
1691 2159 1768 2202 per

331 2218 475 2259 quam,
497 2212 540 2245 et
561 2205 856 2260 quamobrem,
878 2210 922 2244 et
942 2202 1065 2259 cujus
1096 2204 1155 2245 rei
1181 2217 1310 2245 causa
1330 2202 1494 2244 factum
1520 2204 1589 2254 sit,
1610 2203 1768 2259 quaeri-

332 2270 425 2302 tur:
457 2261 611 2302 deinde
644 2269 742 2302 ante
774 2275 862 2301 rem
893 2266 1066 2317 gestam'
1089 2275 1185 2318 quae
1212 2260 1328 2303 facta
1357 2268 1470 2313 sunt,
1495 2260 1767 2302 continenter

333 2332 467 2373 usque
485 2318 538 2360 ad
558 2319 699 2376 ipsum
722 2318 971 2374 negotium:
1003 2318 1172 2370 deinde,
1195 2318 1239 2359 in
1259 2319 1352 2374 ipso
1379 2317 1567 2374 gerendo
1587 2317 1766 2373 negotio

332 2375 435 2430 quid
458 2384 603 2417 actum
626 2375 706 2417 sit:
738 2375 906 2426 deinde,
930 2372 1033 2429 quid
1054 2384 1205 2431 postea
1227 2374 1390 2416 factum
1414 2375 1483 2415 sit.

268 2438 321 2473 38
391 2431 441 2473 In
461 2433 655 2489 gestione
676 2440 819 2474 autem
841 2431 1022 2488 negotii,
1044 2432 1117 2489 qui
1139 2433 1258 2474 Iocus
1282 2431 1490 2473 secundus
1512 2438 1604 2471 erat
1624 2429 1677 2471 de
1698 2430 1765 2482 iis,

370 2566 412 2598 74
435 2563 592 2594 Studium
605 2562 677 2603 εει]
703 2561 817 2594 Delevi
832 2566 955 2599 autem,
971 2572 1028 2593 an·
1070 2562 1187 2603 Itaque
1204 2563 1298 2594 uncis
1319 2561 1448 2592 inclusi.
1490 2560 1562 2592 Nec
1576 2565 1690 2592 tamen
1704 2560 1770 2592 dis-

329 2608 419 2637 ctore
434 2605 497 2636 Ms.
515 2605 602 2636 Leid.
619 2606 697 2644 quia
711 2605 824 2636 Cicero
848 2605 883 2634 in
897 2614 1027 2636 enarra·
1069 2605 1170 2646 plicet
1183 2605 1282 2636 lectio
1297 2604 1465 2635 rhetorum
1487 2601 1574 2643 apud
1591 2603 1767 2634 Pithoeum

327 2644 420 2678 tione
447 2648 634 2688 partitionis
659 2657 727 2678 non
748 2647 794 2678 sie
818 2646 913 2677 solet.
949 2647 1028 2677 Post
1070 2658 1103 2687 p.
1126 2650 1188 2682 370
1201 2652 1236 2678 et
1257 2647 1329 2681 276.
1350 2655 1413 2676 non
1423 2644 1626 2686 faciendive,
1640 2654 1713 2685 quae
1733 2650 1768 2676 et

329 2689 402 2721 dedi
420 2691 550 2729 poEticoe
563 2700 580 2720 e
603 2689 682 2720 Mss.
701 2689 762 2720 Gu.
780 2689 869 2720 Cass.
884 2694 919 2720 et
932 2689 1029 2719 vesti·
1071 2689 1142 2720 aliis
1164 2689 1240 2721 viris
1264 2687 1368 2722 doctis
1390 2687 1556 2728 probatur.
1606 2686 1768 2718 Definitio

329 2732 390 2771 giis
411 2730 552 2764 aliorum
574 2732 733 2762 librorum
755 2741 816 2763 scr.
830 2736 866 2762 et
887 2731 958 2762 edd.
971 2731 1026 2770 qui
1067 2732 1229 2772 reperitur
1251 2730 1297 2768 11,
1317 2734 1347 2764 9.
1371 2739 1443 2769 quae
1467 2738 1533 2760 non
1558 2729 1658 2760 habet
1679 2738 1765 2766 vere,

327 2774 602 2814 habentpoariae.
1068 2773 1123 2804 sed
1148 2773 1206 2810 sic,
1235 2776 1273 2803 ut
1301 2772 1463 2803 Rhetores
1485 2776 1766 2802 commemorant:

370 2819 410 2850 75
444 2817 514 2848 Aut
548 2826 612 2846 non
633 2815 787 2856 faciendi
816 2815 917 2855 [vere]
950 2814 1023 2855 &c.]
1069 2815 1124 2855 qui
1151 2819 1263 2845 tamen
1290 2824 1328 2844 ex
1357 2813 1414 2844 illo
1449 2814 1519 2854 ipso
1544 2813 1617 2843 loco
1645 2821 1767 2843 sumce-

330 2858 412 2888 Vere
438 2869 565 2900 semper
593 2858 745 2888 vitiosum
780 2858 905 2897 putavi,
933 2857 1026 2896 idque
1070 2861 1172 2896 runt,
1208 2861 1246 2886 ut
1268 2855 1304 2885 in
1328 2855 1467 2887 Alcuino
1495 2855 1612 2886 saltem
1639 2854 1765 2886 clarum

328 2899 448 2931 ‹lc-levit
470 2901 504 2931 in
528 2901 591 2932 Ms.
617 2900 703 2930 Coss,
734 2908 849 2930 mnus
874 2898 1026 2930 secunda.
1069 2905 1130 2928 cst.
