1945 3235
356 168 434 206 47'4
938 162 1214 201 BRUTUS.

360 276 523 308 tantem
540 266 750 321 judicem,
772 265 1017 323 loquentem
1036 283 1134 310 cum
1157 268 1304 318 altero,
1318 281 1640 324 nonnumquam
1658 268 1789 311 etiam

359 324 654 376 circulantem‚
675 325 971 366 21mittentem
995 326 1047 366 ad
1072 326 1211 376 horas,
1240 325 1529 380 quaesitorem,
1564 335 1611 366 ut
1642 326 1788 367 dimit-

361 390 439 431 tat,
462 391 711 438 rogantem:
743 382 961 439 intelligit,
984 393 1195 424 oratorem
1221 382 1263 423 in
1287 396 1337 423 ea
1354 398 1483 423 causa
1512 397 1598 423 non
1629 382 1789 433 adesse,

359 439 434 495 qui
457 440 593 496 possit
623 439 776 480 animis
802 439 1001 494 judicum
1032 440 1258 480 admovere
1288 440 1541 490 orationem,
1572 448 1789 494 tamquam

360 497 518 538 fidibus
551 511 742 538 inanum.
814 496 931 537 [dem
971 498 1004 537 si
1048 497 1294 552 praeteriens
1338 497 1584 553 adspexerit
1627 505 1790 537 erectos

360 554 628 595 22intuentes
644 554 831 608 judices,
855 563 903 593 ut
933 564 1006 594 aut
1027 554 1170 595 doceri
1201 555 1253 595 de
1276 569 1332 605 re,
1361 554 1489 609 idque
1511 555 1638 595 etiam
1671 553 1790 595 vultu

358 612 543 668 probare
565 611 809 652 videantur:
842 619 930 660 aut,
956 620 1002 651 ut
1031 625 1152 652 avem
1175 621 1303 653 cantu
1329 611 1487 667 aliquo,
1519 613 1580 654 sic
1613 611 1706 652 illos
1729 611 1792 651 vi-

359 669 471 709 derit
492 668 700 718 oratione,
735 668 855 721 quasi
887 682 1128 723 suspenSOS,
1151 670 1310 710 teneri:
1343 679 1431 720 aut,
1453 669 1496 710 id
1518 669 1632 724 quod
1651 668 1791 709 maxi-

358 740 428 767 me
451 741 558 781 opus
581 735 659 775 est,
680 723 986 776 misericordia,
1009 724 1124 775 odio,
1149 735 1266 767 motu
1297 726 1427 767 animi
1462 726 1605 781 aliquo
1627 734 1793 781 pertur-

360 783 483 824 batos
506 797 596 823 esse
621 782 939 823 vehementius:
972 797 1023 823 ea
1045 781 1077 822 si
1097 783 1344 837 praeteriens
1366 787 1434 835 (ut
1455 783 1566 834 dixi)
1585 784 1794 839 adspexe-

360 841 431 889 rit,
458 841 491 879 si
512 839 619 880 nibil
642 839 838 890 audierit,
861 847 1002 880 tamen
1027 850 1239 880 oratorem
1265 841 1419 880 versari
1450 841 1493 881 in
1514 840 1586 881 illo
1607 840 1794 896 judicie,

360 906 405 937 et
425 899 464 935 ‘33
476 911 583 953 opus
605 897 841 938 oratorium
863 896 969 948 fieri,
991 906 1066 937 aut
1087 895 1327 953 perfectum
1353 896 1446 952 jam
1469 912 1573 950 esse,
1597 897 1793 954 profecto

363 953 589 1010 intelliget.
839 987 842 989 .

281 1003 352 1054 55
422 1012 534 1054 Cum
557 1011 651 1052 haec
672 1009 978 1061 disseruissem,
998 1018 1177 1066 uterque
1198 1025 1391 1052 assensus
1422 1019 1500 1062 est,
1523 1019 1566 1052 et
1594 1026 1676 1066 ego
1700 1020 1795 1052 tan-

276 1078 350 1113 201
365 1084 493 1125 quam
514 1069 566 1110 de
585 1069 754 1124 integro
772 1068 957 1120 ordiens,
980 1068 1166 1115 Quando
1184 1068 1330 1124 igitur,
1354 1068 1544 1124 inquam,
1559 1083 1584 1109 a
1603 1068 1735 1109 Cotta
1752 1078 1797 1109 et

365 1127 558 1183 Sulpicio
588 1126 684 1167 haec
714 1126 853 1167 omnis
876 1125 1006 1166 fluxit
1026 1126 1178 1177 oratio,
1202 1141 1301 1167 cum
1323 1125 1401 1166 hos
1425 1125 1795 1181 maxiinejudicio

363 1185 534 1226 illorum
555 1183 796 1235 hominum,
818 1191 862 1224 et
880 1182 991 1224 illius
1023 1183 1162 1224 aetatis
1185 1183 1391 1225 dixissem
1414 1183 1636 1240 probatos,
1657 1196 1796 1224 rever-

363 1253 430 1283 tar
451 1242 504 1283 ad
526 1256 598 1282 eos
627 1241 768 1297 ipsos:
800 1250 892 1281 tum
922 1240 1121 1295 reliquos,
1151 1250 1199 1281 ut
1229 1240 1411 1291 institui,
1432 1240 1633 1297 deinceps
1656 1254 1796 1297 perse-

363 1314 485 1356 quar.
546 1299 765 1346 Quoniam
788 1312 890 1354 ergo
912 1306 1130 1339 oratorum
1153 1299 1362 1339 bonorum
1386 1298 1483 1350 (hos
1504 1299 1619 1340 enim
1641 1297 1799 1353 quaeri-

364 1359 480 1408 mus)
501 1357 587 1397 duo
619 1370 775 1412 genera
807 1364 920 1406 sunt,
942 1370 1075 1396 unum
1102 1364 1321 1397 attenuate
1353 1369 1594 1412 presseque,
1616 1355 1797 1396 alterum

367 1415 534 1456 sublate
556 1414 782 1470 ampleque
805 1413 1064 1454 dicentium:
1088 1413 1168 1453 etsi
1186 1413 1228 1454 id
1252 1413 1401 1453 melius
1420 1422 1498 1464 est,
1521 1413 1635 1468 quod
1658 1412 1798 1468 splen-

367 1473 509 1513 didius
530 1481 572 1512 et
594 1470 956 1527 magnificentius,
979 1479 1122 1510 tamen
1153 1471 1196 1510 in
1228 1470 1350 1511 bonis
1384 1471 1543 1521 omnia,
1564 1485 1659 1525 quae
1685 1485 1800 1511 sum-

281 1537 358 1571 20²2
370 1545 441 1571 ma
458 1539 571 1579 sunt,
587 1529 686 1583 jure
704 1528 945 1568 laudantur.
988 1527 1071 1567 Sed
1094 1528 1284 1569 cavenda
1304 1537 1368 1568 est
1389 1541 1534 1583 presso
1556 1527 1616 1568 illi
1639 1526 1799 1568 oratori

370 1587 519 1643 inopia.
548 1596 592 1626 et
619 1585 850 1641 jejunitas:
884 1584 1026 1640 amplo
1065 1592 1208 1625 autem
1238 1585 1436 1625 inflatum
1473 1595 1516 1626 et
1546 1593 1798 1640 corruptum

367 1644 573 1686 orationis
587 1658 737 1700 genus.
780 1641 1036 1682 Inveniebat
1051 1641 1185 1698 igitur
1200 1651 1326 1683 acute
1344 1641 1489 1693 Cotta,
1505 1641 1677 1683 dicebat
1697 1655 1799 1696 pure

367 1717 418 1743 ac
440 1702 595 1743 solute:
628 1710 672 1741 et
693 1710 741 1741 ut
757 1700 810 1741 ad
824 1699 1118 1740 infirmitatem
1140 1700 1320 1740 laterum
1344 1699 1602 1756 perscienter
1622 1708 1800 1739 conten-

368 1759 531 1800 tionem
574 1772 747 1799 omnem
787 1757 1020 1807 remiserat,
1054 1757 1114 1798 sic
1156 1757 1208 1798 ad
1258 1757 1414 1798 virium
1461 1755 1799 1797 imbecillitatem

370 1817 538 1858 dicendi
563 1814 921 1857 accommodabat
943 1829 1094 1870 genus.
1155 1813 1279 1855 Nihil
1309 1824 1399 1855 erat
1428 1814 1473 1854 in
1492 1814 1584 1869 ejus
1605 1813 1801 1855 oratione

239 1894 271 1925 p.
289 1885 357 1914 133.
371 1875 452 1916 nisi
475 1875 702 1923 sincerum,
719 1871 826 1913 nihil
847 1871 928 1913 nisi
952 1872 1129 1923 siccum,
1159 1881 1288 1927 atque
1309 1887 1482 1913 sanum:
1505 1871 1693 1927 illudque
1710 1885 1802 1911 ma-

330 1933 553 1982 ³·ximum,
584 1930 715 1987 quod,
746 1944 844 1971 cum
876 1929 1154 1970 contentione
1189 1929 1394 1970 orationis
1423 1930 1595 1970 flectere
1635 1928 1803 1969 animos

364 1990 562 2046 judicum
595 1989 669 2030 vix
702 1996 860 2043 posset,
891 2001 969 2028 nec
1000 1987 1177 2027 omnino
1218 2001 1269 2028 eo
1312 2001 1467 2043 genere
1501 1987 1677 2037 diceret,
1716 1996 1802 2026 tra-

371 2048 529 2089 ctando
554 2057 696 2087 tamen
720 2044 981 2101 impellebat,
1003 2054 1051 2084 ut
1082 2045 1194 2085 idem
1225 2044 1416 2085 facerent
1448 2059 1472 2084 a
1504 2058 1548 2085 se
1577 2042 1801 2092 commoti,

283 2114 359 2148 203
371 2105 485 2161 quod
511 2120 535 2144 a
554 2103 746 2159 Sulpicio
764 2101 986 2143 concitati.
1035 2101 1135 2142 Fuit
1155 2101 1269 2141 enim
1290 2101 1503 2157 Sulpicius
1526 2100 1592 2142 vel
1612 2100 1801 2141 maxime

371 2162 580 2212 omnium,
615 2175 723 2215 quos
755 2159 930 2214 quidem
963 2172 1045 2213 ego
1075 2158 1326 2210 audiverim,
1364 2158 1551 2213 grandis,
1582 2169 1640 2209 et,
1663 2169 1711 2198 ut
1740 2157 1802 2198 ita

368 2220 525 2269 dicam,
556 2218 744 2273 tragicus
777 2226 936 2257 orator.
976 2230 1062 2256 vox
1100 2230 1197 2256 cum
1239 2230 1410 2271 magna,
1445 2225 1536 2256 tum
1569 2215 1725 2265 suavis,
1757 2221 1802 2255 et·

369 2276 612 2333 splendida:
645 2283 791 2331 gestus
822 2282 865 2314 et
886 2283 1028 2313 motus
1051 2273 1242 2328 corporis
1264 2274 1325 2313 ita
1346 2281 1564 2323 venustus,
1587 2281 1636 2312 ut
1657 2281 1800 2313 tamen

368 2335 421 2375 ad
454 2334 608 2383 forum,
632 2346 716 2372 non
746 2331 799 2372 ad
833 2345 1002 2372 scenam
1030 2331 1251 2370 institutus
1284 2330 1521 2372 videretur:
1556 2329 1734 2371 incitata
1754 2336 1798 2369 et

369 2391 583 2441 volubilis,
618 2404 695 2430 nec
729 2403 780 2429 ea
809 2388 1048 2429 redundans
1081 2397 1239 2438 tamen,
1271 2402 1350 2429 nec
1381 2388 1682 2429 circumfluens
1704 2400 1798 2427 ora-

368 2450 445 2490 tio.
508 2448 707 2489 Crassum
742 2445 812 2486 hic
844 2445 1014 2486 volebat
1048 2445 1232 2496 imitari3
1266 2445 1397 2486 Cotta
1438 2444 1624 2485 malebat
1659 2442 1799 2484 Anto-

369 2507 512 2547 nium:
546 2505 617 2546 sed
639 2505 693 2545 ab
714 2503 798 2544 hoc
830 2503 892 2544 vis
915 2503 1062 2543 aberat
1083 2501 1280 2554 Antonii,
1303 2502 1446 2544 Crassi
1475 2503 1530 2543 ab
1560 2500 1632 2542 illo
1663 2501 1797 2558 lePOS.

412 2669 447 2698 21
474 2666 655 2696 mittentem
669 2666 714 2695 cul
726 2664 834 2704 horas]
852 2664 912 2694 int.
934 2673 1062 2694 servum
1104 2673 1178 2693 cero
1190 2663 1236 2692 ad
1233 2662 1379 2703 sorum?

370 2709 411 2740 ad
425 2708 605 2749 clepsydras
620 2708 820 2747 judiciarias,
835 2712 873 2736 ut
888 2706 1006 2742 videat,
1029 2710 1064 2735 et
1148 2707 1189 2736 2⁷⁶2
1210 2707 1371 2735 intuentes
1386 2703 1530 2745 judices]
1555 2714 1599 2735 sc.
1627 2709 1801 2736 oratorem.

369 2752 501 2787 referat,
515 2759 556 2780 an
571 2755 702 2789 tempus
715 2749 826 2779 datum
843 2748 882 2778 ad
892 2748 1065 2778 dicendum
1107 2747 1168 2777 Sed
1183 2747 1266 2777 forte
1277 2747 1391 2777 melius
1402 2747 1539 2777 intentos
1546 2745 1623 2788 jud.
1653 2747 1740 2777 Nam
1754 2747 1800 2778 sic

370 2804 447 2825 mox
469 2793 634 2823 exiturum
656 2792 716 2828 sit;
741 2790 828 2830 quod
849 2794 899 2820 est
921 2790 1008 2819 taedii
1031 2794 1065 2818 et
1107 2788 1298 2828 simpliciter
1309 2789 1371 2819 dici
1387 2790 1559 2825 intuentes,
1574 2789 1692 2819 durum
1707 2794 1768 2820 est.

370 2835 586 2877 ixnpatientiae
600 2834 741 2873 signum.
787 2832 847 2862 Sed
867 2832 999 2862 dubium
1017 2831 1062 2860 vi-
1145 2833 1184 2863 23
1207 2841 1283 2871 opus
1297 2831 1444 2873 mnfieri]
1470 2831 1553 2862 Fieri
1570 2831 1614 2870 id,
1629 2831 1716 2871 quod
1729 2841 1802 2862 ora-

370 2879 477 2915 detur,
491 2887 532 2908 an
554 2878 634 2907 hora
655 2876 700 2906 sic
724 2875 870 2911 dicatum
894 2873 980 2912 quod
1001 2883 1061 2911 ego
1102 2878 1208 2903 torem
1225 2874 1330 2905 facere
1345 2873 1511 2912 convenit,
1526 2878 1559 2904 et
1582 2875 1622 2905 ab
1635 2883 1674 2904 eo
1689 2883 1798 2914 exspe-

372 2920 516 2951 nondum
534 2920 647 2959 reperi.
692 2918 742 2948 An
759 2917 843 2948 forte
865 2916 993 2956 scripsit
1009 2916 1061 2947 ci·
1103 2919 1224 2946 ctatur.
