1945 3235
346 158 425 194 ⁴240
846 156 932 195 DE
967 155 1269 195 ORATORE

287 266 338 299 60
350 259 510 306 Quaero
531 258 660 309 enim,
689 274 788 300 num
813 262 948 317 possit
975 271 1048 303 aut
1075 271 1225 303 contra
1252 262 1564 316 imperatorem,
1595 269 1669 304 aut
1690 275 1767 320 pro

346 317 602 372 imperatore
622 317 720 367 dici,
752 319 842 358 sine
864 320 920 360 rei
955 320 1147 360 militaris
1169 333 1261 369 usu,
1291 328 1365 359 aut
1393 331 1506 372 saepe
1527 318 1655 360 etiam
1677 321 1768 361 sine

346 374 569 429 regionum
593 376 849 416 terrestrium
868 386 941 416 aut
964 377 1270 417 maritimarum
1300 375 1496 416 scientia:
1531 390 1629 416 num
1653 377 1767 433 apud

345 430 549 486 populum
580 431 632 471 de
664 431 1061 487 legilmsjubeudis,
1084 443 1155 472 aut
1182 433 1397 473 vetandis:
1431 446 1531 472 num
1555 432 1595 472 in
1620 443 1769 474 senatu

342 491 384 522 49
398 489 450 529 de
472 489 587 528 omni
614 488 857 543 reipublicae
880 504 1032 545 genere
1052 491 1174 543 [dici]
1199 490 1288 529 sine
1307 503 1471 530 summa
1493 503 1632 530 rerum
1660 490 1767 531 civi-

344 543 447 585 lium
470 545 731 601 cognitione,
762 555 804 586 et
827 546 1073 601 prudentia:
1107 562 1207 587 num
1230 547 1445 587 admoveri
1475 546 1609 601 possit
1629 547 1766 588 oratio

343 602 397 642 ad
433 616 576 642 sensns
615 602 851 642 animorum
886 615 1013 658 atque
1048 613 1188 644 motus
1225 603 1289 644 vel
1323 603 1662 654 inflammandos,
1700 603 1768 645 vel

343 658 470 698 etiam
506 659 855 713 exstinguendos,
887 660 1019 714 (quod
1052 675 1180 700 unum
1214 660 1256 700 in
1289 670 1456 701 oratore
1488 660 1767 711 dominatur‚)

345 715 436 755 sine
452 715 778 771 diligentissima
797 717 1155 772 pervestigatione
1173 731 1316 757 earum
1329 718 1519 758 omnium
1539 718 1768 768 rationum,

344 787 439 826 qua:
463 772 514 812 (ie
537 772 696 812 naturis
713 773 882 813 humaui
905 774 1070 828 generis
1088 788 1137 814 ac
1157 774 1344 814 moribus
1363 790 1388 815 a
1410 774 1674 830 philosophis
1691 788 1768 815 ex-

284 835 330 868 61
348 829 570 883 plicantur.
629 828 772 883 Atque
794 829 904 870 haud
927 831 1029 880 scio,
1053 845 1105 870 an
1138 830 1276 870 minus
1308 831 1389 871 hoc
1419 831 1539 872 vobis
1564 833 1643 872 sim
1670 845 1767 886 pro-

349 887 543 926 baturus.-
574 886 770 940 equidem
802 901 886 926 non
919 887 1140 938 dubitabo,
1162 887 1275 941 quod
1308 888 1459 938 sentio,
1480 888 1634 929 dicere.
1658 887 1767 944 phy-

343 942 431 982 sica
452 943 533 982 ista
554 943 658 998 ipsa,
681 945 720 973 50
733 952 775 983 et
797 944 1112 994 mathematica,
1133 953 1176 983 et
1202 958 1297 998 quae
1321 944 1461 1000 paullo
1483 954 1580 985 ante
1606 954 1767 986 cetera-

342 1014 435 1040 rum
469 1001 622 1040 urtium
653 1000 823 1055 propria
853 1000 1046 1056 posuisti,
1070 1000 1258 1040 scientiae
1289 1010 1386 1041 sunt
1412 1015 1572 1053 eorum,
1594 1002 1666 1057 qui
1696 1001 1767 1042 illa

346 1057 612 1111 profitentur.
635 1057 842 1097 illustrare
863 1069 1004 1098 antem
1021 1057 1213 1097 oratione
1236 1058 1268 1097 si
1287 1059 1380 1112 quis
1400 1058 1500 1098 istas
1522 1059 1634 1114 ipsas
1656 1069 1766 1099 artes

283 1119 332 1153 62
348 1114 460 1164 velit,
483 1114 535 1154 ad
565 1114 743 1154 oratoris
765 1115 802 1154 ei
833 1114 1167 1169 confugiendum
1196 1123 1260 1154 est
1293 1114 1554 1156 facultatem.
1616 1115 1767 1170 Neque

343 1171 472 1221 enim,
495 1171 527 1211 si
554 1171 778 1211 Philonem
802 1171 918 1211 illum
935 1172 1231 1222 architectum,
1253 1172 1325 1226 qui
1349 1171 1682 1213 Atheniensibus
1701 1187 1767 1213 ar-

340 1229 666 1269 mamentarium
707 1227 823 1279 fecit,
864 1238 1046 1279 constat,
1089 1229 1319 1284 perdiserte
1360 1228 1519 1285 populo
1557 1229 1766 1271 rationem

340 1285 480 1340 operis
502 1286 563 1325 sui
585 1285 829 1335 reddidisse,
851 1285 1180 1326 existimandum
1202 1294 1279 1336 est,
1298 1286 1520 1327 architecti
1541 1286 1682 1342 potius
1701 1300 1767 1327 ar-

341 1342 476 1383 tificio
512 1342 732 1392 disertum,
764 1357 891 1397 quam
924 1343 1118 1393 oratoris,
1157 1342 1299 1383 fuisse.
1361 1343 1468 1394 Nec,
1499 1343 1533 1384 si
1570 1342 1670 1384 huic
1698 1342 1766 1384 M.

338 1398 532 1440 Antonio
567 1414 642 1455 pro
677 1399 948 1440 Hermodoro
980 1400 1109 1440 fuisse
1136 1400 1187 1440 de
1220 1399 1430 1440 navalium
1463 1414 1590 1456 opere
1622 1400 1768 1442 dicen-

340 1456 457 1506 dum,
490 1471 590 1506 non,
623 1471 720 1497 cum
751 1457 803 1496 ab
840 1456 911 1496 illo
943 1471 1114 1497 causam
1146 1457 1377 1507 didicisset,
1412 1457 1502 1512 ipse
1534 1466 1682 1498 ornate
1713 1457 1766 1498 de

340 1514 479 1554 alieno
501 1513 684 1554 artificio
706 1514 963 1569 copioseque
979 1514 1182 1555 dixisset?
1207 1513 1356 1568 Neque
1375 1528 1475 1554 vero
1494 1513 1767 1570 Asclepiades

340 1572 390 1621 is,
414 1585 498 1625 quo
521 1585 598 1611 nos
620 1570 786 1611 medico
809 1571 1030 1626 amicoque
1052 1571 1116 1611 usi
1138 1585 1296 1621 sumus,
1319 1580 1424 1621 tum,
1446 1585 1544 1612 cum
1565 1571 1767 1626 eloquen-

339 1627 403 1668 tia
427 1627 623 1668 vincebat
644 1637 806 1668 ceteros
840 1628 1042 1677 medicos,
1067 1628 1108 1668 in
1138 1642 1189 1668 eo
1220 1628 1326 1683 ipso,
1348 1627 1460 1683 quod
1484 1637 1632 1669 ornate
1651 1628 1768 1669 dice-

281 1688 330 1723 63
346 1685 432 1735 bat,
453 1685 677 1725 medicinae
708 1684 910 1725 facultate
938 1686 1151 1734 utebatur,
1178 1699 1263 1725 nou
1293 1684 1564 1740 eloquentiae.
1622 1683 1767 1741 Atque

341 1741 443 1782 illud
478 1751 542 1781 est
576 1741 851 1797 probabilius,
884 1756 1020 1797 neque
1053 1752 1195 1782 tamen
1229 1756 1390 1793 verum,
1421 1741 1537 1797 quod
1571 1741 1767 1783 Socrates

341 1799 481 1839 dicere
503 1799 679 1849 solebat,
701 1813 847 1839 omnes
867 1799 907 1839 in
931 1815 996 1849 eo,
1014 1799 1129 1854 quod
1147 1799 1317 1850 scirent,
1341 1799 1441 1839 satis
1459 1813 1549 1839 esse
1565 1799 1768 1855 eloquen-

298 1860 429 1897 b.tes:
474 1855 573 1896 illud
612 1857 763 1906 verius,
796 1870 932 1910 neque
969 1870 1226 1911 quemquam
1267 1857 1310 1896 in
1345 1870 1396 1896 eo
1431 1855 1635 1897 disertum
1675 1869 1768 1897 esse

342 1927 480 1968 posse,
512 1913 626 1967 quod
656 1914 831 1964 nesciat,
854 1928 1004 1968 neque,
1027 1914 1061 1954 si
1094 1913 1136 1953 id
1169 1913 1331 1968 optime
1359 1913 1480 1964 sciat,
1509 1912 1768 1969 ignarusque

343 1970 397 2010 sit
420 1969 631 2011 faeiundae
653 1986 702 2010 ac
725 1970 934 2026 poliendae
956 1970 1175 2020 orationis,
1199 1970 1354 2011 diserte
1382 1971 1425 2011 id
1458 1970 1610 2026 ipsum·
1628 1983 1765 2026 posse,

265 2025 331 2073 15
344 2027 396 2067 de
417 2042 502 2082 quo
526 2028 646 2077 sciat,
667 2027 822 2068 dicere.
883 2028 1026 2074 Quam
1059 2028 1115 2068 ob
1142 2041 1244 2078 rem,
1267 2027 1299 2067 si
1327 2027 1422 2083 quis
1454 2027 1693 2067 universam
1722 2035 1767 2068 et

282 2097 331 2130 64
345 2084 559 2140 propriam
580 2085 759 2125 oratoris
789 2084 875 2124 vim
897 2084 1087 2135 definire,
1108 2084 1421 2139 complectique
1441 2083 1546 2135 vult,
1568 2084 1602 2124 is
1624 2093 1767 2124 orator

341 2141 436 2191 erit,
455 2155 549 2181 mea
569 2141 792 2191 sententia,
816 2141 896 2181 hoc
918 2151 1004 2181 tam
1027 2141 1145 2197 gravi
1163 2141 1319 2196 dignus
1339 2141 1525 2191 nomine,
1543 2141 1631 2196 qui,
1647 2155 1765 2196 quae-

340 2212 523 2252 cumque
552 2212 615 2237 res
648 2198 906 2247 5¹inciderit‚
936 2213 1032 2253 quae
1065 2198 1120 2238 sit
1141 2198 1330 2238 dictione
1363 2197 1631 2254 explicanda,
1666 2212 1778 2254 pru-1

341 2254 504 2305 denter,
538 2264 579 2295 et
609 2255 860 2310 composite,
893 2264 935 2295 et
968 2265 1129 2304 ornate,
1158 2264 1201 2295 et
1233 2255 1476 2295 memoriter
1503 2255 1633 2306 dicat,
1665 2269 1764 2295 cum

280 2318 330 2352 65
343 2312 525 2366 quadam
547 2312 674 2352 etiam
696 2312 877 2353 actionis
905 2312 1131 2368 dignitate.
1191 2312 1266 2352 Sin
1292 2312 1479 2367 cuipiam
1511 2311 1636 2352 nimis
1669 2311 1765 2352 infi-

340 2369 479 2409 nitum
512 2369 689 2419 videtur,
721 2369 834 2423 quod
865 2368 924 2409 ita
946 2369 1082 2425 posui,
1104 2384 1350 2424 quacumque
1378 2368 1426 2409 (Ie
1449 2383 1506 2419 re,
1526 2368 1627 2410 licet
1648 2368 1763 2420 hinc,

337 2436 543 2481 quantum
566 2426 719 2480 cuique
742 2426 969 2477 videbitur,
998 2426 1277 2467 circumcidat
1298 2436 1426 2481 atque
1455 2433 1667 2481 amputet:
1700 2434 1764 2466 ta-

338 2497 434 2523 men
457 2483 558 2524 illud
582 2483 751 2533 tenebo,
775 2483 823 2533 si,
845 2498 940 2537 quae
963 2483 1113 2524 ceteris
1148 2483 1188 2523 in
1217 2483 1378 2523 artibus
1405 2494 1480 2523 aut
1511 2482 1661 2523 studiis
1683 2482 1765 2522 sita

339 2549 452 2591 sunt,
474 2550 616 2581 orator
637 2540 820 2596 ignoret,
843 2550 1094 2596 tantumque
1126 2553 1177 2580 ea
1200 2548 1355 2590 teneat,
1376 2554 1473 2595 quae
1499 2539 1585 2580 sint
1607 2539 1649 2580 in
1679 2539 1764 2580 dis-

380 2719 421 2750 49
444 2715 498 2747 De
510 2718 596 2747 amm*
611 2717 692 2756 reip.
705 2727 824 2756 genere
838 2717 928 2757 dict]
953 2717 1032 2748 Dim·
1073 2721 1150 2758 gato
1164 2719 1246 2758 ipsa,
1258 2727 1369 2759 quoep.
1386 2727 1418 2748 a.
1429 2721 1461 2748 et
1472 2727 1518 2748 m.
1534 2721 1564 2748 ee
1577 2720 1637 2747 cet.
1650 2716 1705 2756 qui
1715 2719 1764 2746 est

338 2758 374 2789 h.
389 2759 410 2789 1.
426 2769 541 2799 parum
555 2759 723 2798 eleganter
735 2761 906 2801 repetitur,
919 2766 954 2790 et
963 2761 1032 2790 sine
1073 2760 1296 2801 perturbatus.

340 2801 438 2832 dubio
454 2802 600 2840 spuriiun
615 2806 675 2831 est.
1116 2805 1152 2832 51
1178 2801 1460 2841 Inciderit--sitfl
1499 2801 1552 2831 W.
1580 2799 1764 2836 inciderint,

382 2846 421 2873 50
443 2842 493 2874 Ee
515 2845 617 2873 math.
635 2848 664 2872 et
689 2843 758 2882 qia]
784 2843 938 2874 Ordinem
962 2854 1033 2874 ver·
1073 2845 1150 2876 tint.
1179 2844 1244 2877 Ms.
1257 2845 1297 2876 E.
1308 2842 1723 2883 n1.sec.quaeuuquedere
1739 2842 1764 2872 i.

340 2883 455 2915 borum
471 2894 546 2915 cum
561 2885 693 2915 Peareio
704 2885 791 2916 hunc
805 2886 879 2923 feci,
890 2896 948 2926 pro
962 2886 1033 2917 vul-
