1945 3235
415 148 491 190 562
984 149 1267 192 ORATOR.

416 265 599 298 tenetur.
661 256 763 299 Non
795 257 910 299 enim
949 257 992 300 id
1024 258 1130 314 agit,
1162 261 1265 299 94ut
1291 257 1518 299 insidietur
1549 262 1593 298 et
1625 256 1850 300 observetx

415 314 488 354 sed
513 313 607 369 jam
640 313 769 365 favet,
802 330 1134 371 processumque
1168 315 1273 365 vult,
1306 314 1562 370 dicendique
1593 314 1679 355 vim
1713 315 1852 357 admi*

327 376 401 410 ‘211
419 386 528 422 rans,
547 385 631 412 non
653 373 895 428 9⁵inqnirit,
920 373 1035 428 quod
1059 372 1356 428 reprehendat.
1418 371 1529 413 Haec
1548 380 1691 412 autem
1714 371 1855 414 forma

416 429 639 470 retinenda
662 444 746 470 non
769 430 839 470 diu
864 440 942 480 est,
966 445 1043 471 nec
1065 431 1162 471 dico
1183 431 1225 471 in
1249 430 1534 486 peroratione,
1555 430 1596 463 96
1609 443 1738 484 quam
1750 430 1854 484 ipse

416 486 612 537 includit,
635 487 705 527 sed
731 488 772 527 in
795 487 1001 528 orationis
1022 487 1191 543 reliquis
1223 487 1430 544 partibus.
1454 501 1552 527 nam
1582 501 1680 527 cum
1709 486 1765 527 sis
1788 486 1855 527 his

416 542 521 585 locis
542 559 654 594 usus,
677 544 832 599 quibus
852 544 1019 584 ostendi
1043 545 1183 595 licere,
1208 543 1500 585 transferenda
1518 552 1611 585 tota
1631 543 1766 585 dictio
1788 551 1855 584 est

416 601 470 642 ad
504 601 587 652 illa,
611 616 707 656 quae
747 601 892 641 nescio
923 615 1013 651 cur,
1047 616 1145 642 cum
1180 601 1325 644 Graeci
1347 606 1511 655 κόμματι
1525 610 1569 643 et
1588 607 1685 643 κῶλα
1714 600 1856 642 nomi-

416 668 534 708 nent,
568 673 645 698 nos
680 672 765 698 non
799 668 913 699 recte
946 658 1082 699 incisa
1115 667 1158 699 et
1198 660 1391 700 membra
1431 659 1639 700 dicamus.
1701 657 1856 714 Neque

417 716 531 756 enini
565 729 655 756 esse
678 724 872 770 possunt,
906 716 1031 756 rebus
1067 716 1243 771 ignotiS‚
1276 727 1381 757 nota
1411 717 1612 758 nomina:
1653 716 1725 757 sed
1755 729 1858 757 cum

418 773 564 823 verba,
586 781 660 813 aut
683 772 921 823 suavitatis,
936 782 1010 814 aut
1033 773 1192 829 inopiae
1215 787 1357 824 causa,
1379 774 1608 815 transferre
1627 773 1855 824 soleamus,

417 831 462 870 in
493 830 695 871 omnibus
727 830 809 871 hoc
840 830 889 872 fit
911 831 1089 881 artibus,
1120 840 1181 881 ut,
1203 833 1242 865 97
1257 845 1357 871 cum
1387 830 1429 871 id
1460 830 1762 888 appellandum
1785 831 1857 882 sit,

417 887 548 942 quod,
575 899 749 944 propter
767 902 906 928 rerum
931 888 1249 944 ignorationem
1269 888 1474 944 ipsarum,
1499 887 1662 929 nullum
1693 887 1858 929 habue-

417 944 475 985 rit
497 954 597 985 ante
622 959 793 995 nomen,
817 947 1046 987 necessitas
1069 954 1200 1002 cogat
1220 955 1296 987 aut
1318 960 1478 987 novum
1500 944 1642 987 facere
1661 946 1856 996 verbum,

421 1010 494 1043 aut
516 1017 540 1042 a
563 1003 688 1042 simili
714 1003 914 1043 mutuari.

339 1061 410 1114 63
481 1060 581 1106 Quo
607 1070 751 1101 autem
780 1071 907 1116 pacto
937 1060 1088 1101 deceat
1123 1059 1256 1101 incise
1287 1059 1616 1101 membratimve
1645 1057 1858 1114 dici,jam

333 1139 408 1173 '212
424 1116 690 1159 videbimus:
725 1133 852 1169 nunc,
883 1128 991 1173 quot
1024 1118 1164 1159 modis
1193 1126 1415 1159 mutentur
1451 1116 1857 1173 comprehensiones

421 1174 819 1230 conclusionesque,
842 1175 1072 1216 dicendum
1102 1185 1181 1216 est.
1243 1175 1359 1217 Fluit
1392 1175 1570 1216 omnino
1600 1187 1802 1215 numerus
1832 1184 1859 1215 a

418 1234 558 1288 primo
583 1243 674 1273 tum
705 1233 924 1274 incitatius
948 1233 1158 1274 brevitate
1188 1234 1361 1289 pedum,
1383 1242 1472 1274 tum
1496 1231 1754 1288 proceritate
1773 1239 1860 1272 tar-

416 1290 526 1331 dius.
559 1305 730 1331 cursum
771 1291 1070 1331 contentiones
1110 1290 1248 1346 magis
1280 1291 1526 1346 requirunt3
1562 1289 1859 1345 expositiones

416 1357 573 1398 rerum,
597 1348 858 1388 tarditatem.
921 1347 1089 1389 Insistit
1111 1357 1253 1389 autem
1274 1349 1462 1389 ambitus
1484 1347 1625 1389 modis
1647 1346 1858 1404 pluribuS,

418 1419 442 1445 e
463 1405 620 1460 quibus
641 1420 773 1445 unum
791 1414 855 1445 est
878 1414 1025 1446 secuta
1041 1404 1146 1445 Asia
1162 1406 1366 1456 maxime,
1382 1405 1456 1461 qui
1479 1405 1706 1446 dichoreus
1730 1418 1859 1446 vocas·-

420 1472 503 1512 tur,
525 1477 659 1517 quum
682 1464 767 1503 duo
790 1464 972 1503 extremi
995 1463 1141 1503 chorei
1166 1471 1279 1512 sunt,
1303 1463 1344 1504 id
1367 1472 1446 1514 est,
1469 1477 1492 1503 e
1514 1462 1694 1518 singulis
1715 1461 1859 1518 longis

421 1529 465 1560 et
495 1520 719 1560 brevibus:
753 1519 1072 1575 explanandum
1107 1529 1172 1560 est
1206 1520 1337 1570 enim,
1369 1520 1484 1575 quod
1513 1520 1569 1560 ab
1601 1519 1695 1560 aliis
1728 1519 1860 1560 iidem

333 1576 409 1610 213
424 1577 551 1632 pedes
570 1577 663 1617 aliis
678 1576 955 1617 nominantur
971 1577 1205 1618 vocabulis.
1242 1576 1485 1618 Dichoreus
1499 1591 1586 1618 non
1599 1586 1664 1618 est
1677 1576 1747 1618 ille
1763 1579 1861 1632 qui-

421 1635 517 1674 dem
542 1649 617 1674 sua
639 1646 792 1690 spontc
817 1635 996 1675 vitiosus
1019 1635 1062 1675 in
1085 1634 1299 1686 clausulis,
1313 1635 1386 1675 sed
1401 1635 1444 1675 in
1458 1634 1665 1675 orationis
1680 1648 1858 1676 numero

419 1691 528 1732 nihil
545 1701 611 1732 est
634 1700 719 1732 tam
745 1691 963 1743 vitiosum,
986 1707 1115 1748 quam
1135 1693 1167 1732 si
1188 1706 1356 1748 semper
1378 1701 1442 1733 est
1460 1691 1590 1733 idem.
1633 1690 1764 1733 Cadit
1785 1705 1861 1733 au-

420 1757 507 1789 tem
531 1764 606 1805 per
628 1764 671 1790 se
695 1749 762 1790 iile
784 1750 876 1805 ipse
889 1750 1114 1806 praeciare:
1137 1764 1224 1805 quo
1246 1749 1377 1790 etiam
1397 1750 1569 1791 satietas
1588 1747 1861 1790 formidanda

291 1806 485 1847 P·213·est
516 1808 668 1862 magis.
731 1806 808 1847 Me
842 1817 982 1848 stante
1015 1807 1066 1848 C.
1088 1807 1247 1858 Carbo,
1272 1806 1323 1848 C.
1349 1806 1397 1848 F.
1420 1808 1618 1848 tribunus
1651 1806 1788 1863 p‘lebis
1815 1806 1860 1848 in

375 1857 407 1878 ‘²'
420 1865 630 1905 concione
652 1865 766 1906 dixit
795 1864 861 1905 his
893 1865 1048 1915 verbis,
1075 1863 1113 1906 Ο
1136 1863 1284 1906 Μάνεε
1316 1863 1467 1916 Druse,
1492 1871 1656 1919 patrem
1685 1862 1862 1920 appello.

423 1921 535 1963 Haec
557 1922 730 1977 quidem
753 1922 838 1962 duo
866 1922 979 1963 binis
1012 1923 1193 1978 pedibus
1215 1922 1410 1963 incisim:
1442 1922 1541 1963 dein
1570 1921 1861 1973 membratim,

332 1976 409 2010 214
422 1985 468 2020 ίιι
488 1979 618 2020 dicere
637 1978 803 2030 solebas,
824 1995 981 2021 sacram
1002 1995 1079 2020 esse
1099 1978 1403 2034 rempublicam.
1465 1979 1577 2021 Haec
1599 1979 1701 2020 item
1727 1993 1862 2020 mem-

423 2037 498 2078 bra
532 2038 678 2077 ternis.
744 2037 848 2077 Post
878 2037 1081 2088 ambitus,
1115 2038 1354 2093 quicumque
1386 2051 1473 2078 eam
1501 2035 1774 2088 violavissent,
1806 2035 1860 2077 ab

420 2095 604 2135 omnibus
634 2109 710 2135 esse
742 2095 780 2135 εἰ
806 2110 952 2149 parnas
975 2093 1217 2149 persolutas.
1249 2093 1494 2136 dichoreus.
1524 2094 1631 2137 nihil
1658 2093 1773 2135 enim
1807 2092 1863 2134 ad

419 2165 523 2203 rem,
546 2162 742 2193 extrema
775 2151 859 2203 illa,
893 2152 1024 2209 longa
1053 2152 1122 2203 sit,
1155 2167 1209 2193 an
1240 2151 1396 2192 brevis.
1428 2152 1596 2202 deinde,
1621 2150 1768 2192 Patris
1796 2149 1862 2192 di-

417 2215 526 2249 ctum
545 2209 716 2264 sapiens,
740 2209 1041 2265 temerilasfilii
1061 2208 1353 2267 comprqbavit.
1415 2209 1515 2251 Hoc
1537 2208 1742 2250 dichoreo
1765 2217 1861 2249 tan·

419 2274 487 2306 tus
518 2266 680 2308 clamor
716 2267 938 2308 concionis
979 2267 1194 2308 excitatus
1234 2275 1312 2318 est,
1351 2277 1400 2308 ut
1441 2266 1693 2308 admirabile
1733 2273 1859 2307 esset.

419 2323 598 2376 Quaero,
631 2327 671 2359 98
686 2338 829 2366 nonne
863 2325 906 2366 id
938 2338 1141 2366 numerus
1166 2323 1384 2366 effecerit?
1427 2329 1468 2360 99
1483 2325 1713 2366 verborum
1744 2322 1861 2364 ordi-

457 2451 498 2483 94
520 2453 558 2478 nt
576 2448 750 2479 insidietur
762 2453 792 2478 e!
808 2448 962 2488 observet]
981 2448 1115 2479 Lambi-
1200 2451 1239 2485 97
1263 2457 1339 2479 cum
1362 2448 1400 2478 id
1423 2448 1657 2488 appellandum
1681 2447 1738 2488 sit]
1776 2447 1862 2477 Puto

415 2501 504 2521 nuse
522 2491 599 2521 Mss.
616 2492 682 2521 suis
702 2490 817 2527 edidit,
832 2496 869 2521 ut
892 2491 1116 2522 insidiatorem
1159 2496 1247 2521 recte
1262 2490 1371 2521 abesse
1385 2491 1419 2520 id
1431 2491 1464 2521 in
1479 2491 1530 2521 ed.
1545 2491 1629 2521 Ven.

416 2535 477 2563 obs.
507 2533 598 2563 benc.
655 2533 779 2574 Grypb.
819 2533 1038 2564 insidiantem.
1082 2534 1115 2563 Si
1201 2536 1242 2567 98
1274 2542 1378 2563 nonne
1463 2530 1621 2572 effireerz't]
1656 2530 1738 2561 Edd.
1770 2528 1860 2562 Med.

415 2575 588 2614 iulg-atum
626 2576 748 2615 placet,
767 2576 884 2607 intell.
912 2577 1049 2613 oratori,
1082 2580 1118 2606 et
1160 2574 1250 2615 Lips.
1266 2585 1398 2605 numne.
1435 2574 1648 2605 Scribendum
1663 2578 1713 2604 est
1728 2578 1786 2604 aut
1800 2583 1859 2603 an—

415 2628 490 2648 euni
505 2618 663 2648 observet.
938 2641 942 2645 .
1160 2627 1236 2653 non,
1253 2621 1311 2647 aut
1324 2616 1441 2657 effecit.
1454 2616 1539 2655 quod
1553 2616 1656 2656 magis
1669 2616 1789 2656 placet.

459 2663 498 2695 95
515 2661 666 2700 inquirit]
687 2660 746 2690 Ed.
761 2660 845 2691 Veu.
861 2659 948 2690 Med.
964 2660 1116 2701 acquirit.
1201 2663 1243 2694 99
1266 2659 1435 2689 verborum
1456 2659 1524 2690 ord.
1546 2657 1778 2697 immuta.fizc
1799 2656 1860 2697 sic]

415 2701 556 2733 Videtur
577 2702 653 2732 dare
680 2702 819 2732 voluisse
847 2703 1007 2742 anquirit,
1031 2703 1118 2742 quod
1139 2730 1141 2735 ,
1160 2702 1281 2733 Manus
1297 2700 1394 2732 docta
1408 2702 1442 2731 in
1464 2700 1515 2731 ed.
1539 2700 1627 2742 Lips.
1650 2701 1805 2731 correxit:
1830 2710 1861 2729 v.

415 2754 484 2775 non
498 2746 686 2785 spreverim.
733 2744 778 2774 Et
795 2745 840 2774 sic
857 2745 998 2776 correxit
1013 2746 1117 2786 inquz'-
1159 2745 1272 2774 ordine
1293 2744 1468 2773 immutato
1481 2742 1549 2783 sac
1581 2745 1637 2774 sic.
1666 2751 1732 2773 non
1761 2742 1860 2772 male.

415 2789 460 2817 rit
474 2796 590 2817 manus
605 2786 745 2816 doctain
760 2785 811 2816 ed.
828 2786 915 2826 Lips.
1158 2786 1220 2817 Sed
1246 2785 1303 2817 illa
1323 2785 1424 2816 incisa
1447 2786 1523 2816 huie
1545 2785 1617 2816 loco
1641 2785 1722 2815 bene
1743 2794 1862 2815 conve·

455 2830 498 2864 96
520 2838 621 2869 quam
636 2830 700 2867 ipse
715 2828 879 2867 includit]
907 2826 1115 2860 Guiiieiniius
1138 2828 1267 2859 ‘niune
1314 2827 1436 2858 Similis
1465 2828 1555 2859 locus
1578 2832 1630 2859 est
1658 2838 1688 2859 c.
1711 2829 1764 2862 70.
1790 2835 1859 2859 non
1910 2846 1922 2854 ν

411 2882 497 2902 corr.
516 2873 596 2911 ipm.
636 2871 707 2910 Ego
722 2875 830 2900 totum
848 2871 1032 2903 membrum
1048 2881 1116 2905 non
1138 2905 1141 2908 ,
1158 2872 1256 2911 longe
1271 2871 1471 2913 aprincipio.

408 2913 574 2954 intelligo.
619 2913 800 2946 Lambinus
815 2912 913 2945 delet.
