1945 3235
553 112 741 151 LIBER
763 112 1053 152 QUARTUS.
1442 117 1514 156 103

90 216 222 267 lentia
252 216 495 274 conjunxit,
537 215 854 257 distrahuntur:
902 214 1024 260 liberi
1072 215 1229 271 partim
1261 231 1296 258 -e
1339 219 1514 274 gremiis

91 283 316 331 parentum
347 273 618 330 diripiuntur,
658 272 814 328 partim
843 271 887 312 in
926 273 1020 314 sinu
1055 270 1326 327 jugulantur,
1358 272 1516 331 partim

88 334 131 366 92
140 341 239 374 ante
254 333 380 390 pedes
399 338 744 386 constuprantur.
759 344 900 380 nemo,
908 329 1094 384 judices,
1107 337 1185 379 est,
1207 330 1280 384 qui
1301 332 1436 386 possit
1449 348 1515 374 sa-

90 388 145 435 tis
168 404 257 431 rem
285 387 487 443 consequi
513 387 668 438 verbis,
690 390 729 422 93
743 401 822 428 nec
848 388 1003 428 referre
1024 386 1218 442 oratione
1249 388 1514 442 magnitudi-

90 460 189 488 nem
211 445 479 488 calamitatis.
540 443 640 485 Hoc
659 458 814 500 genere
835 442 1143 494 exornationis,
1166 441 1233 484 vel
1255 442 1514 500 indignatio,

89 503 156 544 vel
177 501 467 545 misericordia
487 509 630 557 potest
647 502 923 553 commoveri,
943 516 1042 542 cum
1063 502 1105 535 94
1117 514 1182 541 res
1204 511 1514 556 consequentes

86 559 406 616 comprehensae
428 559 637 600 universae
657 558 882 615 perspicua
893 558 1080 600 breviter
1100 556 1402 613 exprimuntur
1420 573 1514 608 ora—

89 617 220 659 tione.

146 673 315 716 Divisio
337 681 415 724 est,
437 687 534 728 quae
558 687 646 714 rem
667 676 707 708 95
722 686 944 714 semovens
967 673 1021 715 ab
1047 687 1106 724 re,
1129 681 1354 728 utramque
1371 672 1511 715 absol·
1522 678 1571 712 52

85 731 162 782 vit,
191 731 355 772 ratione
385 730 605 784 subJecta3
627 730 710 771 1100
727 729 879 772 modo:
905 728 995 771 Cur
1025 744 1108 786 ego
1142 745 1256 771 nunc
1286 730 1368 771 tibi
1391 731 1512 787 quic·
1524 732 1595 781 40

84 802 214 842 quam
240 787 470 843 objiciam?
493 787 527 828 si
556 788 715 843 probus
746 801 804 838 65,
826 802 914 828 11011
943 787 1158 829 meruisti:
1183 787 1247 828 sin
1277 788 1514 843 improbus,

83 858 171 893 non
192 845 490 887 commoveris.
550 844 676 896 Item,
701 844 819 891 Quid
840 860 955 886 1111110
977 859 1060 900 ego
1080 845 1122 880 96
1134 843 1188 886 de
1212 845 1319 885 meis
1346 860 1516 901 prome·-

84 901 176 943 ritis
198 901 458 958 praedicem?
492 902 526 943 si
558 902 830 954 meministis,
860 903 1123 944 obtundam:
1156 901 1220 943 sin
1243 902 1368 943 obliti
1398 905 1514 955 estis,

81 973 183 1006 ,011111
205 974 249 1013 re
269 958 379 1000 nihil
399 960 575 1016 egerim,
594 960 698 1016 quid
717 968 794 1011 est,
817 960 933 1015 quod
948 960 1087 1001 verbis
1107 959 1313 1016 proficere
1327 960 1514 1016 possim?

83 1015 211 1068 Item,
236 1016 348 1059 Duae
379 1032 443 1058 res
466 1025 578 1068 sunt,
609 1032 706 1072 quae
729 1025 908 1073 possunt
937 1016 1134 1058 homines
1166 1017 1219 1059 ad
1249 1027 1375 1074 turpe
1397 1032 1516 1059 00111-

80 1074 289 1129 pendium
307 1089 593 1126 commovere,
615 1074 763 1130 inopia
783 1083 912 1129 atque
935 1074 1129 1115 avaritia.
1189 1073 1251 1116 Te
1272 1089 1449 1117 avarum
1470 1075 1516 1116 in

80 1130 269 1176 fraterna
285 1132 495 1173 divisione
513 1132 797 1187 cognovimus
814 1148 823 1173 ε
847 1131 1022 1187 inopem
1040 1140 1169 1186 atque
1183 1141 1381 1187 egentem
1400 1147 1517 1174 nunc

79 1188 290 1231 videmus.
313 1189 387 1244 qui
420 1197 543 1244 potes
574 1189 707 1244 igitur
737 1188 976 1239 ostendere,
999 1203 1186 1229 0111153111,
1204 1188 1404 1229 maleficii
1427 1204 1516 1231 non

82 1244 238 1289 fuisse?
270 1246 389 1287 Inter
419 1246 530 1287 hanc
560 1245 831 1296 divisionem,
862 1254 905 1286 et
938 1245 1068 1297 illam,
1102 1260 1199 1300 quae
1238 1245 1290 1286 de
1321 1246 1515 1301 partibus

81 1303 292 1355 orationis
316 1303 442 1344 tertia
462 1312 540 1354 est,
562 1303 615 1344 de
636 1318 721 1358 qua
743 1303 787 1343 in
800 1303 909 1344 libro
924 1303 1064 1359 primo
1077 1303 1266 1343 diximus
1280 1303 1518 1344 secundum

76 1362 382 1417 narrationem,
407 1360 489 1401 1100
511 1360 710 1401 interest:
735 1360 806 1401 1113
839 1359 996 1401 dividit
1026 1375 1101 1416 per
1133 1360 1517 1412 enumerationem,

76 1427 156 1469 aut
177 1432 252 1474 per
269 1418 601 1474 expositionem,
625 1419 782 1474 quibus
803 1417 856 1458 de
885 1418 1012 1459 rebus
1035 1419 1079 1458 in
1102 1426 1194 1458 tota
1215 1419 1410 1459 oratione
1432 1417 1518 1458 dis-

72 1475 252 1529 ¹putatio
275 1474 420 1516 futura
442 1475 517 1517 sit:
541 1475 636 1516 haec
659 1489 702 1516 se
725 1475 872 1516 statim
898 1475 1103 1532 explicat,
1125 1483 1168 1515 et
1201 1476 1320 1516 brevi
1351 1475 1518 1516 duabus

79 1540 154 1572 aut
166 1532 358 1589 pluribus
374 1533 569 1588 partibus
584 1532 818 1588 subjiciens
840 1533 1042 1584 rationes,
1061 1542 1244 1573 exornat
1262 1532 1519 1574 orationem.

139 1589 446 1645 Frequentatio
469 1598 546 1641 est,
570 1605 669 1631 cum
700 1605 765 1632 res
797 1590 840 1631 in
865 1598 956 1631 tota
978 1605 1107 1632 causa
1129 1589 1331 1646 dispersae
1354 1605 1521 1646 cogun-

83 1654 153 1688 tur
171 1648 216 1688 in
237 1662 385 1699 unum,
405 1662 490 1704 quo
514 1647 700 1703 gravior,
722 1656 797 1689 aut
818 1648 971 1698 acrior,
991 1655 1066 1688 aut
1087 1647 1359 1688 criminosior
1382 1647 1521 1688 oratio

79 1705 149 1755 sit,
171 1705 255 1746 hoc
273 1713 422 1760 pacto:
446 1703 487 1746 A
518 1720 603 1761 quo
627 1705 801 1746 tandem
824 1705 946 1746 abest
966 1705 1047 1745 iste
1070 1704 1203 1746 vitio?
1227 1705 1330 1760 quid
1352 1713 1431 1755 est,
1447 1703 1522 1759 ju-

77 1761 208 1812 dices,
231 1776 306 1802 cur
328 1761 467 1803 velitis
488 1777 586 1803 eum
608 1763 814 1803 liberare?
847 1762 946 1804 Suae
972 1762 1199 1818 pudicitiae
1223 1762 1419 1818 proditor
1441 1771 1520 1813 est,

69 1818 299 1861 insidiator
337 1819 515 1871 alienae3
545 1820 742 1875 cupidus,
782 1820 1090 1875 intemperanS,
1125 1820 1338 1875 petulans,
1371 1834 1519 1876 super-

79 1875 183 1928 bus3
206 1875 363 1932 impius
397 1876 440 1917 in
467 1888 679 1932 parentes,
710 1877 906 1933 ingratus
940 1877 984 1918 in
1015 1877 1194 1928 amicos,
1216 1882 1255 1913 97
1271 1876 1453 1918 infestus
1476 1877 1520 1918 in

118 2029 159 2061 92
174 2027 365 2067 Antepedes
386 2028 500 2068 consa]
525 2028 605 2059 Mss.
628 2028 698 2058 edd.
717 2029 777 2058 flu-
820 2028 859 2059 de
873 2028 1030 2068 periodis:
1047 2028 1134 2059 unde
1149 2040 1197 2069 ap.
1214 2029 1281 2060 Cic.
1296 2028 1339 2060 N.
1351 2029 1393 2059 D.
1413 2028 1458 2066 ΙΙ,
1470 2032 1521 2064 59.

68 2073 192 2100 >ctuant
213 2069 302 2101 inter
314 2071 406 2107 cedes,
416 2077 529 2110 patres
543 2071 601 2101 &e.
621 2071 702 2101 item
717 2071 777 2100 viri
820 2073 1054 2110 comprehensio
1086 2082 1200 2102 rerum
1226 2077 1275 2101 est
1302 2081 1404 2102 nesus
1432 2082 1461 2102 r.
1489 2082 1519 2102 v.

75 2111 164 2142 docti
179 2113 378 2152 conjecturis
400 2114 488 2144 inter
512 2114 609 2150 lares,
627 2117 775 2153 penates,
820 2113 910 2143 Clav.
930 2113 987 2143 Sin
1002 2113 1096 2144 malis
1115 2116 1347 2154 comprehensa>
1362 2114 1521 2154 accipere,

75 2153 162 2193 quod
188 2155 337 2186 Oudend.
365 2155 533 2195 placebat3
561 2155 691 2186 inscitia
717 2161 775 2186 aut
818 2165 922 2185 unum
946 2156 979 2186 111
1003 2156 1112 2186 locum
1134 2160 1298 2196 congestae
1321 2161 1355 2187 et
1376 2157 1520 2191 collatae‚

71 2195 284 2236 negligentia.
310 2197 488 2238 Aptissima
496 2199 769 2238 ista-junguntur,

62 2240 249 2276 gremium,
268 2241 370 2277 simas,
384 2241 494 2280 pedes,
517 2240 571 2279 qui
599 2250 666 2270 non
692 2246 771 2270 sunt

71 2279 255 2312 divellendi.
297 2282 384 2313 Ante
396 2284 494 2322 pedes
514 2291 564 2313 est
586 2293 709 2320 coram,
736 2284 771 2313 in

71 2328 259 2364 conspectu.
275 2333 303 2354 v.
321 2324 428 2355 Clavis
442 2326 478 2356 in
491 2326 524 2356 h.
540 2335 571 2355 v.

111 2367 151 2399 93
167 2366 240 2396 Nec
253 2365 402 2407 referre]
427 2367 618 2408 Legendum
627 2376 689 2404 est,
700 2378 769 2405 neo,

70 2407 126 2446 qui
139 2407 275 2448 referre,
296 2415 336 2439 ut
355 2413 443 2441 reete
457 2420 490 2441 50
510 2410 631 2441 habeat
653 2412 769 2442 oratio.

69 2448 135 2479 Pro
148 2449 274 2490 referre
287 2451 366 2482 Mss.
383 2452 447 2482 duo
470 2463 521 2493 ap.
536 2452 620 2483 Oud.
637 2452 768 2494 efferre,

71 2491 159 2531 quod
172 2492 280 2533 placet
293 2494 536 2535 Oudendorpio.

107 2536 154 2566 94
186 2534 252 2565 Res
285 2542 506 2576 consequentes
540 2538 772 2578 comprehensoe

70 2575 250 2617 universa]
277 2578 412 2619 Semper
425 2589 478 2610 me
492 2579 629 2611 offendit
649 2579 702 2610 hic
722 2580 771 2609 lo-

71 2625 128 2647 cus
146 2616 264 2650 duritie
279 2630 346 2651 sua.
392 2621 455 2652 Sed
469 2621 544 2652 libri
568 2632 628 2653 nec
643 2622 769 2662 scripti,

70 2667 132 2689 nec
156 2660 236 2703 ‘'affiffi
250 2663 384 2701 juvant,
408 2664 464 2704 qui
484 2664 518 2695 in
542 2664 602 2695 hac
628 2665 769 2695 lectione

71 2702 292 2734 consentiunt.
348 2705 460 2737 Prima
486 2707 626 2748 suspicio
654 2711 704 2737 est
731 2707 770 2737 de

68 2742 168 2774 verbo
181 2752 399 2786 consequentes
408 2760 418 2778 :
438 2749 474 2779 in
488 2759 551 2789 quo
576 2753 686 2790 potest
700 2758 770 2780 esse

69 2783 177 2822 glossa
193 2788 281 2818 verbi
296 2792 539 2830 comprehensae,
559 2791 646 2832 quod
665 2792 704 2822 de
721 2802 770 2822 re-

69 2826 129 2857 bus
144 2828 234 2860 nexis
255 2830 343 2863 inter
356 2841 389 2864 se
408 2832 529 2866 dicitur
543 2834 714 2875 exquisite,
729 2838 770 2865 ut

814 2200 972 2228 universe?
985 2208 1223 2238 supervacuum
1240 2199 1314 2229 crit.
1360 2199 1423 2228 Sed
1437 2198 1522 2230 nihil

813 2240 866 2271 hic
879 2241 972 2277 certi,
983 2246 1042 2271 aut
1053 2242 1131 2271 satis
1144 2241 1310 2282 probabile
1320 2251 1387 2271 esse
1397 2246 1520 2281 potest,

814 2283 883 2313 sine
897 2283 997 2313 libriS.

856 2328 895 2360 95
918 2326 1090 2356 Semovens
1116 2325 1156 2355 ab
1180 2325 1242 2365 re]
1280 2325 1333 2355 Sic
1355 2325 1396 2355 ab
1418 2333 1478 2364 pro
1498 2334 1520 2355 α

814 2367 894 2398 Mss.
913 2367 1020 2407 plures
1035 2372 1067 2398 et
1084 2367 1154 2398 edd.
1170 2378 1220 2408 pr.
1237 2372 1351 2406 estque
1367 2366 1496 2397 melius.

855 2412 896 2443 96
910 2410 965 2440 De
981 2411 1058 2440 meis
1066 2410 1278 2449 promer-icis]
1305 2409 1422 2439 Delevi
1440 2418 1519 2448 pro-

807 2453 894 2492 priis
907 2457 981 2492 post
994 2453 1082 2483 meis.
1128 2452 1168 2482 In
1183 2463 1247 2491 quo
1260 2456 1310 2482 est
1324 2450 1518 2481 manifestus

800 2495 970 2525 ‘Germani
994 2494 1117 2525 librarii
1142 2499 1268 2534 partus,
1290 2497 1325 2524 et
1348 2493 1420 2524 dedi
1441 2503 1518 2524 eum

814 2537 941 2567 Graevio
954 2547 972 2566 0
987 2536 1067 2567 Cod.
1083 2537 1152 2566 Erf.
1161 2537 1361 2576 promeritis.

855 2583 895 2613 97
912 2578 1058 2618 Infestus
1066 2580 1101 2609 in
1111 2578 1287 2618 cognatos]
1305 2577 1403 2618 Quod
1413 2576 1516 2608 Gron.

813 2631 830 2652 e
855 2621 936 2652 Mss.
957 2622 1023 2651 suis
1049 2624 1145 2651 notat
1169 2626 1203 2652 et
1223 2620 1368 2661 praefert,
1388 2619 1450 2660 ir‘gf.
1468 2629 1519 2650 co·

810 2665 936 2702 gnatis,
944 2665 1044 2694 etiam
1051 2664 1198 2693 Graevius
1207 2664 1241 2694 in
1249 2663 1373 2693 Erfurt.
1383 2662 1516 2703 reperit,

813 2711 925 2746 estque
952 2712 985 2736 et
1014 2707 1047 2736 in
1073 2707 1236 2736 veteribus
1264 2705 1335 2736 edd.
1370 2704 1518 2735 Graevius

800 2749 943 2788 quidem
969 2748 1086 2789 recipit
1105 2748 1138 2778 in
1159 2752 1303 2778 textum:
1326 2757 1386 2787 ego
1405 2747 1519 2790 *fulga-

812 2797 884 2821 tum
903 2800 1006 2821 servo.
1021 2795 1070 2821 est
1080 2791 1169 2820 enim
1183 2790 1375 2820 concinnius
1384 2794 1520 2829 propter

812 2833 1064 2865 similitudinem
1077 2842 1152 2864 cum
1168 2833 1283 2865 ceteris
1299 2831 1453 2864 membris
1464 2852 1473 2862 .

808 2909 886 2946 114

1936 2707 1945 2774 ηδτ-ᾳ
1933 2665 1945 2701 ..ϋ-
1938 2610 1945 2657 ..r-
