1945 3235
314 182 386 216 182
779 175 859 214 DE
891 166 1275 214 INVENTIONE

252 291 300 325 43
314 290 488 338 guntur.
549 280 746 322 Maxime
765 281 880 322 enim
901 280 1034 335 quaeri
1057 286 1229 335 oportet
1250 278 1291 319 in
1315 276 1396 318 hac
1416 277 1744 330 constitutione,

315 339 497 395 primum
532 339 775 395 potueritne
805 337 963 392 aliquid
988 336 1104 377 fieri:
1136 335 1289 376 deinde
1319 348 1456 389 ecquo
1477 335 1532 375 ab
1552 334 1636 375 alio
1658 349 1735 391 po-

313 396 441 436 tuerit
462 412 471 437 :
524 396 677 437 deinde
719 395 912 443 facultas,
955 393 1007 433 de
1056 407 1141 448 qua
1182 401 1280 432 ante
1321 391 1531 433 diximus:
1582 391 1738 433 deinde

310 456 504 494 *muti-um
536 453 577 494 id
601 452 766 493 facinus
796 452 863 500 sit,
887 450 1001 505 quod
1022 450 1233 505 poenitere
1254 448 1385 489 fuerit
1405 462 1599 490 necesse:
1631 448 1735 489 item

309 510 423 565 quod
458 524 577 566 spem
615 509 779 550 celandi
811 522 895 548 nou
936 507 1136 548 haberet:
1176 505 1330 547 deinde
1359 505 1650 556 necessitud03
1692 505 1736 547 in

308 582 406 622 qua,
428 582 530 608 num
554 580 724 608 necesse
748 564 877 605 fuerit
900 563 940 604 id
972 572 1046 604 aut
1067 563 1173 614 fieri,
1203 573 1277 604 aut
1304 563 1364 603 ita
1386 562 1492 613 fieri,
1513 562 1735 618 quaeritur.

309 624 505 671 Quorum
530 638 624 679 pars
647 622 700 662 ad
732 621 959 662 consilium
982 621 1180 676 pertinet,
1204 620 1317 675 quod
1342 619 1533 676 personis
1555 619 1738 660 attribu-

307 691 398 722 tum
423 691 500 731 est,
520 691 566 721 ut
589 680 632 720 in
664 693 714 720 ea
731 693 872 729 causa,
895 692 1024 732 quam
1045 679 1338 734 exposuimus.
1397 676 1512 718 Ante
1531 691 1616 717 rem
1640 676 1736 728 erit,

305 738 420 797 quod
445 739 485 778 in
518 737 667 777 itinere
698 750 741 776 se
776 745 863 777 tam
897 735 1163 776 familiariter
1189 734 1482 790 applicaverit,
1514 733 1627 789 quod
1649 747 1734 774 ser-

307 796 445 836 monis
467 808 639 835 causam
659 792 890 848 quaesierit,
919 792 1035 848 quod
1070 791 1195 833 simul
1218 795 1257 823 50
1268 792 1513 842 deverterit,
1535 791 1736 832 coenarit.

307 851 357 893 In
384 867 439 901 re,
462 866 565 902 nox,
589 865 776 891 somnus.
839 849 944 890 Post
966 863 1068 899 rem,
1091 848 1206 904 quod
1225 848 1337 889 solus
1356 849 1524 899 exierit,
1546 847 1663 903 quod
1684 847 1735 889 il-

308 909 394 950 lum
414 912 447 939 5¹
468 918 555 949 tam
585 907 839 948 familiarem
859 906 1063 947 comitem
1083 914 1170 947 tam
1192 920 1316 960 aequo
1338 907 1482 947 animo
1503 904 1735 960 reliquerit,

244 981 289 1014 44
307 966 421 1021 quod
444 973 669 1006 cruentum
694 963 883 1020 gladium
908 962 1119 1003 habuerit.
1155 965 1195 994 52
1207 962 1377 1003 Horum
1400 977 1494 1018 pars
1516 962 1569 1003 ad
1593 961 1736 1003 consi-

307 1023 407 1063 lium
429 1023 627 1078 pertinet.
661 1020 883 1068 Quaeritur
904 1020 1034 1071 enim,
1048 1029 1192 1060 utrum
1212 1019 1645 1080 videaturdiligenter
1666 1033 1732 1060 ra·

304 1081 364 1121 tio
388 1079 572 1120 faciendi
595 1093 686 1119 esse
708 1077 857 1118 habita
880 1087 923 1117 et
940 1077 1202 1132 excogitata,
1226 1091 1279 1117 an
1302 1077 1362 1117 ita
1384 1085 1555 1117 temere.
1578 1085 1627 1117 ut
1646 1091 1735 1117 non

301 1136 530 1177 verisimile
553 1137 621 1187 sit,
641 1148 900 1192 quemquam
919 1143 1006 1174 tam
1030 1142 1187 1174 temere
1217 1133 1271 1174 ad
1303 1133 1562 1174 maleficium
1591 1147 1733 1174 acces-

301 1195 418 1235 sisse.
479 1193 530 1234 In
561 1208 646 1249 quo
680 1192 901 1248 quaeritur,
940 1206 1044 1232 num
1076 1205 1161 1246 quo
1194 1191 1277 1232 alio
1305 1191 1434 1232 modo
1464 1190 1732 1232 commodius

299 1251 490 1307 potuerit
513 1251 618 1302 fieri,
651 1249 718 1290 vel
747 1264 770 1290 a
802 1248 975 1289 fortuna
996 1248 1298 1289 administrari.
1358 1251 1396 1280 53
1410 1247 1524 1289 Nam
1547 1261 1675 1303 saepe,
1698 1248 1732 1288 si

300 1309 511 1364 pecuniae,
535 1308 568 1348 si
604 1307 866 1362 adjumenta,
902 1306 937 1345 si
965 1305 1181 1360 adjutores
1216 1305 1370 1356 desint,
1393 1305 1573 1346 facultas
1603 1304 1735 1345 fuisse

299 1365 485 1407 faciendi
509 1380 595 1406 non
622 1364 803 1404 videtur.
865 1362 965 1404 Hoc
988 1363 1116 1404 modo
1141 1363 1174 1403 si
1197 1362 1426 1418 diligenter
1447 1362 1733 1412 attendamus,

298 1433 400 1478 apta
421 1424 531 1463 inter
554 1436 596 1462 sc
618 1435 708 1462 esse
731 1424 769 1451 54
782 1419 1062 1475 intelligimus
1094 1420 1203 1471 haec,
1236 1435 1333 1475 quae
1356 1420 1560 1476 negotiis,
1582 1428 1626 1460 et
1647 1417 1732 1469 illa,

299 1495 395 1535 quae
421 1480 611 1536 personis
635 1487 734 1519 sunt
756 1478 978 1518 attributa.

361 1537 448 1578 Hic
479 1550 616 1591 neque
647 1534 772 1576 facile
802 1544 880 1585 est,
900 1548 1038 1589 neque
1068 1534 1352 1575 necessarium
1383 1533 1661 1589 distinguere,
1684 1542 1734 1573 ut

300 1594 344 1635 in
375 1594 665 1650 superioribus
695 1592 902 1648 partibus,
935 1606 1021 1646 quo
1051 1600 1179 1646 paeto
1209 1591 1398 1647 quidque
1425 1599 1733 1640 accusatorem,

301 1661 343 1692 et
373 1651 591 1707 quomodo
623 1649 891 1690 defensorem
925 1657 1107 1689 tractare
1137 1657 1347 1704 oporteat.
1409 1647 1511 1689 Non
1538 1661 1734 1688 necessa-1

298 1709 424 1760 rium,
448 1717 673 1764 propterea
693 1706 823 1762 quod,
845 1720 974 1747 causa
1005 1705 1159 1761 posita,
1181 1705 1284 1761 quid
1318 1705 1361 1746 in
1393 1719 1607 1760 quamque
1628 1719 1731 1745 con-

299 1767 457 1817 veniat,
479 1780 543 1806 res
567 1765 659 1820 ipsa
675 1763 850 1805 docebit
872 1777 958 1814 eos,
981 1763 1054 1819 qui
1076 1777 1163 1803 non
1186 1762 1331 1803 omnia
1357 1763 1427 1803 hic
1460 1776 1504 1803 se
1533 1762 1732 1802 inventu-

297 1837 365 1864 ros
389 1824 616 1879 putabunt‚
636 1821 708 1862 sed
731 1824 769 1852 55
781 1820 851 1874 [ad
875 1835 937 1871 ea,
956 1835 1052 1875 quae
1075 1829 1293 1876 praecepta
1313 1818 1426 1869 sunt,
1446 1818 1733 1875 comparatio-

297 1881 382 1934 nis]
406 1880 535 1921 modo
557 1878 771 1935 quandam
798 1877 841 1919 in
863 1891 1092 1919 commune
1121 1877 1381 1919 mediocrem
1404 1875 1733 1933 intelligentiam

334 2023 375 2055 49
394 2020 513 2052 Uerum
529 2021 565 2050 id
565 2019 706 2060 facinus
717 2021 758 2050 sit
775 2020 846 2059 &c.]
872 2019 993 2050 Utrum

292 2072 351 2102 pro
368 2073 449 2094 num
469 2064 570 2093 etiam
597 2062 674 2093 alibi
697 2066 756 2092 est.
801 2063 863 2092 Sed
878 2068 992 2093 tamen

293 2106 356 2135 Gu.
382 2108 411 2136 Ξ).
436 2105 536 2135 habet
556 2115 648 2134 num.
668 2115 698 2133 v.
723 2103 812 2134 Clav.
839 2105 894 2134 sed
917 2109 991 2143 post

292 2147 441 2177 dedimus
454 2157 519 2177 non
533 2149 676 2182 haberet,
691 2145 777 2184 quod
791 2151 826 2176 et
840 2145 919 2176 Mss.
933 2146 987 2176 alii

292 2197 326 2219 ct
357 2189 444 2219 Cass.
473 2189 536 2219 Gu.
564 2191 641 2219 1.⁶2.
667 2187 739 2218 edd.
769 2198 816 2228 pr.
854 2188 987 2219 habent.

291 2231 413 2261 Omisit
438 2231 550 2262 Aldus.
580 2230 797 2261 eonnectitur
824 2229 885 2260 hoc
913 2239 988 2259 cum

291 2274 508 2313 pram-edente,
533 2273 618 2313 quod
634 2271 914 2312 poem'terefuerit
935 2282 988 2301 ne-

290 2325 383 2352 cesse,
412 2316 505 2355 eique
531 2315 627 2346 debet
653 2323 720 2344 esse
741 2314 867 2345 simile:
903 2314 988 2353 quod

290 2357 500 2397 negationem
516 2357 728 2387 necessariam
752 2356 840 2386 facit.
857 2358 904 2386 ita
922 2356 988 2386 edi-

291 2399 339 2430 dit
364 2400 556 2436 Lambinus,
579 2399 633 2430 sed
651 2408 728 2429 eum
749 2408 845 2429 nemo
871 2405 991 2439 praeter

293 2442 534 2472 Gothofredum
549 2445 679 2471 secutus
691 2446 750 2470 cst.
870 2452 873 2457 ·

333 2487 373 2513 50
389 2483 602 2523 Deum-teria]
632 2483 683 2514 Sic
697 2483 777 2513 Mss.
795 2492 862 2514 non
885 2483 990 2514 diver-

291 2527 380 2562 terit,
398 2531 495 2556 recte.

335 2570 369 2598 51
403 2568 487 2598 Tam
515 2565 729 2607 fizmz'lz‘arem
770 2567 987 2607 comitatum]

290 2609 370 2639 Mss.
386 2610 530 2649 quidam,
546 2611 647 2639 etiam
664 2609 726 2639 Gu.
742 2615 878 2648 uterque
894 2611 992 2639 comi-

291 2656 369 2688 tem,
383 2651 467 2691 quod
487 2661 560 2681 cum
575 2651 722 2682 victorio
736 2651 905 2682 edidimus.
929 2650 991 2681 Re-

290 2694 394 2724 fertur
408 2693 449 2724 ad
473 2693 651 2733 superiora,
675 2693 729 2723 ubi
751 2693 789 2724 de
805 2703 872 2724 uno
895 2694 991 2724 itine-

290 2736 332 2766 ris
352 2737 472 2766 comite
486 2745 602 2765 serum.
635 2735 813 2766 Comitatus
824 2742 935 2766 autem
950 2735 988 2767 de

289 2788 356 2807 uno
368 2779 420 2808 vix
434 2777 604 2808 commode
619 2777 748 2808 dicitur.

332 2822 372 2850 5⁴2
398 2820 527 2850 Horum
543 2820 780 2860 pars—enim]
809 2819 889 2850 Haee
916 2829 986 2849 om-

290 2862 345 2893 nia
359 2863 478 2892 absunt
498 2872 517 2891 a
531 2861 638 2892 Schol.
660 2861 743 2892 oud.
758 2867 792 2893 et
808 2873 865 2902 pro
882 2862 919 2891 iis
937 2867 987 2892 est

290 2912 434 2935 uersum.
480 2905 564 2936 Sane
587 2904 738 2946 repetitio
755 2904 813 2936 illa
828 2906 987 2935 Iterum-—

1030 2020 1174 2058 pertinet
1189 2029 1255 2049 non
1270 2018 1363 2049 valde
1381 2018 1510 2058 plaeet3
1533 2027 1730 2057 quamquam

1035 2062 1136 2091 etiam
1151 2061 1274 2091 similes
1290 2061 1500 2100 repetitiones
1515 2061 1639 2090 notavi.
1668 2059 1732 2090 Sed

1033 2104 1192 2142 quaeritur
1204 2104 1290 2133 enim
1305 2103 1395 2133 abest
1408 2113 1427 2133 a
1440 2103 1532 2132 Voss.
1547 2104 1577 2133 2.
1594 2102 1682 2132 Cass.
1695 2106 1730 2131 et

1032 2145 1061 2174 ei
1081 2154 1147 2175 non
1163 2145 1243 2175 bene
1263 2145 1428 2181 convenit,
1445 2145 1531 2183 quod
1552 2144 1666 2174 statim
1679 2153 1729 2174 se-

1031 2186 1158 2226 quitur:
1183 2187 1219 2216 in
1241 2197 1302 2226 quo
1324 2188 1492 2226 quoeritur.
1536 2186 1661 2217 Saltem
1683 2185 1730 2216 le-

1031 2229 1172 2268 gendum
1187 2229 1267 2259 erit:
1293 2229 1466 2269 „Quaeritur
1479 2229 1589 2259 eliam.

1073 2273 1112 2301 53
1137 2271 1232 2301 ,Nam
1252 2273 1279 2301 .ςί
1296 2272 1452 2310 pecuum,
1476 2272 1503 2301 si
1525 2270 1606 2312 acb-J
1631 2269 1730 2301 Addi-

1031 2312 1137 2343 dimus
1146 2314 1172 2343 si
1185 2313 1407 2352 adjumentise
1420 2313 1571 2344 Mss.Gu.
1586 2313 1675 2343 Cass.
1691 2317 1730 2343 ut

1030 2355 1147 2385 saltem
1168 2355 1333 2395 aequabilis
1351 2355 1448 2386 lectio
1462 2356 1518 2392 sit,
1534 2365 1594 2386 nec
1614 2359 1730 2385 tamen

1031 2397 1207 2428 lectionem
1235 2404 1358 2428 certam
1387 2403 1478 2438 puto.
1536 2397 1620 2428 Edd.
1647 2400 1727 2428 vett.

1031 2439 1155 2471 habent
1169 2442 1196 2470 ει·
1203 2441 1350 2479 pecunioe
1367 2438 1574 2481 adjumenta,
1587 2440 1615 2470 εἰ
1633 2439 1729 2478 adia—

1034 2485 1116 2512 tores
1126 2495 1134 2511 :
1149 2489 1223 2523 post
1238 2482 1460 2522 interpunctio
1475 2485 1604 2511 mutata
1617 2486 1683 2511 est:
1699 2481 1729 2511 εἰ

1027 2525 1185 2564 pecunioe,
1200 2524 1266 2565 adj.
1280 2525 1307 2554 sz'
1321 2525 1386 2565 adj.
1418 2523 1501 2554 Mihi
1516 2523 1615 2554 etiam
1630 2521 1729 2564 adju-

1033 2571 1143 2597 menta
1163 2566 1201 2596 de
1223 2567 1329 2605 glossa
1347 2576 1431 2605 saepe
1452 2569 1603 2606 suspecta
1627 2565 1729 2596 fuere.

1035 2608 1115 2638 Mox
1130 2619 1157 2638 c.
1177 2611 1222 2639 14.
1237 2612 1368 2638 tantum
1384 2606 1517 2647 adjutor
1531 2613 1592 2638 est.

1077 2653 1117 2681 54
1139 2650 1384 2690 Intelligz'musfl
1411 2650 1487 2680 Sine
1501 2649 1599 2679 dubio
1613 2657 1727 2678 verum

1033 2698 1083 2723 est
1096 2693 1327 2731 intelligemus,
1341 2702 1409 2722 non
1422 2691 1595 2731 vulgatum
1608 2691 1730 2721 intelli-

1028 2745 1149 2774 gamus.

1073 2780 1111 2809 55
1133 2777 1189 2807 Ad
1228 2786 1279 2812 ea,
1322 2785 1440 2816 quae—
1451 2773 1725 2815 comparationis]

1030 2818 1111 2849 Haec
1125 2819 1245 2849 absunt
1259 2829 1279 2849 a
1291 2818 1398 2849 Schol.
1413 2818 1474 2848 Ms.
1487 2818 1648 2853 Vossiani,
1662 2816 1727 2846 Ms-

1027 2861 1118 2934 gi'ass.
1165 2860 1413 2903 Spuriajudict).
1436 2860 1552 2900 ltaque
1567 2859 1659 2890 uncis
1677 2858 1730 2890 in-

1060 2913 1120 2935 υὲι.
