1945 3235
336 154 417 194 60⁸
719 153 1016 193 ORATORIAE
1058 151 1425 193 PARTITIONES.

337 260 537 315 libusque
563 259 892 315 quaestionibus‚
920 275 1061 301 causae
1091 259 1362 315 rationesque
1392 272 1531 300 rerum
1562 258 1787 316 explican-

260 322 426 377 19tur.
487 316 607 358 lilius
639 327 782 359 autem
815 318 998 373 generis,
1021 318 1063 358 in
1086 331 1187 372 quo,
1209 317 1312 371 quid
1336 317 1391 356 sit
1421 316 1478 367 id,
1500 316 1552 357 de
1583 331 1670 372 quo
1691 316 1786 372 agi-

279 394 330 428 55
345 385 426 425 tur,
449 375 671 430 quaeritur,
693 375 778 416 duo
802 385 901 416 sunt
923 389 1101 429 genera:
1135 388 1317 429 quorum
1341 374 1382 414 in
1407 373 1540 414 altero
1563 373 1788 429 disputan·

342 432 444 473 dum
467 442 546 483 cst,
568 431 682 473 aliud
705 447 758 473 an
783 432 894 472 idem
918 433 988 483 sit,
1007 434 1049 468 96
1061 442 1106 473 ut
1131 430 1367 488 pertinacia
1384 440 1427 471 et
1452 430 1785 487 perseverantia:

341 490 386 531 in
410 489 543 530 altero
566 498 724 540 autem,
746 489 979 544 descriptio
1001 490 1169 545 generis
1200 488 1398 543 alicujus,
1421 498 1465 529 et
1485 488 1606 544 quasi
1639 488 1786 543 imago

342 548 626 603 exprimenda
647 557 725 597 cst,
749 556 809 597 ut,
831 546 968 601 qualis
991 547 1046 587 sit
1076 561 1241 597 avarus,
1264 555 1337 586 aut
1359 546 1462 601 quid
1485 546 1540 586 sit
1571 544 1788 601 superbia.

280 604 491 646 oo'rcrtio
513 614 655 646 autem
689 604 732 644 in
764 617 934 659 genere,
959 603 1000 644 iu
1022 618 1124 658 quo,
1146 603 1270 658 quale
1301 604 1371 654 sit,
1392 603 1614 658 quaeritur,
1637 611 1712 643 aut
1732 601 1787 643 de

342 662 584 710 honestate,
609 671 682 702 aut
715 661 767 701 de
798 660 997 710 utilitate,
1029 669 1103 700 aut
1132 661 1184 700 de
1217 661 1422 716 aequitate
1453 660 1683 702 dicendum
1706 668 1788 700 est.

343 719 413 762 De
433 719 660 759 honestate
682 719 742 758 sic
762 734 771 758 ε
804 726 865 768 ut,
887 717 1190 758 Honestumne
1211 718 1267 758 sit
1289 732 1365 773 pro
1385 717 1526 759 amieo
1548 715 1788 774 periculum

341 788 418 818 aut
453 776 659 816 invidiam
698 775 856 815 subire.
918 774 986 816 De
1022 775 1208 816 utilitate
1248 785 1391 816 autem
1434 775 1519 817 sic:
1559 785 1622 825 ut,
1665 773 1789 816 Sitne

340 834 462 884 utile,
486 833 526 873 in
554 832 773 888 republica
793 832 1133 873 administranda
1155 832 1325 873 versari.
1370 831 1438 872 De
1460 833 1665 888 aequitate
1687 844 1790 872 vero

340 892 429 932 sie:
461 901 523 941 ut,
547 891 669 931 Sitne
691 905 879 945 aequum,
900 890 1063 931 amicos
1085 889 1283 944 cognatis
1304 888 1530 930 anteferre.
1576 889 1722 944 Atque
1744 889 1790 930 in

339 948 427 989 hoe
466 948 619 989 eodem
660 961 831 1004 genere,
865 948 908 988 in
941 963 1043 1003 quo,
1076 947 1200 1002 quale
1232 946 1302 997 sit,
1341 946 1563 1002 quaeritur,
1594 946 1792 987 exoritur

341 1006 457 1046 aliud
492 1005 710 1061 quoddam
748 1005 997 1061 disputandi
1038 1018 1188 1060 genus.
1248 1004 1351 1045 Non
1387 1003 1503 1044 enim
1538 1002 1792 1059 simpliciter

340 1062 481 1104 solum
503 1064 725 1118 quaeritur,
747 1063 848 1118 quid
873 1062 1101 1103 honestum
1121 1062 1191 1112 sit,
1213 1061 1316 1116 quid
1339 1061 1458 1112 utile,
1473 1060 1578 1116 quid
1601 1074 1792 1116 aequum,

339 1121 416 1161 scd
449 1120 582 1161 etiam
613 1135 669 1162 ex
705 1120 1044 1176 comparatione,
1076 1119 1181 1174 quid
1214 1118 1452 1169 honestius,
1484 1118 1586 1174 quid
1626 1117 1790 1169 utilius,

339 1178 446 1233 quid
471 1178 660 1233 aequius:
693 1188 823 1233 atque
844 1181 990 1229 etiam,
1009 1176 1113 1234 quid
1136 1176 1503 1227 honestissimum,
1524 1175 1629 1231 quid
1651 1174 1791 1216 utilis-

340 1236 515 1286 simum,
551 1236 655 1291 quid
699 1235 1020 1290 aequissimum:
1052 1233 1176 1290 cujus
1219 1234 1387 1289 generis
1423 1233 1495 1274 illa
1535 1242 1649 1284 sunt,
1689 1245 1789 1288 quae

340 1293 700 1348 praestantissima
733 1294 788 1334 sit
816 1292 1006 1349 dignitas
1038 1292 1156 1334 vitae.
1217 1291 1364 1346 Atque
1392 1305 1443 1332 ea
1471 1290 1660 1346 quidem,
1690 1303 1789 1345 quae

279 1351 451 1404 mdix-i,
472 1350 738 1407 cognitionis
769 1360 869 1391 sunt
899 1350 1061 1391 omnia.
1121 1348 1306 1390 Restant
1335 1348 1542 1391 actionis:
1574 1348 1699 1403 cujus
1729 1345 1791 1388 al-

344 1418 482 1449 terum
502 1418 569 1449 est
589 1407 870 1465 praecipiendi
892 1421 1043 1464 genus,
1065 1407 1182 1462 quod
1212 1406 1267 1447 ad
1295 1406 1508 1447 rationem
1529 1405 1663 1447 officii
1695 1418 1793 1461 per-

340 1466 476 1507 tinet:
509 1474 572 1517 ut,
610 1465 974 1521 quemadmodum
1013 1464 1182 1506 colendi
1216 1463 1303 1504 sint
1341 1472 1566 1519 parentes:
1609 1461 1792 1503 alterum

340 1533 483 1564 autem
509 1523 562 1564 ad
586 1522 795 1564 sedandos
817 1522 998 1572 animos,
1020 1531 1064 1562 et
1084 1521 1280 1562 oratione
1302 1521 1529 1571 sanandos,
1551 1529 1600 1560 ut
1621 1520 1666 1560 in
1687 1533 1794 1560 con-

340 1580 529 1621 solandis
550 1580 828 1630 moeroribus,
850 1587 898 1619 ut
920 1580 963 1620 in
986 1578 1208 1620 iracundia
1228 1577 1568 1633 comprimenda,
1589 1585 1664 1618 aut
1690 1577 1791 1618 97111

339 1639 496 1678 timore
528 1637 731 1688 tollendo,
762 1645 836 1678 aut
866 1636 909 1677 in
932 1636 1172 1692 cupiditate
1202 1635 1448 1676 minuenda.
1510 1632 1593 1675 Cui
1615 1633 1792 1689 quidem

341 1696 486 1749 generi
522 1696 786 1737 contrarium
826 1702 892 1735 cst
931 1693 1182 1750 disputandi
1224 1707 1361 1749 genus
1397 1691 1452 1734 ad
1482 1691 1655 1733 eosdem
1696 1690 1792 1734 illos

342 1747 474 1794 animi
507 1765 664 1805 motus,
699 1752 816 1808 quod
846 1751 890 1793 in
923 1750 1228 1808 amplificanda
1256 1749 1453 1791 oratione
1485 1762 1601 1805 saepe
1627 1748 1794 1791 facien-

343 1810 444 1851 dum
477 1820 556 1862 est,
580 1810 645 1852 vel
680 1809 938 1867 gignendos,
961 1808 1028 1851 vel
1048 1808 1346 1851 concitandos.
1403 1807 1550 1862 Atque
1580 1806 1677 1847 haee
1703 1805 1793 1848 fere

261 1870 410 1919 QOest
446 1868 624 1924 partitio
657 1866 1041 1909 consultationum.
1102 1865 1156 1907 C.
1187 1865 1236 1907 F.
1273 1864 1501 1922 Cognovi:
1532 1867 1574 1899 98
1588 1863 1660 1905 sed
1693 1877 1792 1920 quae

281 1943 332 1976 68
347 1925 455 1966 ratio
487 1926 543 1966 sit
576 1926 617 1967 in
653 1925 719 1966 his
756 1925 1003 1966 inveniendi
1030 1932 1074 1966 et
1107 1923 1380 1980 disponendi,
1415 1921 1601 1977 requiro.
1662 1919 1716 1962 C.
1739 1920 1793 1967 P.

346 1984 493 2030 Quid?
525 1993 570 2024 tu
605 1983 789 2025 aliamne
819 1996 981 2034 censeS,
1010 1992 1054 2023 et
1084 1996 1172 2023 non
1202 1981 1398 2031 eandem,
1429 1994 1528 2035 quae
1560 1986 1626 2020 est
1653 1991 1792 2035 expo-

341 2041 439 2092 sita,
464 2049 511 2082 ut
531 2056 586 2082 ex
610 2041 770 2082 eisdem
794 2040 899 2081 locis
924 2040 977 2081 ad
1000 2040 1129 2081 fidem
1151 2048 1196 2080 et
1225 2039 1277 2080 ad
1301 2036 1608 2079 inveniendum
1630 2035 1794 2078 ducan-

342 2108 412 2139 tur
433 2099 606 2141 omnia?
646 2097 898 2140 Collocandi
921 2106 1066 2139 autem
1087 2111 1186 2153 quae
1208 2105 1273 2137 est
1293 2095 1496 2152 exposita
1524 2093 1569 2135 in
1599 2092 1693 2134 aliis
1723 2107 1793 2135 ra-

343 2156 420 2206 tio,
442 2156 591 2197 eadem
617 2156 702 2198 huc
724 2155 993 2197 transfertur.

402 2214 593 2270 Cognita
625 2214 758 2270 igitur
789 2213 906 2254 omni
937 2211 1244 2254 distributione
1273 2209 1590 2267 propositarum
1621 2206 1795 2250 consul-

281 2282 330 2323 (39
345 2272 574 2321 tationum‚
595 2276 636 2306 99
649 2285 872 2313 causarum
897 2284 1055 2326 genera
1076 2279 1239 2310 restant
1257 2267 1506 2309 admodum.
1566 2265 1623 2306 Et
1645 2279 1795 2311 earum

341 2329 515 2384 quidem
538 2328 677 2370 forma
699 2328 859 2384 duplex
881 2338 972 2369 est:
1003 2341 1184 2383 quarum
1213 2325 1345 2367 altera
1365 2323 1698 2366 delectationem
1724 2337 1790 2364 se-

340 2396 484 2428 ctatur
504 2387 696 2429 aurium:
731 2385 918 2438 alterius,
942 2394 989 2426 ut
1010 2385 1221 2436 obtineat,
1243 2384 1400 2440 probet
1427 2391 1471 2423 et
1491 2380 1652 2423 efficiat
1673 2379 1791 2437 quod

383 2517 426 2551 96
447 2521 484 2547 ut
500 2515 704 2558 pertinacia]
730 2515 793 2547 Ms.
814 2515 856 2548 V.
874 2516 1042 2556 pertinen·
1085 2515 1141 2546 bet
1154 2513 1204 2546 ed.
1218 2513 1302 2545 ven.
1326 2513 1407 2545 Mox
1422 2513 1487 2544 Ms.
1499 2512 1540 2544 V.
1555 2510 1606 2542 ed.
1620 2510 1702 2541 Ven.
1717 2512 1794 2551 post

341 2561 403 2592 tia.
427 2569 524 2600 supra
540 2570 584 2590 m.
599 2570 626 2590 s,
649 2560 839 2600 adscripsit:
871 2558 927 2590 alii
938 2559 1044 2600 perti·
1085 2557 1221 2588 eandem
1236 2556 1347 2587 delent
1361 2566 1437 2592 esse,
1453 2554 1539 2595 quod
1552 2553 1695 2594 praetuli.

341 2602 453 2632 nucia.
1129 2604 1170 2634 99
1192 2609 1220 2630 c.
1247 2608 1371 2637 genera
1393 2601 1520 2629 restant
1545 2596 1689 2636 omnino]
1724 2594 1790 2627 Ed.

385 2647 424 2678 97
449 2647 485 2674 in
500 2643 615 2674 timore
633 2643 784 2683 tollendo]
819 2642 880 2674 Ed.
895 2643 979 2674 Vcn.
992 2643 1046 2674 de·
1086 2642 1172 2673 Ven.
1189 2641 1279 2672 addit
1293 2645 1325 2672 et
1334 2645 1508 2682 prm-epta.
1531 2639 1596 2670 Ms.
1612 2637 1652 2669 E.
1663 2641 1792 2669 restant

344 2687 496 2719 liniendo.
543 2688 622 2716 Mox
647 2687 761 2716 eadem
780 2687 1047 2716 animorum—in
1089 2685 1288 2715 admodum:
1312 2683 1399 2723 quod
1422 2682 1518 2723 phne
1542 2681 1628 2712 idem
1642 2686 1710 2712 est:
1734 2678 1792 2711 sed

343 2729 601 2769 amplificatione
616 2728 782 2759 orationis.
1090 2737 1157 2757 non
1172 2731 1222 2757 est
1238 2726 1278 2756 ab
1293 2726 1499 2756 aberratione
1515 2728 1574 2754 aut
1587 2723 1792 2754 correctione

385 2776 427 2806 98
449 2773 506 2802 sed
525 2781 595 2811 quae
615 2772 703 2802 ratio
725 2770 784 2810 est]
811 2770 877 2801 Ms.
900 2769 942 2800 V.
956 2768 1046 2800 delet
1086 2769 1229 2800 librarii:
1259 2770 1391 2808 ejusque
1413 2767 1520 2807 glossa
1541 2766 1638 2797 citius
1659 2765 1703 2796 sit
1722 2774 1792 2796 om-

343 2814 419 2844 sed:
452 2824 511 2854 pro
538 2818 584 2844 est
607 2821 718 2844 autem
748 2811 956 2844 scribendum
982 2813 1023 2842 sit
1036 2824 1046 2842 .·
1087 2813 1176 2848 nino,
1192 2820 1290 2850 quam
1305 2810 1401 2850 hujus
1419 2809 1512 2840 illud.
1557 2807 1618 2839 Ed.
1634 2807 1718 2840 ven.
1733 2816 1792 2842 vo.-

346 2856 406 2888 nisi
429 2856 523 2889 malis
540 2856 668 2897 requiro
690 2854 808 2888 delere.
854 2854 917 2886 Sed
931 2855 973 2887 sic
988 2853 1046 2888 ha·
1088 2854 1151 2886 luit
1167 2853 1252 2886 idem
1265 2851 1354 2890 dare,
1367 2852 1424 2892 scd
1434 2856 1484 2884 est
1498 2851 1623 2882 amodo.
