1945 3235
548 138 730 177 LIBER
762 135 1083 174 SECUNDUS.
1455 137 1528 172 189

96 242 281 295 110111,αά
305 244 419 285 hunc
439 243 614 285 modum
637 241 949 283 tractabuntur.
1011 239 1140 280 Nunc
1164 240 1403 294 generalem
1427 253 1530 281 con-

100 302 383 351 stitutionem,
406 310 449 341 et
470 310 609 356 partes
632 299 723 354 ejus
746 297 1078 338 consideremus.

158 358 271 399 Cum
293 369 335 399 et
357 358 486 408 facto,
508 366 551 396 et
573 355 677 396 facti
696 355 870 396 nomine
891 367 1110 402 concesso,
1132 367 1271 407 neque
1293 353 1377 393 ulla
1398 352 1531 393 actio-
1546 344 1610 390 ‘21

91 415 168 467 ,nis
188 416 305 456 illata
325 413 629 463 controversia,
652 413 715 452 vis
734 422 777 451 et
799 420 965 460 natura,
988 419 1031 450 et
1053 424 1188 465 genus
1211 410 1376 464 negotii
1400 410 1593 463 1115111562

104 473 334 526 quaeritur3
373 471 726 511 constitutionem
758 467 997 523 generalem
1033 466 1310 521 appellamus.
1389 465 1533 518 Hujus

105 529 262 583 primas
293 542 384 569 esse
407 537 548 583 partes
581 527 685 566 duas
718 525 844 566 nobis
877 524 1012 564 videri
1034 523 1239 574 diximus,
1261 522 1536 578 negotialem,

106 583 465 640 ctjuridicialem.
528 583 770 639 Negotialis
805 591 884 632 est,
917 596 1014 635 quae
1050 580 1093 620 in
1116 580 1209 635 ipso
1232 580 1409 636 negotio
1426 579 1536 633 juris

106 641 243 682 civilis
262 641 392 681 habet
410 640 675 696 implicatam
697 639 1048 680 controversiam.
1103 636 1165 677 Ea
1178 647 1243 678 est
1265 635 1534 692 hujusmodi:

108 698 294 745 Quidam
316 697 525 754 pupillum
543 697 744 738 heredem
768 696 898 746 fecit3
930 694 1116 750 pupillus
1140 705 1282 735 autem
1303 703 1401 735 ante
1424 707 1536 733 mor—
1549 702 1644 739 p.70.

107 764 203 796 tuus
222 763 299 804 est,
321 757 500 810 T4quam
522 753 564 795 in
600 768 719 795 suam
742 753 920 793 tutelam
951 752 1150 792 venisset.
1214 751 1282 792 De
1303 750 1579 792 hereditatem

106 827 170 863 ea,
202 827 297 867 quae
326 811 488 868 pupillo
522 811 654 861 venit,
685 812 904 859 intereos,
937 809 1011 863 qui
1036 808 1166 864 patris
1190 809 1341 864 pupilli
1367 807 1539 848 heredes

107 868 282 910 secundi
305 878 418 919 sunt,
440 878 484 908 et
501 869 614 909 inter
635 877 815 923 agnatos
838 866 989 922 pupilli
1012 867 1305 907 contr0versia
1323 875 1401 906 est.
1436 865 1542 905 Pos-

106 926 235 967 sessio
268 925 472 967 heredum
505 925 789 967 secundorum
821 933 899 963 est.
963 922 1154 964 Intentio
1183 933 1247 964 est
1270 934 1541 978 agnatorum,

111 982 271 1024 Nostra
293 983 476 1039 pecunia
496 992 574 1034 est,
597 983 649 1022 de
671 997 756 1037 qua
778 982 827 1032 is,
850 979 973 1035 cujus
1005 981 1152 1036 agnati
1176 995 1335 1032 sumus,
1359 988 1540 1021 testatus

107 1055 194 1081 non
214 1049 292 1081 cst.
355 1039 563 1095 Depulsio
587 1049 664 1089 est,
690 1039 830 1079 [mmo
863 1046 1023 1087 nostra,
1055 1039 1126 1092 qui
1163 1037 1338 1078 heredes
1369 1036 1545 1078 secundi

109 1106 367 1138 testamento
397 1097 527 1153 patris
560 1111 719 1136 sumus.
781 1094 979 1140 Quaestio
1001 1104 1080 1144 est,
1112 1095 1320 1136 Utrorum
1343 1096 1425 1136 sit?
1458 1093 1545 1134 Ra-

111 1155 172 1195 tio
209 1164 288 1205 est,
328 1154 454 1195 Pater
483 1154 597 1194 enim
630 1162 671 1193 et
703 1153 800 1202 sibi,
831 1160 874 1191 et
906 1150 995 1190 filio
1029 1159 1334 1192 testamentum
1362 1151 1546 1206 scripsit,

110 1212 212 1252 dum
236 1212 270 1252 is
291 1211 475 1267 pupillus
493 1220 617 1250 esset.
681 1209 840 1259 Quare,
855 1223 952 1263 quae
973 1207 1049 1247 filii
1072 1207 1260 1259 fuerunt,
1285 1217 1544 1249 testamento

112 1269 244 1325 patris
268 1278 412 1309 nostra
430 1267 535 1308 fiant
557 1281 729 1308 necesse
751 1275 829 1306 est.
871 1264 1112 1305 infirmatio
1135 1276 1200 1306 est
1222 1266 1415 1306 rationis.
1460 1264 1548 1305 Im-

112 1341 184 1366 mo
207 1336 326 1381 pater
359 1325 440 1365 sibi
468 1324 653 1380 scripsit,
686 1332 729 1364 et
751 1322 985 1363 secundum
1017 1321 1216 1363 heredem
1238 1338 1325 1364 non
1353 1323 1457 1372 filio,
1477 1321 1550 1362 sed

115 1383 195 1424 sibi
224 1382 357 1438 jussit
398 1395 503 1422 esse.
565 1382 725 1431 Quare,
760 1389 1048 1436 praeterquam
1083 1383 1122 1413 75
1137 1380 1254 1435 quod
1288 1380 1420 1436 ipsius
1452 1379 1551 1429 fuit,

116 1449 373 1481 testamento
396 1438 508 1479 illius
532 1448 721 1479 vestrum
742 1451 832 1478 esse
854 1451 941 1477 11011
965 1445 1122 1492 potest.
1181 1437 1419 1488 Judicatio,
1446 1436 1551 1477 Pos-

115 1497 224 1538 sitne
243 1497 471 1552 quisquam
494 1496 547 1537 de
566 1495 640 1536 filii
662 1494 813 1551 pupilli
833 1508 876 1534 re
896 1494 1041 1534 testari
1058 1511 1067 1535 :
1091 1510 1144 1534 an
1168 1494 1344 1535 heredes
1360 1493 1551 1544 secundi,

106 1553 248 1610 *ipsius
286 1552 620 1608 patrisfamilias,
642 1568 729 1593 non
762 1551 838 1592 filii
871 1565 1043 1606 quoque
1076 1551 1168 1605 ejus
1201 1552 1353 1607 pupilli
1375 1551 1551 1592 heredes

108 1612 226 1665 sint?
258 1611 404 1665 Atque
431 1610 514 1651 hoc
537 1625 625 1650 non
648 1610 835 1650 alienum
857 1619 935 1659 est,
954 1609 1070 1663 quod
1093 1609 1145 1648 ad
1169 1609 1304 1649 multa
1326 1609 1551 1665 pertineat,
1565 1615 1614 1648 63

109 1683 171 1723 110
195 1678 270 1708 aut
299 1682 527 1723 nusquam,
551 1676 624 1708 aut
656 1680 963 1722 usquequaque
994 1665 1177 1717 dicatur,
1207 1666 1279 1707 1110
1309 1667 1554 1707 admonere.

120 1726 230 1766 Sunt
253 1740 408 1776 causae,
432 1740 529 1779 quae
552 1725 691 1780 plures
714 1724 876 1764 habent
910 1723 1096 1763 rationes
1121 1724 1165 1763 in
1189 1723 1373 1779 simplici
1396 1723 1557 1764 consti-

119 1784 307 1823 tutione:
340 1782 456 1837 quod
488 1781 550 1832 fit,
575 1796 672 1822 cum
708 1781 765 1832 id,
789 1780 904 1836 quod
938 1780 1102 1820 factum
1142 1790 1220 1831 est,
1243 1790 1319 1821 aut
1347 1781 1463 1835 quod
1485 1781 1558 1821 de-

119 1839 324 1889 fenditur,
364 1839 557 1894 pluribus
588 1839 640 1879 de
678 1837 818 1879 causis
847 1847 1027 1888 rectum,
1061 1847 1137 1878 aut
1170 1838 1394 1893 probabile
1425 1837 1560 1878 videri

120 1905 278 1953 potest,
302 1897 413 1936 utin
449 1895 530 1937 hac
566 1895 660 1950 ipsa
688 1909 830 1936 causa.
895 1894 1176 1949 Supponatur
1205 1895 1321 1935 enim
1352 1896 1406 1935 ab
1439 1894 1561 1935 here-

118 1954 244 1994 dibus
269 1954 362 1994 11100
391 1953 518 2003 ratio,
540 1952 680 1994 Unius
714 1952 830 1992 enim
863 1951 1060 2005 pecuniae
1092 1951 1247 2007 plures,
1281 1952 1560 1992 dissimilibus

121 2011 173 2052 de
195 2010 348 2060 causis,
381 2009 558 2051 heredes
590 2024 680 2050 esse
711 2023 801 2048 non
835 2017 1030 2063 possunt,
1052 2023 1132 2049 1100
1165 2023 1370 2063 umquam
1397 2009 1562 2050 factum

121 2076 199 2118 est,
224 2077 271 2107 ut
289 2066 482 2122 ejusdem
496 2067 691 2122 pecuniae
715 2065 821 2106 alius
846 2074 1118 2116 testamento,
1138 2065 1244 2106 alius
1263 2066 1357 2121 lege
1387 2066 1560 2107 76110105

120 2134 256 2166 05501;
301 2123 536 2164 infirmatio
576 2124 672 2164 haec
710 2122 805 2172 erit,
848 2121 949 2162 Non
991 2131 1056 2162 est
1089 2137 1174 2162 una
1212 2124 1417 2178 pecunia:
1462 2138 1560 2179 pro-
1572 2131 1623 2165 64

120 2192 281 2238 pterea,
296 2181 412 2236 quod
437 2181 569 2222 altera.
584 2181 678 2235 jam
709 2189 799 2220 erat
822 2179 974 2235 pupilli
998 2179 1262 2232 adventitia3
1294 2180 1418 2236 cujus
1440 2179 1562 2222 heres

165 2341 208 2373 74
236 2339 333 2376 Ante,
349 2348 448 2379 quam>
462 2340 498 2368 in
511 2348 607 2370 suam
622 2340 761 2369 tutelam
773 2348 826 2368 ve-
868 2338 910 2368 tis
925 2344 1010 2369 esset
1025 2340 1116 2370 heres
1127 2343 1215 2370 esset.
1243 2340 1432 2381 Infirmatio
1447 2345 1569 2371 autem.

125 2381 246 2421 nisset.]
274 2382 326 2411 Sic
339 2381 465 2411 correxi
479 2391 538 2420 pro
553 2382 689 2418 veniret,
705 2381 740 2410 in
762 2391 825 2419 quo
869 2380 985 2411 obfuit
1006 2382 1057 2411 hie
1080 2381 1231 2421 neglecta
1253 2383 1498 2422 conjunctionis
1512 2383 1569 2412 ob-

118 2428 176 2458 ‚est
196 2423 390 2453 manifestus
412 2423 627 2460 soloecismus,
647 2434 668 2454 a
690 2423 825 2453 Germa·
869 2425 1028 2453 servatio:
1059 2424 1273 2463 Supponatur
1299 2434 1324 2454 e.
1340 2426 1381 2454 ab
1403 2426 1571 2455 heredibus

126 2465 176 2496 nis
189 2465 327 2495 librariis
343 2470 445 2496 ortus,
871 2466 937 2495 hoee
950 2467 1037 2495 ratio
1047 2478 1056 2495 .·
1080 2467 1177 2496 unius
1188 2468 1275 2496 enim
1291 2468 1348 2496 &cu
1372 2468 1462 2497 heres
1473 2471 1551 2497 esset
1561 2479 1570 2496 .-

167 2510 185 2541 7
191 2510 208 2537 5
242 2507 341 2548 ‚Quod
366 2508 467 2547 ipsius
483 2506 560 2547 ficit
588 2511 714 2538 testam.
738 2507 828 2537 illius
869 2507 1050 2548 infirmatio
1079 2510 1144 2538 lzoec
1168 2509 1241 2538 erit.
1285 2509 1435 2539 Breviter
1459 2509 1568 2540 velut.

126 2559 158 2579 v.
185 2549 257 2588 &c.]
284 2550 404 2588 Ipsius,
426 2549 574 2589 intellige
598 2549 668 2579 filii.
700 2550 826 2589 Vulgo:
873 2549 911 2579 δι’
929 2551 994 2579 lzoec
1012 2555 1058 2580 est
1079 2551 1184 2581 ratio,-
1207 2550 1390 2591 infirmatz'o
1411 2553 1477 2582 hoec·
1497 2553 1570 2582 erit.

127 2590 212 2629 quiid
224 2591 324 2630 ipsius
325 2591 404 2631 sicit
417 2593 451 2621 in
467 2596 668 2628 testamento,
684 2592 784 2622 ullius
796 2602 826 2621 v.
874 2591 938 2621 Hic
957 2597 1068 2622 autem
1083 2591 1194 2622 locum
1214 2592 1334 2623 habere
1355 2603 1423 2623 non
1443 2597 1569 2634 potest:

129 2633 206 2663 Sine
227 2642 334 2663 sensu.
378 2634 574 2673 Interpunxi
592 2641 668 2674 post
675 2633 772 2674 fuit:
794 2635 829 2663 iu
872 2633 928 2663 sed
953 2634 1101 2664 additum
1127 2640 1189 2670 est,
1214 2635 1292 2673 quia
1309 2640 1473 2675 punctum
1501 2641 1572 2666 erat

130 2673 233 2704 delevi
247 2680 282 2704 et
290 2685 348 2715 pro
357 2677 458 2706 ullius
466 2676 538 2705 dedi
549 2677 652 2712 illius,
661 2677 830 2706 autoribus
873 2676 1033 2715 scriptum
1070 2681 1144 2715 post
1170 2681 1258 2707 esset.
1302 2678 1424 2709 Autem
1459 2678 1573 2708 aberat

131 2716 330 2747 Mss.etedd.
343 2727 392 2757 pr.
401 2719 436 2748 in
445 2718 704 2757 quibustantum
714 2719 831 2748 vitiosa
875 2718 983 2748 Schol.
1011 2719 1102 2748 Voss.
1119 2720 1149 2749 2.
1186 2719 1302 2749 Paullo
1327 2726 1403 2760 post
1421 2720 1494 2750 dedi
1517 2721 1574 2749 illo

132 2764 182 2788 est
198 2758 431 2799 interpunctio.
488 2760 591 2790 Aldus
605 2761 730 2800 primus
743 2760 832 2791 dedit
876 2765 1018 2800 tempore
1028 2761 1098 2791 sine
1112 2761 1158 2790 in.
1212 2762 1320 2792 Verba
1333 2763 1369 2792 in
1383 2766 1574 2793 testamento

131 2801 245 2837 ullius,
260 2801 353 2838 vitio,
369 2806 408 2831 ut
421 2803 549 2842 opinor,
563 2812 747 2842 operarum.
876 2803 930 2832 vix
954 2809 1034 2833 sunt
1062 2803 1246 2834 Ciceronis:
1269 2804 1386 2835 saltem
1407 2806 1443 2834 in
1464 2803 1574 2834 delen-

175 2843 216 2876 76
239 2842 345 2873 Heres
356 2849 434 2874 esset
445 2856 453 2872 :
468 2844 648 2884 infirmatio
662 2847 728 2874 laeoec
740 2843 827 2882 erik]
875 2844 953 2875 dum
968 2845 1044 2882 fuit,
1059 2850 1099 2875 ut
1110 2845 1185 2883 feci,
1198 2847 1386 2877 auctoribus
1400 2847 1480 2878 Mss.
1494 2845 1575 2880 duo-

134 2884 186 2916 Sic
200 2884 385 2927 interpunxi
399 2891 434 2917 et
445 2887 569 2927 scripsi,
582 2897 657 2918 cum
671 2887 706 2917 in
720 2886 832 2926 vulga-
876 2887 934 2918 bus
947 2898 998 2928 ap.
1015 2887 1164 2919 Oudend.
1178 2893 1213 2919 et
1225 2889 1288 2919 Gu.
1303 2890 1334 2920 2,
