1914 3220
677 125 1140 181 PRAEFATIO.
1451 123 1636 178 xxxvii

173 259 603 328 proeponendum,
617 258 948 327 —provincia
975 256 1325 317 discessissem,
1356 272 1453 326 pro
1473 275 1532 325 p.
1553 257 1638 307 de-

184 342 784 413 cessissem—supplices
823 343 936 406 isse,
977 360 1077 413 pro
1115 361 1154 394 s.
1186 359 1304 393 esse.
1385 337 1446 392 C.
1489 345 1538 392 2.
1579 342 1634 393 in

184 446 298 479 eum
337 446 413 479 me
454 427 617 480 locum
651 429 844 480 adduci
872 427 1047 500 (quod
1075 434 1130 479 et
1158 425 1388 479 Mediol.
1419 432 1475 477 et
1501 425 1632 479 Asc,

182 511 407 575 habent,
448 531 550 565 nec
589 513 870 585 improbat
912 510 1194 578 Graevius)
1237 529 1335 583 pro
1367 512 1402 563 i.
1432 529 1473 563 ε.
1502 530 1566 562 m.
1600 512 1631 562 l.

180 598 483 661 adductum,
512 598 663 669 quod
693 599 978 670 postulant
1003 598 1170 651 verba
1181 597 1410 669 falleret
1439 603 1495 649 et
1524 603 1635 648 tra-

178 683 409 745 duceret,
570 686 709 755 quod
734 704 816 737 res
843 704 955 756 quce
997 702 1095 756 pro
1123 685 1262 755 quod
1294 684 1399 735 lzcec
1427 700 1622 753 quse,—

176 768 303 840 quia
340 768 467 821 mihi
505 789 654 827 ιιηῑιε,
696 789 795 842 pro
834 771 876 823 si
915 771 1040 822 mihi
1077 788 1229 832 unus,
1389 769 1631 821 instituto

175 871 282 905 meo
309 855 454 906 video
480 874 557 907 me
599 874 697 927 pro
724 856 966 909 instituto
994 874 1099 908 meo
1126 856 1320 908 videor.
1487 851 1548 906 C.
1577 859 1629 907 3.

160 938 265 990 Jcoc
295 942 563 1010 unumjus
592 950 667 994 tot
696 942 1022 995 incommodis
1048 941 1331 994 remedium
1358 958 1461 992 esse
1490 940 1629 992 arbi-

177 1032 371 1089 trarer,
400 1046 500 1099 pro
526 1029 618 1081 hoc
658 1048 815 1081 imum
856 1029 934 1080 his
953 1036 1001 1079 t.
1032 1029 1066 1079 z'.
1097 1028 1197 1079 ἃς.
1275 1025 1468 1096 Atque
1494 1025 1629 1079 tales

175 1113 507 1166 mutationes
534 1114 600 1166 ·i11
641 1114 782 1166 hanc
824 1131 995 1165 unani
1041 1112 1345 1165 orationem
1391 1119 1630 1182 quatuor

174 1206 230 1251 et
256 1199 540 1270 sexaginta
566 1199 697 1251 locis
727 1198 972 1251 invectas
1001 1197 1192 1269 reperi.

248 1282 355 1335 Vix
384 1302 565 1355 operae
604 1287 842 1356 pretium
870 1294 952 1337 est
980 1300 1409 1337 commemorare
1437 1281 1628 1335 editio·

173 1386 285 1431 nes,
327 1387 466 1439 quas
506 1369 768 1423 invitatus
811 1389 845 1422 a
886 1369 1114 1422 librariis
1159 1367 1626 1440 Lugdunensibus

170 1455 384 1508 curavit
419 1454 505 1508 J0.
540 1454 832 1519 Bulierius,
876 1456 1117 1527 primum
1163 1454 1321 1509 1562,
1366 1459 1448 1507 12.
1482 1454 1625 1506 *item

176 1539 329 1595 1568.
359 1541 734 1596 minutissimis
760 1542 945 1606 literis,
973 1542 1095 1595 voll.
1126 1547 1174 1596 8.
1244 1540 1516 1594 Professio
1543 1548 1626 1592 est

168 1626 374 1681 usitata
423 1627 534 1692 illa,
586 1647 734 1682 nunc
787 1628 1046 1700 primum,
1089 1626 1310 1700 optimis
1359 1625 1626 1697 exemplis

159 1712 399 1776 ‚collatiS,
440 1713 799 1767 emendatum
844 1711 1166 1778 Ciceronem
1207 1731 1339 1766 esse.
1417 1711 1626 1765 Textus

162 1799 380 1851 vnullum
409 1808 622 1853 certum
662 1799 1000 1872 exemplum,
1041 1798 1340 1871 saepissime
1379 1816 1490 1850 non
1531 1798 1627 1850 bo-

165 1902 265 1938 nas
305 1884 586 1949 lectioneS,
622 1885 865 1939 maxime
892 1884 1132 1947 Aldinae,
1172 1884 1438 1955 sequitur,
1467 1884 1623 1956 cujus

164 1970 332 2023 etiam
370 1963 725 2043 praefationes
767 1970 953 2024 habet.
1031 1969 1213 2024 Variae
1260 1970 1522 2024 lectiones
1565 1971 1623 2023 in

163 2057 519 2128 marginibUS,
548 2058 641 2111 sed
666 2056 826 2109 valde
853 2074 972 2109 raro
1001 2063 1160 2110 sunt:
1201 2055 1408 2109 scholia
1434 2063 1622 2108 autem

162 2141 220 2195 in
260 2141 483 2206 iisdem,
511 2143 595 2196 vel
640 2143 887 2211 analysin
926 2142 1136 2195 habent
1172 2141 1482 2195 orationum
1524 2150 1621 2194 aut

161 2228 517 2300 epistolarum
548 2229 618 2282 ad
644 2228 921 2292 Diversos,
951 2236 1049 2281 aut
1075 2228 1359 2300 explicant
1387 2227 1621 2281 breviter

161 2315 331 2367 verba
369 2313 678 2368 Ciceronis:
721 2333 848 2386 quae
887 2314 998 2368 fere
1041 2314 1110 2367 de
1146 2313 1359 2367 Erasmz'
1401 2321 1458 2367 et.
1500 2312 1624 2365 Me-

161 2400 425 2454 lantkom‘s
464 2401 606 2454 notis
647 2409 830 2454 sumta
870 2408 1014 2463 sunt,
1042 2399 1308 2472 imprimis
1346 2399 1418 2452 ad
1455 2399 1618 2453 libros

160 2486 230 2539 d'e
258 2486 462 2554 officiis.
543 2485 825 2540 Rhetorici
852 2485 973 2538 libri
1002 2494 1189 2538 carent
1223 2485 1425 2539 talibus
1466 2485 1620 2539 scho-

157 2570 258 2635 liis,
300 2572 549 2644 itemque
589 2571 972 2644 philosophici,
1017 2581 1216 2644 praeter
1256 2590 1367 2634 eOS,
1406 2571 1505 2642 qui
1548 2571 1624 2624 de

160 2650 349 2711 officiis
377 2669 537 2719 sunt3
577 2658 848 2711 rarissima
875 2657 1117 2728 denique
1159 2658 1230 2710 ad
1258 2657 1516 2729 epistolas
1545 2656 1616 2709 ad

161 2741 282 2796 Att.
312 2752 368 2797 et
397 2744 470 2806 Q.
501 2743 587 2797 Fr.
639 2743 786 2815 Ergo
814 2743 934 2795 haec
963 2743 1132 2797 editio
1163 2743 1362 2796 nullius
1390 2743 1614 2797 omnino

162 2844 291 2898 usus
320 2837 418 2883 est.
478 2871 483 2873 ν

845 2930 877 2967 c
907 2919 941 2966 3
