1945 3235
289 137 366 172 524
859 136 895 173 Ο
906 133 943 174 R
954 135 986 174 A
999 132 1034 175 T
1047 137 1083 175 O
1098 135 1146 174 R.

226 251 277 286 64
289 239 525 304 quentiam,
548 240 602 281 de
620 254 704 296 qua
726 255 840 283 nunc
871 242 1029 299 agitur,
1050 255 1284 283 secernere.
1345 239 1494 282 Mollis
1527 249 1592 283 est
1613 243 1730 286 enim

289 297 429 338 oratio
452 297 824 354 philosophorum,
842 310 883 340 et
904 300 1254 364 01001311115,1160
1274 299 1514 363 sententiis,
1537 314 1616 342 nec
1639 314 1732 342 ver-

287 355 355 396 bis
377 355 588 397 instructa
610 356 743 413 popul
748 357 906 409 z-nibus,
927 361 1057 399 4ὸ1160
1080 358 1226 398 vincta
1256 357 1460 406 numeris,
1490 358 1563 399 sed
1595 358 1735 400 soluta

287 412 785 455 libeiius.nihili1atum
809 415 955 465 habet,
976 415 1085 456 nihil
1108 414 1318 465 invidum,
1334 414 1443 455 nihil
1462 426 1603 466 atlox‚
1624 415 1735 457 nihil

286 470 500 524 mirabile,
522 471 631 513 nihil
654 481 867 514 astutum:
901 482 1033 524 casta,
1058 472 1312 523 verecunda,
1336 472 1460 528 virgo
1482 473 1733 537 incorrupta

287 528 624 584 quodammodo.
686 529 841 594 Itaque
863 545 1002 571 sermo
1039 531 1198 587 potius,
1220 544 1349 586 quam
1383 530 1537 582 oratio,
1560 531 1733 572 dicitur.

290 586 568 642 Quamquam
586 587 702 627 enim
720 587 860 628 omnis
881 587 1044 629 locutio
1067 589 1206 629 oratio
1227 597 1306 639 est,
1324 597 1466 628 tamen
1493 588 1619 629 unius
1639 603 1735 630 ora-

226 649 276 683 65
292 645 395 685 toris
418 644 580 686 locutio
602 644 737 686 46hoc
762 645 936 701 proprie
968 645 1138 701 signata
1159 646 1334 687 nomine
1364 656 1443 686 est.
1505 645 1733 702 Sophista-

288 717 399 752 rum,
422 703 475 743 de
500 703 658 758 quibus
692 717 821 759 supra
853 702 961 754 (lixi,
985 718 1039 743 111
1032 704 1125 759 igis
1155 703 1463 759 distinguenda
1495 702 1734 747 similitudo

287 760 473 811 videtur,
492 775 567 824 qm.
590 774 739 802 omnes
761 760 935 802 eosdem
960 760 1112 801 volunt
1135 760 1277 812 flores,
1299 776 1408 816 quos
1437 761 1618 803 adhibet
1638 776 1735 804 ora·

287 825 356 858 tor
378 818 423 858 in
453 832 609 870 6311515,
640 820 856 874 persequi.
918 818 1003 859 Sed
1034 817 1119 860 hoc
1148 817 1370 870 differunt,
1391 819 1522 874 quod,
1544 834 1644 861 cum
1677 820 1733 862 sit

284 875 353 916 his
385 876 660 932 propositum
683 890 771 917 non
794 877 1046 932 perturbare
1068 876 1251 927 animos,
1274 876 1347 917 sed
1371 877 1540 932 placare
1560 877 1732 934 potius:

283 947 366 974 nec
391 943 478 974 tam
500 933 770 990 persuadere,
788 949 917 990 quam
938 933 1173 976 delectare
1205 943 1249 974 et
1271 934 1461 990 apertius
1482 934 1527 975 id
1549 935 1731 987 faciunt,

285 1005 417 1046 quam
447 1006 542 1042 1105,
563 1001 607 1033 et
627 992 845 1034 crebrius:
878 992 1114 1034 concinnas
1144 991 1285 1048 magis
1316 992 1550 1033 sententias
1580 994 1736 1050 exqui-

285 1058 402 1100 runt,
425 1064 556 1104 quam
586 1049 858 1115 probabiles:
891 1065 917 1091 a
949 1064 994 1091 re
1025 1064 1142 1106 saepe
1170 1049 1413 1101 discedunt,
1436 1050 1641 1092 intexunt
1670 1051 1734 1092 fa-

284 1106 425 1158 bulas,
453 1108 585 1149 v·e1ba
615 1108 806 1164 apertius
836 1107 1117 1159 transf,erunt
1147 1122 1283 1164 eaque
1318 1107 1380 1149 ita
1409 1107 1661 1164 disponunt,
1685 1117 1736 1150 ut

287 1164 476 1220 pictores
510 1165 765 1207 varietatem
797 1166 1017 1208 colorum:
1056 1165 1179 1222 paria
1210 1166 1386 1222 paribus
1420 1167 1628 1217 referunt,
1660 1167 1737 1208 ad-

288 1237 412 1264 versa
441 1224 683 1288 contrariis,
706 1224 1029 1280 saepissimeque
1063 1223 1259 1265 similiter
1290 1233 1486 1265 extrema
1506 1224 1734 1267 definiunt.

205 1280 278 1329 520
294 1280 412 1322 Huic
435 1282 582 1338 generi
605 1282 787 1323 historia
808 1282 995 1324 finitima
1016 1292 1096 1333 est,
1111 1283 1156 1323 in
1180 1297 1267 1338 qua
1284 1291 1327 1322 et
1350 1290 1547 1323 narratur
1568 1291 1743 1335 ornate,

225 1351 278 1387 66
291 1348 335 1379 et
356 1340 476 1396 regio
499 1354 616 1396 saepe
646 1348 720 1380 aut
744 1354 893 1396 puffna
922 1340 1201 1382 describitur
1235 1340 1571 1397 inteiponuntur
1600 1341 1732 1382 etiam

290 1399 523 1438 conciones
536 1407 579 1438 et
597 1397 885 1441 hortationes:
918 1398 1054 1439 sedin
1072 1398 1137 1439 his
1159 1407 1297 1439 tracta
1313 1399 1512 1453 quaedam
1532 1407 1575 1439 et
1596 1399 1735 1440 fluens

154 1466 187 1498 P·
202 1456 277 1487 203
291 1456 527 1512 expetitur,
558 1471 645 1496 non
677 1455 774 1496 haec
805 1467 1006 1498 contorta
1036 1464 1080 1496 et
1101 1456 1209 1497 acris
1232 1457 1383 1497 oratio.
1447 1455 1518 1496 Ab
1556 1456 1625 1498 his
1647 1471 1734 1498 non

245 1509 429 1555 a‘multo
452 1528 587 1565 secus,
617 1527 748 1568 quam
771 1528 797 1554 a
828 1514 985 1570 poetis,
1016 1512 1113 1555 haec
1135 1513 1395 1568 eloquentia,
1417 1529 1546 1570 quam
1577 1514 1737 1569 quaeri-

289 1584 443 1622 mus,
426 1571 668 1612 esvocanda
697 1579 776 1612 est.
807 1587 831 1612 11
837 1586 908 1612 3111
929 1572 1060 1612 etiam
1092 1571 1236 1627 po'etae
1262 1572 1549 1627 quaestionem
1581 1571 1737 1613 att-ule-

290 1637 405 1680 runt,
428 1629 635 1684 quidnam
657 1638 769 1669 esset
791 1629 910 1681 illud,
933 1644 1019 1685 quo
1044 1629 1125 1685 ipsr
1145 1627 1368 1671 differrent
1399 1630 1453 1670 ab
1476 1629 1736 1671 oratoribus.

288 1701 469 1728 numero
506 1687 698 1728 maxime
731 1687 990 1729 videbantur
1027 1696 1168 1739 antea,
1200 1697 1244 1728 et
1275 1702 1421 1729 versu:
1466 1701 1583 1728 nunc
1622 1688 1738 1744 apud

224 1759 276 1798 67
289 1754 479 1786 oratores
496 1745 592 1800 jam
615 1745 706 1801 ipse
728 1759 930 1786 numerus
955 1746 1208 1786 increbruit.
1271 1745 1496 1800 Quidquid
1519 1753 1584 1786 est
1605 1745 1737 1797 enim,

286 1803 404 1858 quod
426 1804 505 1844 sub
527 1803 696 1845 aurium
720 1817 961 1844 mensuram
996 1803 1185 1859 aliquam
1218 1803 1349 1854 cadit,
1379 1802 1547 1844 etiamsi
1571 1804 1693 1844 abest
1713 1818 1740 1844 3.

286 1875 427 1912 versu,
451 1865 570 1914 (113111
593 1861 636 1902 id
658 1860 834 1916 quidem
857 1861 1066 1902 orationis
1084 1870 1149 1901 est
1170 1861 1358 1912 vitium)
1382 1875 1584 1902 numerus
1606 1876 1738 1902 voca-

288 1927 372 1971 tur,
394 1920 517 1975 qui0
493 1933 634 1960 ‹rraece
653 1926 775 1977 ῥυθμος
797 1920 970 1961 dicitur.
1032 1918 1186 1975 Itaque
1205 1919 1330 1960 video
1355 1919 1491 1960 visum
1513 1932 1605 1960 6556
1626 1933 1737 1960 11011-

286 1976 431 2027 nullis,
457 1977 651 2018 Platonis
675 1988 719 2019 et
738 1978 981 2019 Democriti
1007 1977 1289 2028 locutionem,
1311 1977 1392 2018 etsi
1414 1977 1530 2019 absit
1551 1992 1576 2018 a
1597 1991 1738 2029 versu,

290 2043 450 2086 tamen,
471 2036 589 2091 quod
612 2036 833 2077 incitatius
867 2035 1043 2100 feratur,
1065 2043 1110 2075 et
1138 2035 1385 2076 clarissimis
1418 2036 1649 2076 verborum
1671 2034 1738 2076 lu-

287 2092 480 2134 minibus
500 2103 660 2145 utatul,
683 2094 828 2150 potius
852 2093 1010 2158 poema
1031 2093 1287 2149 putandum,
1306 2107 1435 2147 quam
1467 2093 1736 2134 comicorum

288 2150 544 2206 poetarum:
578 2126 693 2207 aptid
727 2167 850 2208 quos,
887 2166 969 2192 n1s1
1004 2151 1121 2215 quod
1156 2151 1354 2191 versiculi
1381 2160 1496 2202 sunt,
1528 2149 1637 2191 nihil
1671 2159 1739 2192 est

288 2208 405 2249 aliud
428 2209 669 2264 quotidiani
693 2209 901 2250 dissimile
924 2209 1147 2250 sermonis.
1172 2223 1251 2249 nec
1274 2217 1419 2250 tamen
1442 2209 1485 2250 id
1503 2217 1568 2249 est
1590 2207 1736 2264 po'etae

288 2266 550 2308 maximum:
593 2267 675 2308 etsi
703 2276 769 2308 est
801 2282 853 2308 eo
886 2266 1157 2317 laudabilior,
1190 2266 1307 2322 quod
1340 2267 1522 2308 virtutes
1552 2266 1736 2308 oratoris

222 2332 274 2367 63
286 2324 572 2381 persequitur,
595 2339 695 2366 cum
716 2339 841 2367 versu
863 2325 919 2366 sit
939 2324 1200 2366 adstrictior.
1262 2323 1359 2381 Ego
1390 2332 1534 2366 autem
1565 2322 1735 2365 etiamsi

326 2486 367 2514 45
390 2493 448 2514 nec
461 2484 571 2514 zIncta
584 2483 745 2523 numeris]
764 2483 816 2514 Sic
831 2483 914 2514 edidi
928 2494 988 2525 pro

284 2524 571 2566 vulgatojuncta:
595 2527 671 2566 quia
690 2532 740 2557 est
759 2528 929 2566 proprium
954 2528 987 2557 in

284 2578 324 2599 ea
339 2578 372 2598 re
387 2572 421 2598 et
436 2574 632 2609 perpetuum
656 2569 823 2600 Ciceronis
838 2570 988 2617 verbum,

285 2610 371 2651 quod
389 2616 425 2641 et
447 2617 600 2642 accurate
615 2612 714 2642 xer-bo
728 2614 835 2643 solata
852 2612 989 2652 opponi-

285 2659 354 2684 tur.
387 2653 493 2684 Verba
509 2654 639 2693 quidem
656 2653 937 2696 dicunturjungi,
951 2661 990 2685 ut

286 2706 364 2726 mox
376 2706 448 2736 cap.
465 2705 530 2736 seq.
555 2697 617 2726 Sed
631 2707 698 2727 non
706 2698 866 2733 numeris,
877 2707 990 2728 verum

287 2739 480 2769 collocando
497 2740 556 2775 ita,
572 2744 611 2768 ut
627 2749 667 2769 ne
682 2739 803 2770 ultima
828 2745 862 2770 et
887 2741 993 2780 prima

287 2791 400 2821 aspere
418 2787 632 2818 concurrant,
655 2788 713 2812 aut
733 2783 793 2812 fiat
809 2783 918 2813 hiatus
934 2784 992 2813 &c-

288 2825 434 2855 numeris
455 2828 567 2856 autem
595 2824 740 2854 vincitur
761 2826 881 2862 orario,
906 2826 993 2856 sicut

288 2867 376 2906 apud
399 2871 513 2908 poetas
537 2867 691 2904 maxime,
707 2867 752 2897 sic
772 2873 806 2897 et
820 2877 879 2897 suo
894 2868 993 2898 modo

288 2910 376 2949 apud
387 2916 544 2942 oratores.
568 2910 645 2941 Post
658 2915 691 2941 et
704 2919 733 2942 e.
748 2913 799 2942 23.
817 2911 902 2942 clare
915 2916 994 2942 sunt

1032 2495 1052 2514 2
1055 2485 1142 2514 ina-la
1157 2494 1383 2515 numerorum.
1430 2484 1468 2514 In
1484 2483 1546 2514 hac
1561 2486 1658 2514 tanta
1671 2483 1738 2513 evi-

1032 2526 1145 2557 dentia
1157 2537 1287 2558 necesse
1301 2528 1365 2558 fuit
1381 2527 1523 2567 recipere
1538 2527 1662 2563 vincta,
1675 2525 1738 2556 etsi

1033 2569 1132 2599 nullis
1148 2569 1238 2600 libris
1254 2570 1451 2600 auctoribus,
1481 2568 1600 2600 Vincta
1615 2573 1649 2599 et
1653 2567 1739 2609 jun-

1033 2617 1087 2642 cea
1106 2621 1205 2653 saepe,
1218 2616 1258 2643 ut
1269 2613 1318 2642 vis
1331 2611 1432 2653 etjus
1453 2616 1688 2652 permutantur
1701 2611 1738 2642 in

1033 2655 1104 2685 edd.
1121 2665 1169 2695 pr.
1207 2655 1374 2695 Siccsupra
1385 2665 1413 2685 c.
1438 2656 1488 2685 13.
1513 2654 1547 2685 in
1562 2658 1636 2685 arte
1656 2663 1723 2694 qua

1034 2698 1113 2728 dam
1139 2698 1280 2736 vinxisse
1308 2698 1418 2735 verba,
1447 2697 1498 2727 ed.
1524 2696 1613 2728 Med.
1638 2695 1739 2727 habet

1025 2739 1191 2782 jum-isse.

1077 2784 1119 2814 46
1142 2784 1198 2813 hoc
1212 2784 1347 2823 proprio
1366 2783 1502 2822 signata
1523 2785 1569 2812 est
1593 2780 1735 2822 nomine]

1034 2825 1172 2866 Scripsit
1199 2825 1269 2855 sine
1305 2824 1402 2855 dubio
1439 2825 1554 2856 Cicero
1583 2823 1739 2865 proprie.-

1035 2868 1122 2907 quod
1136 2872 1171 2898 et
1186 2867 1264 2899 alibi
1289 2868 1324 2898 in
1347 2868 1545 2906 adjectivum
1569 2871 1740 2898 mutatum

1038 2910 1238 2951 notavimus,
1253 2912 1338 2942 sieut
1351 2910 1416 2943 alia
1428 2909 1592 2942 adverbia.
