1945 3235
256 222 290 254 1·-
305 215 357 243 95³.

325 265 354 286 a.

369 101 422 137 80
849 100 930 140 AD
961 100 1344 141 HERENNIUM

529 204 560 240 Ο
584 204 676 248 Tite,
698 210 787 249 tute,
813 206 911 250 Tati,
931 207 998 244 tibi
1017 212 1123 244 tanta
1142 212 1294 256 tyranne
1310 207 1441 250 tulisti,

367 280 412 313 et
434 270 505 313 hic
527 272 719 329 ejusdem
744 274 913 330 po'etae:
1338 265 1342 284 ²

525 346 731 396 Quidquam
752 350 940 397 quisquam
960 350 1127 398 cuiquam
1149 350 1245 399 quod
1263 351 1464 391 conveniat,
1483 355 1600 398 neget.

367 421 427 463 et,
451 412 484 454 si
504 413 697 470 ejusdem
718 416 836 457 verbi
861 415 1156 458 assiduitatem
1189 416 1367 457 nimiam
1402 415 1640 472 fugiemus:
1668 433 1720 461 ea
1747 429 1814 465 est

369 469 642 525 hujusmodi:
669 487 767 513 nam
797 472 921 527 cujus
944 473 1122 514 rationis
1158 473 1266 514 ratio
1297 487 1382 514 non
1411 482 1569 526 exstet,
1591 475 1629 516 ei
1653 477 1811 520 rationi

367 527 478 569 ratio
503 543 586 570 non
617 538 681 570 est
715 529 842 570 tidem
878 529 1059 572 habere:
1084 541 1141 581 et,
1165 530 1197 571 si
1230 545 1316 571 non
1348 539 1518 574 utemur
1539 533 1813 577 continenter

368 583 565 626 similiter
583 586 838 627 cadentibus
862 587 1018 638 verbis,
1038 587 1121 629 hoc
1144 588 1296 629 modo:

522 660 675 703 flentes,
692 660 893 709 plorantes,
916 660 1160 704 lacrimantes,
1181 662 1418 699 obtestantes.-

364 735 423 778 et‚
447 726 480 767 si
496 727 724 769 verborum
750 727 1100 783 transiectionem
1122 729 1370 781 vitabimus,
1393 731 1474 772 nisi
1494 745 1592 786 quae
1605 731 1688 773 erit
1707 747 1812 774 con-

364 784 508 834 cinna,
537 799 624 840 qua
651 785 704 826 de
733 799 776 826 re
808 785 1020 841 posterius
1051 785 1300 841 loquemur3
1323 801 1409 843 quo
1432 788 1476 828 in
1503 788 1610 830 vitio
1633 799 1698 830 est
1722 789 1807 831 Lu-

364 841 490 882 cilius
511 841 721 893 assiduus,
741 853 789 883 ut
809 843 891 884 hoc
913 852 979 883 est
1001 843 1043 883 in
1067 844 1208 895 priore
1230 843 1362 886 libro:

521 915 602 951 Has
620 928 674 952 res
694 917 742 951 ad
762 920 795 952 le
812 917 980 964 scriptas,
1003 915 1107 958 Luci,
1129 918 1301 959 misimus,
1321 918 1417 955 AEli.

367 980 476 1023 Item
503 982 651 1039 sugere
674 992 847 1039 oportet
865 982 1041 1039 longam
1057 984 1283 1024 verborum
1301 986 1688 1038 continuationem,
1710 1001 1808 1043 quae

363 1048 407 1080 <t
441 1040 650 1081 auditoris
688 1055 826 1089 aures,
856 1050 900 1081 et
927 1041 1108 1081 oratoris
1143 1041 1341 1096 spiritum
1378 1042 1511 1084 laedit.
1574 1043 1656 1086 His
1692 1045 1810 1086 vitiis

365 1097 408 1137 in
436 1097 754 1162 compositione
778 1098 938 1149 vitatis,
970 1097 1182 1153 reliquum
1213 1099 1354 1154 operis
1382 1101 1721 1143 consumendum
1745 1111 1809 1143 est

365 1153 407 1195 in
431 1154 661 1212 dignitate.

285 1207 351 1254 13
424 1210 627 1270 Dignitas
666 1222 746 1263 est,
775 1228 874 1270 quae
909 1211 1049 1254 reddit
1078 1221 1273 1254 ornatam
1309 1214 1563 1267 orationem,
1603 1215 1812 1258 varietate

364 1269 652 1327 distinguens,
714 1268 827 1312 Haec
858 1271 900 1311 in
944 1271 1169 1311 verborum
1210 1279 1253 1310 et
1286 1273 1594 1316 sententiarum
1625 1287 1810 1314 exorna-

364 1327 528 1369 tionem
550 1328 772 1369 dividitur.
834 1327 1074 1368 Verborum
1095 1328 1322 1368 exornatio
1346 1340 1425 1379 cst,
1448 1344 1545 1385 quae
1570 1330 1704 1387 ipsius
1722 1345 1810 1371 ser-

361 1386 505 1426 monis
529 1385 737 1442 insignita
758 1385 1005 1427 continetur
1028 1385 1331 1441 perpolitione.
1392 1387 1712 1429 Sententiarum
1731 1401 1808 1429 ex-

362 1443 532 1484 ornatio
555 1453 634 1494 est,
656 1458 753 1499 quae
776 1457 863 1483 non
886 1442 931 1483 in
953 1441 1109 1493 verbis,
1132 1443 1204 1483 sed
1229 1442 1272 1482 in
1304 1443 1407 1499 ipsis
1436 1445 1562 1485 rebus
1588 1444 1806 1500 quandam

362 1499 549 1541 e3113,th
569 1501 844 1557 dignitatern.
1804 1508 1807 1510 ’

307 1571 356 1607 19
426 1557 650 1615 Repetitio
671 1567 751 1608 est,
769 1571 868 1599 cum
887 1556 1158 1598 continenter
1172 1558 1226 1598 ab
1242 1573 1328 1598 uno
1347 1567 1476 1613 atque
1498 1557 1650 1600 eodem
1674 1559 1807 1602 verbo

367 1614 411 1656 in
434 1617 559 1657 rebus
582 1615 793 1657 similibus
820 1623 864 1655 et
895 1613 1074 1655 diversis
1097 1615 1312 1672 principia
1344 1624 1586 1668 sumuntur,
1607 1615 1692 1658 hoc
1714 1631 1809 1658 mo-

364 1672 444 1714 do:
478 1673 615 1715 Vobis
646 1673 761 1714 istud
793 1672 1117 1713 attribuendum
1157 1682 1236 1723 est,
1268 1672 1392 1714 vobis
1423 1672 1564 1729 gratia
1593 1672 1808 1726 habenda,

363 1730 488 1772 vobis
511 1745 577 1772 res
599 1731 681 1773 ista
699 1730 782 1772 erit
803 1728 974 1771 honori.
1036 1728 1164 1781 Item,
1187 1729 1335 1786 Scipio
1357 1729 1642 1772 Numantiam
1665 1732 1807 1785 sustu-J

361 1786 427 1840 lit,
451 1789 599 1845 Scipio
624 1787 941 1844 Karthaginem
963 1786 1137 1838 delevit,
1160 1786 1309 1843 Scipio
1332 1801 1483 1843 pacem
1504 1787 1690 1852 peperit,
1712 1789 1807 1830 Sci-·

361 1845 436 1902 pio
459 1846 681 1888 civitatem
704 1844 904 1886 servavit.
957 1843 1084 1895 Item,
1099 1853 1145 1885 tu
1165 1844 1208 1885 in
1229 1845 1371 1885 forum
1390 1844 1577 1901 prodire,
1601 1854 1646 1886 tu
1664 1845 1805 1888 lucem

361 1904 627 1960 conspicere,
652 1913 698 1944 tu
728 1903 771 1944 in
794 1901 950 1943 horum
979 1910 1262 1958 conspectum
1285 1902 1430 1943 venire
1452 1902 1652 1944 conaris?
1677 1904 1808 1945 audes

361 1961 541 2003 verbum
565 1961 730 2002 facere?
753 1960 883 2001 audes
905 1959 1142 2015 quidquam
1164 1959 1218 1999 ab
1241 1959 1334 2000 istis
1358 1962 1527 2015 petere?
1548 1959 1679 2001 audes
1701 1975 1805 2017 sup-

361 2018 540 2075 plicium
563 2018 814 2075 deprecari?
845 2016 965 2063 Quid
995 2025 1074 2068 est,
1105 2016 1221 2072 quod
1249 2017 1386 2072 possis
1421 2016 1678 2058 defendere?
1699 2019 1803 2074 quid

360 2085 440 2127 est,
459 2076 576 2132 quod
594 2076 752 2117 audeas
775 2073 1017 2131 postulare?
1039 2073 1144 2129 quid
1161 2081 1241 2125 est,
1259 2073 1376 2128 quod
1390 2074 1470 2115 tibi
1486 2082 1610 2130 putes
1623 2075 1807 2118 concedi

360 2135 588 2189 oportere?
622 2133 723 2175 Non
744 2131 1052 2187 jusjurandum
1083 2130 1319 2186 reliquisti?
1349 2145 1436 2171 non
1466 2131 1629 2173 amicos
1658 2133 1805 2187 prodi-

359 2190 490 2233 disti?
513 2205 600 2233 non
623 2189 790 2246 parenti
812 2202 964 2230 manus
984 2187 1196 2229 intulisti?
1214 2202 1302 2229 non
1324 2188 1509 2244 denique
1531 2188 1576 2229 in
1598 2189 1805 2232 omnide-

358 2249 514 2291 decore
543 2247 762 2289 volutatus
793 2247 867 2288 es?
900 2245 1013 2287 Haec
1044 2245 1288 2296 exornatio,
1323 2260 1422 2286 cum
1454 2245 1641 2288 multum
1672 2261 1804 2289 venu-

358 2306 482 2347 statis
506 2306 653 2357 habet,
677 2315 769 2346 tum
792 2303 1019 2361 gravitatis
1040 2311 1084 2343 et
1101 2302 1350 2343 acrimoniae
1365 2302 1613 2358 plurimum.
1657 2303 1803 2351 Quare

357 2364 528 2406 videtur
549 2377 642 2405 esse
663 2360 911 2404 adhibenda
930 2369 976 2401 et
997 2360 1048 2402 ad
1064 2359 1301 2401 ornandam
1323 2363 1363 2392 84
1375 2368 1420 2401 et
1437 2360 1491 2402 ad
1503 2359 1809 2416 exaugendam

355 2422 612 2463 orationem.

414 2478 654 2520 Conversio
678 2486 758 2527 est,
779 2490 855 2532 per
876 2490 1007 2531 quam
1027 2489 1131 2526 non,
1155 2480 1203 2516 ut
1225 2483 1338 2526 ante,
1360 2474 1548 2530 primum
1571 2475 1807 2530 repetimus

356 2536 552 2587 verbum,
587 2535 660 2577 sed
703 2534 757 2576 ad
795 2543 1062 2589 postremum
1105 2531 1379 2574 continenter
1413 2532 1681 2585 revertimur,
1718 2533 1803 2576 hoc

394 2674 436 2704 83
471 2671 582 2703 Habet
610 2669 833 2710 dignitatem]
881 2669 960 2700 Post
987 2668 1059 2700 haec
1102 2668 1234 2699 neribus
1248 2669 1472 2700 exornationis
1486 2670 1521 2701 in
1534 2668 1651 2705 verbis.
1687 2701 1690 2704 ,

351 2716 452 2746 verba
477 2714 632 2745 lacunam
658 2722 727 2744 esse
761 2713 914 2743 arbitror.
969 2710 1059 2742 Nam
1144 2712 1186 2742 84
1219 2710 1270 2741 Et
1298 2711 1345 2740 ud
1369 2711 1626 2751 exaugendam]
1682 2709 1804 2752 Recepi

350 2764 470 2789 auctor
485 2756 539 2787 hic
560 2765 688 2796 semper
703 2755 872 2796 proponit,
887 2754 927 2785 de
939 2753 1058 2794 quibus
1100 2762 1160 2793 pro
1175 2752 1316 2793 simplici
1337 2755 1527 2793 aagendam
1543 2764 1583 2784 ex
1604 2753 1686 2785 Mss.
1700 2753 1808 2794 pluri-K

349 2799 500 2831 dicturus
514 2799 640 2839 sit,per
653 2798 887 2839 partitionem:
901 2795 990 2836 quod
1004 2795 1059 2826 hic
1100 2795 1162 2825 bus
1184 2799 1220 2825 et
1237 2794 1310 2825 edd.
1328 2798 1419 2830 1475.
1443 2796 1580 2827 Mediol.
1598 2798 1690 2831 1498.
1704 2795 1802 2828 lunt.

352 2851 420 2874 non
436 2846 498 2873 est„
541 2841 657 2872 Sermo
673 2847 788 2872 antem
812 2839 930 2880 incipit
949 2838 988 2869 de
1003 2848 1060 2878 ge·
1101 2837 1248 2869 verbum
1261 2838 1364 2869 etiam
1376 2848 1405 2869 c,
1418 2841 1469 2871 ΩΑ.
1486 2839 1641 2870 occurrit.
