1945 3235
634 117 822 156 LIBER
847 116 1177 157 SECUNDUS.
1543 121 1616 163 17ss

174 225 372 266 utilitatis
395 225 525 267 modo
548 224 677 266 finem
700 223 743 264 in
766 221 982 263 suadendo
1005 230 1048 261 et
1078 221 1120 261 in
1143 221 1427 264 dissuadendo
1449 222 1611 278 exponi

173 292 371 339 oportere
401 282 595 324 arbitrati
627 289 740 321 sunt.
803 281 1001 327 Quorum
1032 279 1165 334 igitur
1194 292 1399 333 generum
1430 280 1534 320 fines
1567 290 1610 321 et
1626 289 1672 323 13

171 341 314 381 exitus
346 341 502 382 diversi
533 348 646 389 sunt,
669 352 818 379 eorum
849 344 1068 393 praecepta
1096 335 1245 376 eadem
1275 349 1365 376 esse
1396 351 1480 376 non
1512 352 1611 392 pos-

170 408 285 444 sunt.
351 401 387 430 ¹2
402 398 554 452 Neque
584 410 700 437 nunc
723 395 808 436 hoc
837 394 1036 444 dicimus,
1062 395 1098 424 ¹3
1112 407 1198 433 non
1222 393 1390 433 easdem
1424 393 1611 435 incidere

170 455 527 496 constitutiones:
571 462 866 495 verumtamen
899 451 1038 492 oratio
1077 450 1276 505 quaedam
1309 464 1363 490 ex
1400 449 1492 505 ipso
1527 450 1611 491 fine

172 512 256 554 *et
279 528 333 554 ex
356 526 511 569 genere
532 526 673 552 eausae
694 509 898 560 nascitur,
920 523 1018 564 quae
1042 507 1254 563 pertineat
1278 511 1315 539 1⁴
1329 507 1381 547 ad
1404 507 1504 548 vitae
1537 507 1613 547 ali-

169 571 293 626 cujus
316 569 740 618 demonstrationem,
763 576 837 607 aut
859 567 911 607 ad
935 565 1158 606 sententiae
1181 565 1432 606 dictionem.
1467 564 1613 610 Quare

169 642 284 669 nunc
307 628 351 668 in
373 626 640 683 exponendis
663 624 982 675 controversiis,
1004 624 1046 664 in
1064 622 1263 677 judiciali
1288 637 1443 679 genere
1466 637 1614 662 causa-

169 700 264 727 rum
286 694 329 726 et
359 693 674 741 praeceptorum
700 682 977 724 versabimur.
1040 680 1108 721 Ex
1138 696 1224 736 quo
1248 680 1447 736 pleraque
1478 679 1521 719 in
1544 694 1613 720 ce-

170 752 260 783 tera
292 755 462 797 quoque
493 755 718 782 causarum
749 754 920 797 genera,
951 738 1078 779 simili
1110 738 1331 795 implicata
1366 747 1614 779 controver—

170 800 246 851 sia,
268 799 385 840 nulla
405 814 505 840 cum
536 798 793 839 difficultate
823 795 1155 838 transferentur:
1189 804 1287 852 post
1316 805 1460 837 autem
1492 810 1614 851 sepa-

170 857 300 898 ratim
323 857 375 898 de
396 856 569 912 reliquis
591 856 797 897 dicemus,

225 915 354 956 Nunc
387 918 424 946 15
439 914 493 955 ab
515 913 794 969 conjecturali
817 911 1130 953 constitutione
1154 911 1502 967 proficiscemur3
1534 925 1608 952 cu·
1623 921 1672 959 1⁴:

158 970 234 1028 jus
256 971 504 1027 exemplum
524 972 580 1012 sit
601 972 684 1012 hoc
710 972 747 1001 ¹6
760 970 1033 1026 expositum:
1069 969 1120 1009 In
1140 969 1292 1010 itinere
1313 969 1489 1025 quidam
1511 983 1610 1024 pro-

165 1029 431 1070 ficiscentem
463 1029 517 1070 ad
549 1036 787 1070 mereatum
819 1027 1050 1083 quendam,
1084 1036 1128 1067 et
1163 1042 1308 1068 secum
1341 1027 1613 1082 aliquantum

165 1101 442 1128 nummorum
463 1086 687 1138 ferentem,
709 1096 774 1127 est
795 1094 1067 1127 consecutus.
1090 1099 1190 1125 cum
1222 1084 1320 1137 hoc,
1351 1095 1398 1126 ut
1428 1084 1516 1125 fere
1546 1084 1612 1140 fit,

166 1145 211 1185 in
240 1145 310 1185 via
340 1159 580 1186 sermonem
602 1144 811 1185 eontulit:
843 1158 898 1183 ex
929 1156 1016 1197 quo
1039 1140 1203 1182 factum
1224 1151 1304 1193 est,
1327 1151 1376 1183 ut
1407 1141 1510 1183 illud
1532 1141 1633 1185 iter

165 1200 418 1243 familiarius
442 1201 582 1243 facere
604 1200 776 1243 vellent.
799 1214 945 1256 quare,
967 1213 1067 1240 cum
1098 1199 1144 1240 in
1173 1199 1354 1240 eandem
1386 1200 1613 1241 tabernam

165 1259 461 1311 devertissent,
482 1259 606 1300 simul
626 1272 815 1310 coenare,
830 1267 874 1299 et
895 1258 938 1299 in
957 1256 1110 1298 eodem
1129 1257 1224 1298 loco
1240 1271 1440 1298 somnum
1458 1271 1613 1313 capere

167 1317 406 1359 voluerunt.
469 1316 646 1358 Coenati
688 1316 1000 1357 discubuerunt
1037 1314 1216 1355 ibidem.
1278 1314 1432 1371 Caupo
1466 1325 1612 1356 autem

165 1379 284 1428 (nam
307 1375 367 1415 ita
389 1375 547 1416 dicitur
577 1383 676 1430 post
707 1374 946 1424 inventum,
968 1386 1068 1413 cum
1102 1372 1146 1413 in
1177 1372 1260 1413 alio
1291 1372 1505 1413 maleficio
1538 1372 1613 1414 de·

166 1432 400 1488 prehensus
433 1434 563 1483 esset)
598 1436 744 1473 ¹7cum
778 1431 897 1472 illum
928 1429 1124 1483 alterum,
1153 1429 1354 1471 videlicet
1383 1430 1456 1486 qui
1487 1444 1614 1472 num·

165 1504 258 1530 mos
282 1490 473 1541 haberet,
497 1489 894 1531 animadvertisset:
926 1497 1074 1538 noctu,
1106 1497 1335 1544 postquam
1367 1488 1460 1530 illos
1495 1491 1531 1520 18
1545 1503 1613 1529 ar·

166 1547 292 1599 etius,
314 1558 363 1589 ut
386 1547 449 1599 fit,
473 1563 528 1589 ex
551 1547 802 1588 lassitudine
833 1545 1020 1587 dormire
1045 1546 1191 1596 sensit,
1215 1546 1410 1597 accessit,
1433 1555 1477 1586 et
1507 1545 1612 1586 alte·

166 1604 252 1646 rius
274 1620 437 1659 eorum,
459 1605 534 1662 qui
557 1605 648 1647 sine
680 1605 868 1646 nummis
890 1611 995 1655 erat,
1019 1602 1210 1660 gladium
1234 1613 1410 1661 propter
1440 1603 1613 1660 apposi-

212 1784 249 1814 12
273 1781 388 1822 Neque
402 1791 490 1813 nunc
504 1782 584 1822 hoa]
625 1781 668 1813 N
667 1791 729 1813 unc
744 1781 835 1813 abest
848 1791 869 1814 a

165 1824 230 1854 Gu.
254 1827 280 1854 1.
304 1829 392 1855 recte
406 1829 446 1855 ut
464 1825 617 1860 arbitror,
641 1824 811 1855 nonenim
833 1824 868 1854 in

166 1866 228 1897 hac
241 1867 349 1897 forma
362 1867 436 1897 addi
450 1867 547 1904 solet,
562 1867 618 1897 sed
632 1877 688 1897 nos
699 1871 757 1898 aut
771 1877 855 1897 vero.

213 1912 249 1940 13
274 1909 353 1939 Non
373 1910 501 1940 easdem
528 1910 670 1940 incidere
689 1911 870 1940 constitut-i-

166 1951 264 1991 ones]
292 1952 364 1982 Hoc
376 1952 551 1982 obscurum
565 1958 626 1982 est.
649 1951 753 1983 Nulla
765 1952 869 1982 varie-

910 1781 991 1812 Mss.
1018 1783 1135 1820 nostri,
1169 1781 1246 1823 (Cu,
1273 1791 1294 1813 a
1320 1791 1366 1812 m.
1396 1779 1458 1821 pr.)
1495 1784 1530 1812 et
1558 1781 1613 1812 alii

911 1829 1016 1855 recte:
1042 1825 1097 1864 qui
1115 1825 1160 1855 ml
1171 1823 1422 1866 conjecturalem
1437 1834 1462 1853 c.
1479 1824 1614 1864 scripse-

911 1876 945 1896 re
965 1873 1062 1906 atque
1078 1867 1218 1903 edidere,
1242 1872 1279 1896 ut
1293 1866 1364 1897 edd.
1390 1876 1438 1907 pr.
1461 1871 1540 1897 ante
1557 1865 1615 1897 Al-

912 1908 1003 1945 dum,
1014 1910 1150 1940 verbum
1158 1910 1319 1949 proficisci
1329 1919 1396 1939 non
1409 1908 1615 1947 intellexere,

911 1951 996 1990 quod
1017 1951 1048 1982 h.
1067 1952 1089 1982 l.
1108 1957 1170 1989 est,
1186 1952 1320 1982 initium
1336 1952 1453 1983 facere.
1473 1962 1504 1982 v.
1522 1951 1614 1983 Clav.

166 1999 218 2025 tas
243 1998 294 2025 est
317 1994 352 2024 in
374 1994 476 2025 libris.
519 1994 700 2026 Lambinus
727 1995 869 2025 correxit

164 2036 316 2067 liberius:
340 2047 405 2067 non
423 2037 550 2068 easdem
566 2038 601 2068 in
619 2037 870 2077 unumquodque

164 2089 270 2118 genus
303 2089 408 2110 causoe
442 2081 584 2111 incidere
618 2081 870 2117 constitutiones,

167 2122 255 2162 quod
275 2123 429 2153 convenit
448 2133 522 2153 cum
546 2123 654 2162 glossa
668 2122 732 2153 Ms-
748 2123 810 2152 Gu.
826 2133 870 2153 sc.

165 2165 202 2195 in
227 2165 365 2206 quolibet
382 2174 500 2204 genere
518 2175 636 2203 causoe,
659 2175 682 2196 s.
706 2175 814 2195 omnes
835 2166 871 2196 in

167 2209 256 2238 omni
277 2217 396 2246 genere
421 2208 569 2239 incidere.
592 2218 672 2239 nam
695 2208 731 2238 in
750 2217 872 2247 genere

167 2250 418 2281 demonstrativo
441 2255 547 2290 potest
581 2251 723 2281 incidere
767 2252 870 2281 omnis

166 2293 360 2324 constitutio.
388 2293 460 2332 Ego
474 2294 600 2333 conjeci
615 2304 678 2324 non
692 2294 726 2323 in
741 2293 869 2324 easdem

167 2335 310 2366 incidere
323 2336 575 2372 constitutiones,
595 2346 638 2366 sc.
653 2338 719 2367 tria
736 2336 794 2367 illa
814 2346 869 2375 ge-

168 2387 247 2409 nera
266 2388 458 2409 causarum:
481 2379 569 2418 quod
587 2378 760 2420 respondet
781 2379 870 2419 prin-

167 2420 270 2460 cipio:
285 2422 389 2452 omnis
402 2431 504 2451 causa
518 2432 640 2452 necesse
652 2428 698 2453 est
712 2422 747 2451 in
762 2423 870 2461 aliquo

163 2471 285 2500 genere
311 2464 546 2495 constitutionis
571 2470 728 2496 versetur.
774 2464 870 2494 Cete-

167 2514 241 2535 rum
255 2511 289 2537 et
301 2506 384 2537 illud
396 2516 524 2543 verum,
537 2507 666 2538 easdem
680 2507 870 2538 constituti-

167 2556 247 2579 ones
273 2549 415 2579 incidere
439 2549 474 2579 in
493 2559 607 2580 omues
633 2559 745 2581 causas
764 2549 826 2580 vid.
843 2555 880 2580 ομ

175 2592 219 2623 17.

211 2635 230 2653 ²*
253 2631 303 2664 Et
319 2643 358 2663 ex
369 2633 514 2674 genera]
531 2634 638 2666 addidi
653 2645 670 2665 e
686 2634 764 2666 Mss.

148 2689 152 2698 v
179 2696 182 2699 ψ
214 2677 254 2706 14
273 2676 328 2706 Ad
339 2677 413 2707 υἱέα
427 2678 501 2707 alic.
516 2678 548 2708 d.
564 2683 624 2709 aut
638 2678 718 2708 ads.
734 2677 782 2717 ck]
802 2677 871 2708 Pri-

169 2726 262 2748 mum
278 2718 423 2756 pertinet
444 2720 485 2750 ad
507 2730 610 2760 genus
636 2720 870 2751 demonstrati-

168 2768 260 2796 vum,
284 2759 424 2791 alterum
448 2762 487 2792 ad
513 2768 645 2795 cetera..
677 2762 773 2793 Dixit
796 2764 872 2794 vitae

168 2801 254 2832 dem.
270 2802 347 2841 quia
360 2808 394 2834 et
407 2804 441 2834 in
456 2804 633 2836 virtutibus
647 2810 680 2836 et
693 2806 780 2837 vitiis
793 2807 871 2836 x‘itae

170 2842 432 2878 demonstrandis
447 2853 604 2879 versatur.

205 2889 253 2918 -15
267 2888 316 2919 Ab
328 2887 541 2931 conjecturali
553 2890 802 2930 constitutione]
819 2891 871 2922 Sic

911 1993 991 2024 Mss.
1009 1995 1111 2025 nostri
1128 2004 1242 2025 omnes
1257 1995 1309 2024 ab.

956 2038 994 2067 16
1016 2035 1238 2077 Efpositmm]
1265 2037 1326 2067 Est
1346 2036 1564 2077 propositum.
1585 2047 1614 2066 v.

914 2089 942 2109 c.
963 2082 1009 2109 11.
1029 2081 1074 2110 12.
1089 2084 1123 2110 et
1137 2080 1226 2111 Clav.
1241 2079 1342 2110 Abest
1353 2086 1466 2110 tamen
1479 2080 1615 2110 verbum

913 2131 933 2152 a
947 2121 1072 2152 duobus
1089 2121 1313 2162 Oudendorpii
1329 2122 1436 2152 libris:
1455 2121 1541 2161 quod
1555 2122 1615 2163 ipsi

914 2163 1032 2204 placet.
1076 2165 1222 2196 Verbum
1239 2170 1290 2195 est
1308 2165 1499 2204 exquisitius
1515 2175 1615 2204 quain

914 2216 973 2246 pro
987 2212 1085 2247 captu
1100 2208 1301 2247 glossatoris„

959 2252 993 2284 17
1016 2250 1095 2282 Cum
1110 2253 1203 2282 illum
1218 2249 1617 2281 alterum—animadver-

912 2292 1026 2333 tisset]
1073 2293 1255 2325 Lambinus
1304 2292 1501 2331 corrigebat,
1541 2302 1617 2324 crem

911 2335 1008 2366 illum
1021 2346 1054 2366 α.
1072 2346 1186 2366 numos
1206 2336 1323 2366 habere
1342 2336 1446 2366 anim.
1494 2333 1616 2365 Videli-

914 2383 962 2408 cet
989 2384 1120 2418 poterat
1155 2378 1331 2410 admonere
1366 2379 1452 2408 viros
1488 2377 1615 2414 doctos,

912 2419 983 2450 haec
997 2421 1094 2451 verba
1108 2431 1175 2452 esse
1191 2432 1210 2451 a
1223 2421 1420 2460 glossatore:
1445 2429 1548 2458 eaque
1562 2418 1618 2450 de-

915 2462 1010 2494 lenda
1025 2469 1118 2503 puto.
1142 2473 1260 2504 nempe
1276 2463 1541 2493 animadvertere
1554 2463 1617 2493 ali-

913 2515 1007 2544 quem
1026 2506 1146 2537 dicitur
1169 2515 1235 2536 non
1256 2505 1354 2537 modo
1376 2504 1539 2541 absolute,
1561 2505 1618 2534 sed

913 2549 1015 2579 etiam
1030 2558 1106 2579 cuin
1129 2548 1290 2580 relatione
1311 2548 1352 2579 ad
1376 2547 1510 2587 aliquid,
1531 2548 1618 2591 quod

913 2595 963 2620 est
977 2591 1012 2621 in
1027 2591 1106 2631 ipso.

960 2635 996 2665 18
1018 2634 1152 2665 Aretias
1167 2631 1247 2673 jam
1282 2638 1321 2665 ut
1334 2631 1410 2675 fit.]
1450 2631 1618 2663 Particula

907 2674 986 2718 jam
1001 2676 1090 2707 abest
1103 2688 1123 2707 a
1137 2676 1201 2707 Ms.
1218 2676 1280 2706 Gu.
1301 2679 1326 2707 l.
1341 2685 1440 2716 supra
1453 2674 1618 2715 adscripta

913 2724 962 2749 est
977 2730 996 2749 a
1010 2729 1112 2749 manu
1133 2719 1320 2750 recentiori.
1372 2719 1451 2749 Non
1470 2716 1617 2748 dubitavi

914 2761 1038 2792 delere:
1061 2771 1138 2792 nam
1154 2761 1282 2792 nullam
1297 2761 1397 2792 habet
1410 2769 1450 2791 ea
1463 2760 1529 2790 vim
1545 2759 1578 2790 h.
1594 2759 1616 2789 1.

914 2810 948 2834 et
961 2803 1048 2843 quod
1062 2804 1120 2835 ilia
1134 2804 1318 2845 significare
1333 2808 1456 2845 potest,
1471 2802 1504 2834 id
1518 2801 1617 2835 estin

908 2852 1094 2886 postquam.
