1945 3235
299 123 382 161 ess
508 113 513 121 ’
767 118 847 159 AD
880 117 1249 159 TREBATIUM

303 228 572 282 aliorumque
606 224 809 283 plurium,
843 233 990 267 rentur
1023 239 1096 266 eos
1128 238 1235 275 esse,
1269 222 1416 279 quales
1448 222 1576 279 seipsi
1610 222 1760 265 velint·

303 285 401 332 ,Nec
425 284 564 325 solum
587 300 660 326 eos
682 294 863 326 censent
887 283 990 324 tales
1013 297 1119 333 esse,
1142 282 1217 338 qui
1249 281 1292 323 in
1324 281 1564 322 honoribus
1590 280 1756 337 populi,

302 356 435 397 reque
455 342 629 399 publica
651 352 888 393 versantur,
914 341 986 382 sed
1009 354 1053 382 et
1083 351 1289 391 oratores,
1312 348 1357 380 et
1392 338 1692 395 philosophos,
1712 348 1759 380 et

304 400 474 456 po‘emS,
499 411 543 442 et
575 401 830 442 historicos:
863 414 918 440 cx
952 413 1137 454 quorum
1159 407 1204 439 et
1225 397 1353 439 dictis
1374 408 1418 439 ct
1440 396 1613 453 scriptis
1644 409 1760 452 saepe

304 459 541 502 auctoritas
569 459 730 516 petitur
752 458 804 499 ad
828 456 1070 498 faciendam
1095 456 1240 497 fidem.

221 516 288 568 fil
366 515 591 573 Expositis
614 516 818 558 omnibus
836 514 1166 570 argumentandi
1190 513 1310 563 locis,
1334 512 1440 554 illud
1471 512 1658 569 primum
1691 510 1760 552 in·

240 593 291 630 79
308 574 587 631 telligendum
622 583 702 624 est,
733 588 814 614 nec
845 571 976 613 ullam
1018 587 1110 613 esse
1153 570 1509 628 disputationem,
1547 569 1591 612 in
1626 583 1759 625 quam

302 648 392 675 non
415 632 570 688 aliquis
593 632 713 672 locus
735 631 941 679 incurrat,
962 643 1041 670 nec
1066 629 1153 670 fere
1184 644 1334 670 omnes
1357 628 1475 670 locos
1499 627 1690 669 incidere
1712 626 1758 668 in

301 705 476 735 omnem
511 690 815 745 quaestionem,
848 686 972 728 79scd
1005 687 1266 742 quibusdam
1300 685 1618 743 quaestionibus
1649 683 1758 726 alios

299 763 392 790 esse
414 748 603 804 aptiores
634 747 769 788 locos.
830 745 1140 792 Quaestionum
1172 744 1261 786 duo
1303 755 1402 786 sunt
1435 758 1619 801 genera:
1651 742 1758 784 alte-

299 821 395 847 rum
426 805 662 856 infinitum,
692 805 874 846 alterum
905 803 1151 846 definitum.
1214 801 1459 843 Definitum
1481 811 1560 852 est,
1583 800 1757 856 80quod

301 867 453 904 ὑπόθεσιν
485 863 650 915 Graeci,
675 878 752 904 nos
782 876 982 904 causam:
1013 861 1251 911 infinitum,
1276 860 1394 915 quod
1414 864 1502 901 θέσιν
1528 859 1588 900 illi
1605 858 1757 916 appel-

236 937 288 971 80
303 920 407 971 lant,
430 936 508 962 nos
532 922 805 978 propositum
823 934 1051 976 possumus
1076 919 1325 960 nominare:
1359 932 1490 959 causa
1510 917 1638 958 certis
1659 930 1755 973 per-

300 979 433 1030 sonis,
455 979 576 1031 locis,
608 979 893 1036 temporibus,
916 977 1179 1028 actionibus,
1213 975 1402 1032 negotiis
1435 974 1642 1025 cernitur,
1677 983 1760 1016 aut,

298 1037 343 1083 in
366 1038 584 1089 omnibus,
607 1047 683 1079 aut
705 1039 748 1078 in
773 1036 988 1093 plerisque
1018 1050 1191 1077 eorum:
1225 1033 1498 1090 propositum
1521 1040 1682 1084 autem,
1704 1032 1752 1076 in

298 1095 443 1151 aliquo
465 1110 630 1147 eorum,
652 1095 789 1137 autin
814 1094 1024 1151 pluribus,
1048 1108 1127 1134 nec
1151 1103 1295 1133 tamen
1318 1092 1362 1132 in
1384 1090 1603 1132 maximis.
1664 1089 1756 1132 Ita-

161 1186 193 1217 Ρ,
208 1176 281 1205 228.
297 1168 381 1208 que
404 1154 676 1210 propositum
693 1168 790 1210 pars
812 1167 954 1194 causa:
976 1161 1057 1192 est.
1120 1151 1205 1192 Sed
1222 1149 1364 1191 omnis
1385 1149 1590 1205 quaestio,
1604 1163 1754 1190 earum

251 1227 281 1247 a·
295 1211 440 1267 aliqua
470 1213 524 1254 de
554 1226 599 1253 re
630 1221 709 1263 est,
731 1211 890 1268 quibus
925 1225 1069 1251 causae
1105 1208 1401 1258 continentur,
1433 1217 1508 1248 aut
1542 1221 1642 1258 una,
1675 1215 1753 1247 aut

229 1292 277 1326 31
295 1269 506 1326 pluribus,
528 1280 605 1312 aut
625 1283 954 1324 nonnumquam
976 1267 1194 1309 omnibus.
1257 1265 1566 1313 Quaestionum
1589 1273 1754 1316 autem,

186 1330 189 1332 ’
293 1343 552 1384 quacunque
572 1328 625 1369 de
649 1343 693 1370 re
715 1328 816 1377 sint,
837 1327 924 1368 duo
947 1336 1048 1366 sunt
1070 1339 1252 1382 genera:
1287 1339 1419 1365 unum
1455 1322 1752 1380 cognitionis;

230 1398 279 1432 89,
293 1386 475 1428 alterum
505 1387 706 1430 actionis.
769 1384 1050 1441 Cognitionis
1085 1393 1184 1424 sunt
1219 1382 1302 1433 hae,
1334 1396 1515 1437 quarum
1553 1380 1651 1423 finis
1684 1389 1751 1425 est

293 1445 499 1486 scientia:
533 1455 596 1495 ut,
622 1446 655 1485 si
675 1452 909 1500 quaeratur,
930 1457 955 1482 a
988 1450 1200 1482 naturane
1223 1440 1297 1495 jus
1321 1440 1569 1497 profectum
1601 1440 1672 1492 sit,
1694 1454 1751 1481 an

292 1503 348 1544 ab
367 1502 512 1558 aliqua
533 1503 654 1557 quasi
679 1501 932 1542 conditione
952 1499 1180 1540 hominum
1203 1509 1248 1538 et
1271 1498 1488 1554 pactione.
1549 1496 1752 1540 Actionis

291 1570 438 1605 autem
474 1559 724 1615 hujusmodi
760 1557 964 1613 exempla
997 1565 1119 1598 sunt:
1153 1556 1278 1597 Sitne
1311 1555 1519 1611 sapientis
1552 1555 1606 1597 ad
1637 1569 1753 1596 rem-

291 1619 513 1674 publicam
526 1618 747 1662 accedere.
793 1615 1074 1672 Cognitionis
1094 1614 1363 1669 quaestiones
1383 1613 1612 1669 tripartitae
1635 1622 1764 1668 sunt,

289 1691 406 1728 cum,
429 1692 482 1718 an
507 1676 577 1727 sit,
599 1687 675 1717 aut
706 1675 811 1731 quid
835 1674 906 1725 sit,
929 1683 1005 1714 aut
1035 1672 1162 1729 quale
1194 1672 1264 1722 sit,
1287 1671 1513 1727 quaeritur.
1575 1669 1751 1714 Horum

289 1735 482 1792 primum
513 1734 787 1789 conjectura,
812 1733 1052 1774 secundum
1083 1730 1356 1780 definitione,
1379 1729 1687 1785 tertiumjuris
1707 1739 1762 1772 et-

287 1792 464 1849 injuriae
495 1793 780 1837 distinctione
803 1790 1066 1847 explicatur.
1128 1788 1410 1844 Conjecturae
1436 1787 1546 1832 ratio
1578 1788 1621 1829 in
1645 1802 1765 1843 qua-.

287 1862 388 1895 tuor
410 1861 553 1908 partes
575 1851 811 1892 distributa
842 1858 932 1891 est:
965 1862 1146 1904 quarum
1173 1862 1260 1888 una
1291 1856 1371 1897 est,
1400 1861 1501 1892 cum
1523 1846 1765 1901 quaeritur,

287 1909 402 1951 sitne
428 1908 618 1965 aliquid3
651 1908 800 1959 altera,
821 1907 936 1951 unde
967 1917 1112 1948 ortum
1136 1905 1214 1957 sit;
1249 1905 1389 1956 tertia,
1420 1919 1520 1959 quae
1552 1903 1596 1950 id
1618 1919 1751 1948 causa.

286 1966 501 2019 effecerit,
533 1976 701 2022 quarta,
729 1966 773 2007 in
804 1980 891 2021 qua
920 1964 974 2006 de
1007 1963 1251 2006 mutatione
1290 1963 1350 2003 rei
1384 1962 1620 2018 quaeritui·:
1668 1962 1752 2014 Sil,

283 2040 422 2067 necne
441 2025 523 2067 sit:
555 2025 815 2081 ecquidnam
834 2024 1065 2065 honestum
1083 2023 1162 2067 sit:
1194 2020 1352 2077 ecquid
1370 2027 1545 2076 aequum
1559 2034 1604 2061 re
1622 2034 1750 2073 vera3

285 2098 340 2125 an
370 2083 467 2125 haec
501 2093 672 2125 tantum
708 2083 751 2124 in
784 2082 994 2138 opinione
1015 2081 1116 2124 sint.
1178 2079 1307 2121 Unde
1339 2089 1483 2120 autem
1508 2077 1565 2119 sit
1586 2086 1766 2130 ortum,-

286 2151 349 2192 ut,
384 2157 498 2183 cum-
517 2141 742 2197 quaeritur,
766 2150 934 2192 natura,
967 2154 1023 2180 an
1057 2137 1259 2179 doctrina
1285 2137 1425 2193 possit
1454 2135 1569 2177 effici
1594 2135 1748 2179 virtus.

287 2197 433 2247 Causa
463 2210 609 2240 autem
629 2199 823 2240 efficiens
855 2198 932 2249 sic,
956 2206 1020 2248 ut,
1051 2211 1153 2238 cum
1175 2195 1402 2251 quaeritur,
1424 2194 1584 2249 quibus
1618 2194 1748 2239 rebus

200 2303 203 2305 Α
284 2257 535 2313 eloquentia
557 2257 787 2298 efficiatur.
842 2255 911 2298 De
925 2254 1288 2303 commutatione,
1311 2253 1398 2295 sic:
1434 2251 1637 2299 Possitne
1657 2251 1748 2295 elo-

199 2321 268 2373 9'12
285 2317 462 2370 quentia
486 2315 831 2357 commutatione
852 2314 997 2370 aliqua
1024 2311 1221 2354 converti
1244 2311 1290 2353 in
1321 2309 1568 2353 infantiam.
1631 2309 1746 2352 Cum

219 2398 269 2432 33
284 2382 444 2425 autem,
463 2374 566 2428 quid
592 2373 662 2424 sit,
684 2372 921 2428 quae1·itur;
952 2371 1075 2412 notio
1097 2369 1360 2425 explicanda
1377 2379 1458 2419 est,
1482 2377 1527 2410 et
1549 2368 1745 2424 proprie-

285 2440 362 2482 tas,
385 2442 429 2472 et
451 2431 624 2483 divisio,
647 2441 691 2472 et
714 2429 909 2487 partitio.
971 2428 1086 2471 Haec
1120 2427 1238 2473 enim
1273 2435 1374 2468 sunt
1405 2425 1651 2467 definitioni
1676 2434 1742 2467 at-

280 2489 469 2532 tributa:
503 2490 677 2532 additur
700 2488 834 2531 etiam
867 2486 1121 2545 descriptio,
1143 2499 1275 2543 quam
1311 2484 1459 2527 Graeci
1482 2486 1742 2540 Slxagoenffgae

317 2651 359 2682 79
380 2648 439 2678 sed
451 2648 646 2687 quibusdmn
661 2658 713 2688 qu.
728 2648 810 2678 alios
821 2657 886 2678 esse
898 2647 982 2687 apti·
1027 2646 1140 2683 bilius,
1163 2644 1259 2686 qnod,
1276 2644 1356 2685 quia
1377 2643 1490 2675 referri
1508 2643 1549 2674 ad
1568 2642 1744 2684 definitum

274 2702 344 2721 mres
368 2691 462 2731 locos]
489 2692 542 2721 Sic
565 2691 736 2728 eleganter
758 2691 822 2721 Mz.
837 2691 879 2720 V.
896 2689 984 2729 quod
1028 2694 1163 2730 potest3
1202 2692 1241 2717 ut
1265 2697 1294 2718 c.
1319 2697 1385 2726 seq.
1414 2686 1469 2717 ubi
1500 2696 1602 2726 quam
1633 2686 1743 2716 Groecl

274 2741 407 2764 secutus
419 2743 506 2764 suni.
552 2734 650 2769 Yu'ig.
664 2734 809 2772 quibusd.
825 2743 878 2773 qu.
890 2734 984 2770 alios,
1027 2745 1104 2775 χωρ.
1114 2735 1231 2762 vocant
1241 2729 1537 2770 adde-scriptionem
1545 2729 1697 2760 refertur.
1706 2733 1743 2760 et

273 2777 466 2816 quibusdam
496 2786 560 2806 esse
586 2778 667 2806 alins
689 2781 757 2815 apt.
782 2778 800 2806 t.
825 2776 912 2815 quod
933 2780 986 2806 est
1029 2787 1058 2807 c.
1071 2778 1122 2807 35.
1135 2783 1210 2804 eam
1225 2771 1380 2816 κρινὸμενον
1394 2783 1425 2803 υ.
1437 2771 1477 2802 ad
1491 2772 1740 2803 contentionem.

274 2819 533 2860 frigidissimum.
581 2820 647 2850 Sed
662 2829 721 2860 pro
735 2823 764 2850 el
779 2818 927 2849 dedimus
941 2828 982 2849 ex
1070 2820 1107 2849 81
1133 2815 1335 2860 zugon-riga]
1368 2815 1441 2847 Hoc
1464 2820 1516 2845 est
1536 2825 1556 2845 a
1575 2814 1741 2852 VictoriO,

273 2862 324 2893 ed.
340 2863 421 2897 Vcn.
1025 2860 1081 2899 qui
1109 2859 1196 2891 hanc
1223 2859 1305 2890 dicit
1333 2868 1403 2889 csse
1428 2862 1595 2888 vetustam
1625 2856 1741 2890 lectio,

316 2908 356 2936 ευ
379 2906 463 2946 quod
478 2904 614 2936 §arwam
634 2904 754 2946 Greci]
782 2904 847 2937 Hic
859 2903 981 2937 tolera·
1025 2913 1116 2938 nem.
1162 2903 1248 2937 Sane
1271 2902 1320 2936 sie
1346 2900 1425 2936 alibi
1448 2899 1596 2943 appellat
1624 2899 1743 2936 Cice-to
