1945 3235
662 121 848 160 LIBER
880 122 1174 163 QUARTUS.
1568 134 1637 169 111

208 228 365 270 tentari
397 229 548 287 possit.
609 225 959 282 Uniuscujusque
989 227 1157 282 generis
1191 227 1358 284 singula
1388 232 1641 287 subjecisse-

207 300 305 327 mus
342 286 555 343 exempla,
587 284 671 325 nisi
706 283 969 340 exemplum,
1002 284 1119 339 quod
1149 298 1284 340 genus
1324 298 1447 339 esset,
1483 290 1526 331 in
1560 306 1637 333 ex-

207 343 418 400 politione
447 344 871 392 demonstrassemus,
891 350 935 382 et
955 355 1103 382 causas
1138 342 1333 384 sumendi
1363 344 1408 385 in
1437 346 1636 389 similitu-

206 400 308 442 dine
339 401 666 458 aperuissemus.
725 402 764 433 27
780 399 926 445 Quare
954 397 1185 450 noluimus,
1203 414 1343 455 neque
1376 416 1526 457 pauca,
1548 420 1633 460 quo

204 458 349 500 minus
379 458 702 514 intelligeretur,
732 470 887 512 neque,
909 470 954 497 re
987 456 1217 508 intellecta,
1240 457 1363 514 plura
1393 461 1432 490 528
1446 464 1634 503 conscri-

206 515 325 557 bere.

264 572 417 620 Imago
445 580 510 612 est
542 570 692 612 formae
727 584 826 611 cum
850 568 988 610 forma
1017 585 1116 612 cum
1145 571 1331 626 quadam
1353 572 1633 617 similitudine

204 616 393 671 collati5.
436 628 549 671 Haec
571 629 754 669 sumitur
772 636 846 668 aut
867 627 1018 679 laudis,
1042 637 1117 669 aut
1135 630 1464 686 vituperationis
1484 647 1628 674 causa.

205 687 363 728 Laudis
382 701 524 738 causa,
548 686 634 728 sic:
668 685 768 726 Ibat
798 685 843 726 in
865 685 1084 741 proelium,
1115 700 1296 742 corpore
1322 688 1432 729 tauri
1456 690 1628 731 validis·
1642 702 1673 733 b.

202 745 314 796 simi,
352 745 517 800 impetu
554 743 689 784 leonis
731 742 927 784 acerrimi
967 743 1132 784 similis.
1193 743 1548 801 Vituperationis,
1581 756 1629 788 ut

201 801 246 842 in
269 801 432 853 odium,
455 809 530 842 aut
558 801 602 841 in
624 799 858 850 invidiam,
882 808 956 840 aut
986 801 1029 840 in
1061 802 1400 844 contemtionem
1429 804 1631 846 adducat.

202 858 264 900 Ut
285 858 330 899 in
352 859 514 910 odium,
537 858 622 899 hoc
644 858 799 900 modo:
834 856 921 898 Iste
944 857 1139 913 quotidie
1161 874 1237 915 per
1259 858 1401 902 forum
1422 863 1628 914 medium,

199 924 420 971 tamquam
445 916 627 972 jubatus
656 916 801 967 draco,
825 915 973 971 serpit,
1006 915 1206 957 dentibus
1239 917 1430 970 aduncis,
1453 928 1630 976 aspectu

198 983 425 1025 venenato,
456 974 609 1030 spiritu
639 973 805 1023 rabido,
848 972 1212 1029 circumspectans
1251 975 1336 1016 huc
1371 986 1415 1017 et
1444 977 1558 1029 illuc,
1595 978 1629 1018 si

198 1045 328 1086 quem
349 1032 548 1087 reperiat,
571 1031 641 1072 cui
671 1030 832 1085 aliquid
865 1029 966 1070 mali
990 1030 1186 1072 faucibus
1218 1032 1376 1084 afflare,
1396 1036 1436 1068 ‘29
1452 1035 1544 1087 [ore
1566 1044 1630 1076 at-

196 1088 398 1144 tingere,]
418 1089 619 1130 dentibus
642 1088 846 1138 insecare,
871 1087 1019 1142 lingua
1042 1103 1267 1144 aspergere
1290 1091 1440 1145 possit.
1502 1092 1564 1133 Ut
1584 1093 1629 1134 in

197 1144 405 1187 invidiam
428 1146 628 1195 adducat,
652 1145 734 1186 hoc
753 1144 909 1186 modo:
946 1145 1047 1196 Iste,
1067 1146 1141 1200 qui
1169 1146 1341 1187 divitias
1362 1163 1456 1188 suas
1472 1148 1629 1204 jactat,

201 1203 314 1244 sicut
336 1203 486 1244 Gallus
518 1217 541 1243 e
564 1202 771 1258 Phrygia,
792 1210 866 1242 aut
896 1202 1052 1243 ariolus
1081 1203 1311 1259 quispiam,
1333 1205 1556 1261 depressus
1586 1217 1630 1248 et

199 1269 400 1301 oneratus
441 1275 559 1311 auro,
590 1258 762 1309 clamat,
800 1267 844 1299 et
877 1259 1054 1314 dejerat.
1119 1260 1177 1302 Ut
1207 1261 1251 1302 in
1289 1264 1628 1306 contemtionem

195 1317 396 1369 adducat,
420 1318 502 1360 sic:
534 1316 693 1368 301ste,
715 1316 789 1372 qui
817 1325 1038 1371 tamquam
1060 1318 1250 1370 cochlea,
1285 1320 1551 1362 abscondens
1585 1332 1629 1364 et

196 1383 414 1416 retentans
442 1389 532 1416 sese
551 1375 722 1426 tacitus,
746 1388 846 1414 cum
876 1374 1005 1415 domo
1037 1390 1112 1416 sua
1141 1384 1272 1428 totus,
1293 1386 1341 1418 ut
1362 1379 1627 1432 comedatur,

195 1430 401 1473 aufertur.

252 1488 429 1530 Effictio
451 1496 530 1542 est,
553 1503 653 1530 cum
674 1486 934 1544 exprimitur
951 1497 994 1529 et
1027 1489 1249 1547 effingitur
1270 1493 1411 1534 verbis
1433 1496 1624 1551 corporis
1637 1510 1686 1544 63

195 1547 439 1603 cujuspiam
470 1546 622 1597 forma,
656 1545 826 1601 3lquod
861 1547 961 1587 satis
1001 1547 1056 1588 sit
1089 1549 1141 1589 ad
1176 1549 1518 1607 intelligendum,
1541 1552 1633 1594 hoc*

193 1604 352 1646 modo:
397 1603 530 1645 Hunc
560 1603 673 1653 dico,
697 1603 883 1659 judiceS‚
924 1604 1115 1657 rubrum,
1155 1607 1342 1660 brevem,
1382 1609 1623 1662 incurvum,

192 1675 365 1713 canum,
395 1661 682 1717 subcrispum,
709 1661 902 1712 caesium,
925 1662 995 1703 cui
1023 1677 1123 1703 sane
1144 1678 1303 1720 magna
1324 1674 1389 1707 est
1411 1668 1453 1708 in
1476 1680 1623 1709 mento

192 1718 403 1771 cicatrix3
434 1719 469 1759 si
502 1733 588 1774 quo
622 1718 751 1759 modo
781 1727 925 1774 potest
952 1720 1075 1761 vobis
1110 1721 1155 1762 in
1188 1724 1440 1765 memoriam
1471 1726 1624 1767 redire.

196 1774 352 1817 Habet
390 1777 484 1817 haec
522 1776 747 1817 exornatio
795 1790 894 1816 cum
937 1777 1185 1830 utilitatem,
1220 1781 1307 1821 32'Si
1351 1797 1479 1838 quem
1518 1784 1622 1825 velis

194 1832 509 1876 demonstrare:
543 1841 636 1874 tum
657 1842 941 1885 venustatem,
965 1834 1000 1874 si
1023 1835 1209 1877 breviter
1239 1846 1283 1878 et
1300 1839 1486 1881 dilucide
1507 1840 1624 1882 facta

191 1899 272 1932 est.
333 1890 515 1932 Notatio
546 1899 624 1941 est,
657 1905 756 1932 cum
796 1891 977 1946 alicujus
1014 1901 1168 1934 natura
1201 1896 1328 1936 certis
1367 1892 1711 1942 describitur-50

193 1947 342 2004 signis,
377 1963 491 2003 quae,
519 1948 645 1989 sicuti
680 1957 795 1989 notae
827 1949 1042 2003 quaedam,
1068 1959 1234 1993 naturae
1265 1962 1364 1993 sunt
1395 1956 1617 1998 attributa.

192 2004 255 2046 Ut
276 2005 311 2046 si
331 2005 435 2047 velis
454 2020 542 2047 non
562 2005 756 2057 divitem,
777 2005 850 2046 sed
872 2010 911 2039 33
927 2015 1235 2050 ostentatorem
1255 2012 1450 2066 pecuniae
1469 2013 1628 2056 descri-

229 2148 270 2181 27
283 2146 401 2188 ‚Quare
413 2146 602 2187 noluimus]
630 2146 690 2178 Ed.
709 2150 800 2182 1474.
814 2147 886 2178 Me-

186 2188 264 2220 diol.
293 2199 356 2220 see.
373 2190 546 2227 voluimus,
565 2195 605 2229 ut
626 2190 694 2230 ipse
712 2190 887 2229 aliquando

186 2233 406 2272 conjeceram,
432 2232 528 2262 Junt.
544 2234 702 2269 volumus.
747 2233 810 2264 Sed
831 2243 886 2263 no-

190 2275 314 2305 luimus
326 2284 582 2315 neque—neque,
598 2275 725 2306 melius.

229 2318 269 2348 528
287 2316 512 2357 anser-ibera]
532 2317 611 2348 Mss.
625 2317 757 2357 quidam
769 2322 805 2348 et
813 2316 884 2348 edd.

185 2358 274 2389 Med.
287 2369 335 2399 pr.
349 2363 383 2389 et
397 2359 531 2390 Omnib.
543 2361 693 2398 scribere,
702 2360 789 2400 quod
803 2369 887 2401 prae-

184 2401 299 2432 ferunt
320 2402 467 2432 Graevius
484 2406 518 2433 et
535 2402 685 2433 Oudend.
706 2402 791 2433 Mihi
813 2412 886 2432 con-

184 2444 322 2474 scribere
335 2445 442 2485 aptius
457 2446 611 2485 exemplis
623 2444 767 2476 videtur:
792 2449 826 2475 et
838 2445 886 2475 di-

182 2485 270 2516 citur
282 2487 383 2517 etiam
395 2497 455 2527 pro
467 2487 608 2528 simplici
618 2489 768 2525 seribere,
780 2488 882 2518 etiam

182 2529 304 2568 passim
319 2530 354 2559 in
365 2529 416 2559 his
430 2529 533 2567 libris,
548 2540 578 2560 v.
595 2530 620 2560 C
624 2530 686 2560 lav.
699 2531 734 2560 in
747 2530 781 2561 h.
797 2540 825 2560 v.

226 2572 267 2605 ⁶29
284 2572 350 2601 Ore
359 2572 548 2612 attingere]
568 2572 642 2603 Hoc
654 2573 803 2613 spurium
817 2577 880 2610 est,

184 2611 332 2643 additum
355 2614 396 2644 ab
418 2615 668 2655 interpolatore,
691 2620 730 2645 ut
743 2616 880 2656 partitio

183 2654 314 2695 plenior
325 2656 430 2687 fieret.
474 2657 562 2688 Nam
575 2668 635 2688 nec
647 2667 778 2688 sensum
793 2668 883 2689 com-

181 2697 318 2728 modum
327 2698 441 2736 habet,
449 2704 483 2730 et
490 2700 581 2730 tollit
593 2700 816 2739 aequalitatem
826 2711 884 2731 an—

182 2740 365 2771 tecedentis
387 2746 422 2771 et
437 2743 677 2782 consequentis.
723 2743 763 2773 In
778 2744 884 2783 primo

183 2788 264 2814 sunt
283 2783 360 2820 tria,
383 2783 509 2821 dentes,
526 2785 710 2825 adspectus,
727 2786 880 2826 spiritus:

182 2825 236 2856 hic
244 2835 322 2865 ergo
336 2827 460 2866 pariter
470 2828 534 2857 tria
547 2837 615 2858 esse
627 2828 760 2866 debent,
769 2838 882 2867 quam-

182 2878 281 2907 quam
312 2878 386 2899 cum
415 2869 523 2908 aliqua
550 2870 723 2901 varietate:
760 2871 881 2908 fauces,

929 2147 1056 2186 dentes,
1071 2148 1196 2190 lingua.

971 2194 1013 2222 30
1027 2192 1106 2229 Iste,
1121 2195 1177 2232 qzcz'
1192 2194 1265 2234 ἃς]
1299 2195 1363 2226 Hic
1378 2197 1469 2228 locus
1495 2199 1529 2229 in
1551 2200 1636 2230 scri--

928 2233 994 2273 ptis
1009 2238 1043 2265 et
1057 2234 1128 2265 edd.
1144 2237 1226 2266 mire
1238 2238 1354 2268 variat.
1399 2240 1514 2280 Itaque
1529 2242 1627 2279 edidi,

929 2276 1017 2314 quod
1038 2277 1137 2308 estin
1160 2278 1209 2308 ed.
1235 2282 1326 2314 1474.
1347 2283 1399 2312 cui
1415 2285 1629 2315 consentiunt

927 2318 996 2349 fere
1009 2319 1059 2350 ed.
1075 2320 1210 2351 Omnib.
1225 2326 1260 2352 et
1273 2323 1358 2354 aliae..

970 2364 1006 2392 31
1025 2362 1126 2404 Quod
1144 2365 1225 2394 satis
1238 2365 1278 2404 s.]
1318 2366 1385 2397 Ser.
1403 2372 1437 2398 et
1459 2368 1531 2398 edd.
1555 2370 1627 2409 plu-

928 2413 978 2434 res
993 2406 1108 2444 quoud.
1152 2407 1215 2436 Sed
1228 2408 1312 2446 quod
1323 2419 1362 2438 eo
1374 2419 1468 2440 sensu
1484 2411 1626 2450 dicitur5

927 2451 1042 2485 estque
1055 2448 1247 2487 elegantius
1263 2461 1292 2480 v.
1308 2450 1397 2481 Clav.
1413 2453 1447 2482 in
1464 2452 1496 2483 h.
1511 2464 1542 2483 v.

967 2491 1008 2520 32
1022 2490 1060 2520 Si
1073 2500 1168 2530 quem
1188 2493 1269 2522 velis
1289 2493 1535 2535 demonstrare]
1574 2498 1626 2527 Sic

925 2541 984 2571 pro
1003 2533 1167 2563 ostendere
1186 2534 1284 2571 edidi,
1306 2539 1391 2573 tum,
1413 2538 1489 2576 quia
1515 2539 1624 2578 plures

925 2578 959 2603 et
974 2575 1124 2605 meliores
1147 2575 1222 2605 libri
1242 2578 1355 2618 scripti
1371 2579 1417 2609 sic
1439 2580 1574 2618 habent,
1590 2588 1625 2612 et

924 2616 996 2646 edd.
1019 2617 1146 2658 primae,
1166 2621 1254 2652 1474.
1271 2620 1360 2650 Med.
1374 2632 1423 2661 pr.
1446 2628 1533 2660 tum,
1548 2625 1624 2663 quia

927 2664 976 2689 est
990 2660 1124 2690 verbum
1139 2662 1307 2701 proprium
1322 2664 1357 2693 in
1370 2663 1432 2694 hac
1446 2674 1489 2695 re.

969 2704 1009 2732 33
1029 2703 1267 2734 Ostentatorem
1282 2707 1453 2746 pec-umen]
1480 2708 1533 2738 Sic
1556 2709 1625 2749 pla-

928 2754 969 2774 ne
992 2744 1055 2774 Ms.
1071 2745 1159 2785 LipS.
1175 2751 1213 2776 ut
1234 2747 1412 2778 Memmius
1425 2760 1459 2778 et
1480 2751 1624 2782 Ani-atus·

926 2787 1148 2825 ‹onjecerant,
1170 2798 1367 2828 quamquam
1390 2792 1439 2821 illi
1468 2793 1623 2824 volebant

921 2830 1068 2868 pecunioe
1079 2840 1146 2860 suoe
1156 2843 1165 2859 :
1187 2831 1273 2862 male
1287 2844 1293 2861 ε
1318 2833 1393 2872 quia
1408 2834 1463 2864 ille
1477 2840 1623 2866 ostenta-

926 2878 980 2902 tor
995 2881 1060 2902 non
1077 2872 1163 2904 dives
1178 2879 1238 2904 est.
1256 2874 1475 2907 Fen-nmmum
1490 2885 1636 2918 propter,
