1945 3235
633 150 826 191 LIBER
850 150 1129 190 TERTIUS.

153 259 199 302 in
218 258 551 317 vituperatione,
573 265 740 299 contra.

153 317 273 416 poris
291 316 535 359 commoda.

1560 149 1609 185 53

800 260 843 290 44
857 256 1030 299 Deinde
1049 254 1230 296 transire
1244 262 1417 311 oportet
1435 253 1489 295 ad
1510 267 1606 295 cor·
1621 270 1668 303 14

596 313 636 357 A
658 325 827 365 natura,
848 319 889 347 45
904 315 948 355 in
964 313 1114 355 laude:
1140 313 1173 353 si
1195 312 1251 352 sit
1267 311 1458 367 dignitas
1478 319 1609 367 atque

175 390 310 427 orma,
331 377 372 407 46
384 374 500 416 laudi
522 372 656 414 fuisse
685 387 803 424 eam3
833 385 922 413 non
944 369 1314 427 quemadmodum
1345 369 1515 419 ceteris,
1537 369 1610 410 de-

155 433 362 474 trimento
391 441 521 487 atque
550 430 776 472 dedecori:
802 430 836 471 si
868 430 979 471 vires
1004 438 1135 484 atque
1164 426 1373 469 velocitas
1406 427 1611 482 egregi-<13

154 490 348 532 honestis
379 489 774 531 exercitationibus
797 496 841 529 et
867 487 1092 528 industriis
1118 485 1312 527 dicemus
1334 493 1609 540 comparata:

153 551 194 582 47
209 547 244 589 si
266 547 483 598 valetudo,
507 556 717 602 perpetua
739 545 983 602 diligentia,
1006 553 1050 585 et
1082 541 1372 600 temperantia
1393 541 1612 597 cupidita-

153 612 269 647 tum:
293 605 334 645 in
351 604 686 660 vituperatione,
710 603 744 644 si
763 612 891 644 erunt
903 602 1000 644 haec
1018 603 1213 659 corporis
1231 598 1478 650 commoda,
1500 598 1615 642 male

152 661 220 704 his
254 677 379 703 usum
408 662 617 714 dicemus,
640 677 739 718 quae
774 675 876 702 casu
907 670 951 702 et
979 669 1151 711 natura,
1186 669 1395 713 tanquam
1428 656 1613 712 quilibet

153 719 382 776 gladiator,
415 719 644 772 habuerit,
672 720 707 760 si
741 733 829 760 non
862 727 1004 771 erunt,
1039 727 1198 774 praeter
1231 716 1434 765 formam,
1464 715 1613 756 omnia

152 777 286 833 ips1us
309 777 438 834 culpa
465 785 510 819 et
532 777 869 834 intemperantia
888 791 977 818 non
1009 774 1145 817 fuisse
1167 774 1376 816 dicemus.

1440 771 1613 814 Deinde

147 836 190 865 48
204 843 468 877 revertemur
490 836 544 877 ad
566 844 795 877 extraneas
818 850 899 886 res,
921 844 966 876 et
985 834 1030 875 in
1052 834 1134 885 his,
1154 832 1289 874 animi
1313 831 1512 883 virtutes,
1536 838 1613 872 aut

150 891 258 934 vitia
286 908 385 949 quae
420 892 598 945 fuerint,
634 893 1033 935 considerabimus:
1066 891 1248 942 divitiae,
1280 904 1335 930 an
1378 898 1612 945 paupertas

144 948 293 1002 fuerit,
323 959 368 992 et
399 966 498 1008 quae
528 961 782 1008 potestates,
806 966 904 1007 quae
939 950 1106 1007 gloriae,
1129 963 1228 1006 quae
1258 946 1481 997 amicitiae,
1512 961 1610 1003 quae

149 1006 411 1060 inimicitiae,
441 1018 486 1050 et
517 1010 623 1065 quid
647 1009 819 1050 fortiter
841 1010 886 1050 in
920 1008 1163 1050 inimicitiis
1198 1005 1398 1063 gerendis
1434 1004 1610 1058 fecerit3

150 1065 278 1121 cujus
311 1081 443 1108 causa
472 1068 710 1124 susceperit
740 1067 1009 1118 inimicitias,
1044 1081 1130 1121 qua
1152 1065 1252 1116 fide,
1288 1062 1609 1115 benevolentia,

148 1123 298 1166 officio
317 1125 500 1181 gesserit
512 1126 748 1166 amicitias:
774 1125 818 1165 in
838 1125 1003 1165 divitiis
1019 1123 1173 1179 qualis,
1192 1132 1267 1163 aut
1287 1121 1331 1162 in
1351 1130 1610 1178 paupertate

149 1181 397 1237 cujusmodi
431 1182 584 1224 fuerit:
607 1182 977 1239 quemadmodum
1007 1181 1210 1222 habuerit
1238 1180 1282 1221 in
1313 1179 1608 1236 potestatibus

147 1240 348 1295 gerendis
371 1241 579 1282 animum.
640 1241 686 1282 Si
707 1240 933 1291 interierit,
949 1238 1195 1295 cujusmodi
1215 1252 1330 1278 mors
1350 1236 1444 1292 ejus
1459 1235 1605 1289 fuerit,

147 1297 392 1352 cujusmodi
413 1313 478 1339 res
500 1306 686 1340 mortem
700 1299 794 1354 ejus
810 1298 866 1339 sit
887 1306 1138 1339 consecuta.

1199 1295 1268 1337 Ad
1289 1309 1439 1336 omnes
1458 1304 1602 1336 autem
1617 1292 1651 1342 8

147 1369 228 1406 res,
253 1355 297 1395 in
330 1355 489 1411 quibus
519 1357 688 1397 animus
729 1356 919 1397 hominis
946 1356 1140 1397 maxime
1174 1353 1488 1403 consideratur,
1518 1353 1602 1395 issa>
1621 1365 1667 1399 15

146 1422 333 1467 quatuor
355 1414 490 1455 animi
522 1415 704 1455 virtutes
728 1423 856 1455 erunt
878 1413 1287 1455 accommodandae:
1313 1420 1375 1462 ut,
1401 1411 1434 1451 si
1458 1410 1606 1452 laude-

144 1484 256 1522 muS,
279 1470 542 1527 aliildjuste,
566 1472 682 1513 aliud
705 1471 891 1524 fortiter,
912 1472 1028 1513 aliud
1051 1471 1262 1522 modeste,
1285 1469 1401 1510 aliud
1417 1469 1606 1525 pruden-

145 1535 210 1568 ter
242 1528 407 1570 factum
431 1545 522 1571 esse
544 1530 767 1573 dicamus:
789 1534 831 1565 49
845 1530 911 1572 sin
939 1530 1252 1586 vituperemuS,
1276 1527 1392 1568 aliud
1428 1527 1605 1583 injuste,

145 1586 261 1627 aliud
285 1586 458 1644 ignave,
489 1588 606 1629 aliud
637 1588 911 1640 immodeste,
935 1588 1052 1631 aliud
1076 1587 1208 1628 stulte
1231 1587 1398 1627 factum
1427 1600 1518 1627 esse
1541 1585 1606 1626 di-

145 1657 310 1685 GamUS.

372 1644 658 1702 Perspicuum
682 1647 858 1702 estjam
881 1647 1087 1688 nimirum
1110 1660 1165 1686 ex
1198 1644 1280 1685 hac
1303 1644 1604 1700 dispositione,
1619 1663 1651 1694 p.
1671 1657 1718 1688 19.

143 1703 513 1758 quemadmodum
528 1704 583 1745 sit
602 1705 829 1746 tractanda
848 1704 1067 1761 tripartita
1085 1703 1242 1745 divisio
1265 1702 1470 1745 laudisct
1492 1702 1605 1742 vitu-
1618 1708 1648 1728 a.

143 1760 396 1815 perationis,
412 1761 445 1802 si
466 1761 570 1803 illud
589 1762 721 1804 etiam
741 1763 1068 1804 assumserimus
1086 1780 1094 1804 :
1118 1777 1207 1803 non
1223 1774 1398 1801 necesse
1416 1774 1508 1800 esse
1526 1775 1606 1801 nos

146 1832 296 1859 omnes
320 1819 398 1860 has
421 1827 565 1876 partes
587 1820 632 1861 in
654 1820 842 1872 laudem,
866 1830 941 1862 aut
963 1820 1331 1877 vituperationem
1359 1818 1605 1869 transferre,

144 1885 377 1932 propterea
398 1878 515 1934 quod
537 1893 653 1935 saepe
674 1893 729 1920 ne
751 1879 952 1920 incidunt
970 1878 1146 1934 quidem
1164 1895 1173 1919 :
1199 1891 1315 1933 saepe
1335 1877 1395 1917 ita
1418 1877 1606 1917 tenuiter

182 1993 226 2023 44
257 1989 390 2023 Deinde
425 1993 595 2033 transire]
635 1993 701 2024 Hic
736 2004 847 2025 rursus

141 2033 227 2064 mira
240 2035 381 2065 varietas
396 2042 447 2067 est
468 2036 503 2066 in
518 2036 620 2066 libris.
664 2037 849 2077 Vulgatum

140 2086 254 2123 verum
269 2081 330 2107 est.
353 2077 482 2119 Nempe
494 2079 535 2109 ab
549 2088 667 2119 genere
682 2084 717 2110 et
732 2080 851 2110 educa-

139 2124 246 2156 tlone,
259 2130 333 2159 quae
348 2125 427 2151 sunt
441 2122 476 2152 in
491 2122 648 2158 externis,
666 2123 739 2152 vult
754 2130 848 2153 tran-

140 2162 198 2193 siri
210 2161 252 2193 ad
275 2162 421 2202 interna,
438 2168 471 2195 et
492 2165 534 2196 ab
548 2165 599 2196 his
624 2164 722 2196 rediri
738 2173 850 2197 rursus

140 2204 182 2235 ad
195 2208 341 2236 externa.

183 2249 225 2279 45
249 2247 292 2278 In
308 2248 432 2288 lauda]
462 2249 536 2280 Hoc
549 2249 641 2281 abest
655 2249 747 2280 libris
770 2250 848 2281 scri-

138 2289 205 2331 ptis
220 2295 254 2321 et
263 2290 312 2321 ed.
327 2291 565 2326 Medj01.1474.
581 2293 694 2333 itaque
701 2293 849 2324 Graevius

139 2337 174 2363 et
189 2333 441 2375 Oudendorpius
454 2334 583 2366 delent:
598 2335 696 2366 male.
720 2336 780 2366 Est
796 2347 850 2366 ea-

138 2373 214 2406 dem
229 2375 349 2414 forma,
365 2387 440 2417 quae
461 2382 586 2417 antea;
609 2383 644 2409 et
658 2383 733 2419 post
747 2389 849 2420 oppo-

139 2418 247 2466 nitur:
273 2420 308 2449 in
333 2421 582 2460 vituperatione.
626 2420 716 2462 Ergo
739 2432 849 2453 neces-

140 2469 226 2491 sario
238 2466 401 2493 servatur.

180 2504 223 2535 46
243 2505 469 2545 Laudifuisse
481 2506 582 2546 eam]
598 2507 679 2538 Mss.
691 2507 801 2547 plures
815 2512 849 2538 et

137 2545 188 2576 ed.
203 2546 293 2577 Med.
313 2550 402 2581 1474.
425 2548 550 2580 habent
579 2560 617 2580 ea
632 2562 641 2579 .·
665 2550 752 2589 quod
778 2550 847 2591 pla-

135 2592 192 2619 cet
203 2589 449 2632 Oudendorpio.
481 2592 534 2623 Sic
547 2602 624 2623 mox
639 2598 845 2633 comparata,

138 2641 216 2662 cum
251 2632 414 2665 feminina
448 2636 677 2674 praecesserint
692 2647 701 2673 3
738 2640 771 2666 et
801 2637 845 2666 ibi

136 2673 240 2704 etiam
268 2676 367 2706 verbo
391 2678 530 2708 honestis
556 2678 591 2708 in
606 2678 687 2708 Mss.
713 2684 747 2708 et
772 2679 845 2709 edd.

139 2715 266 2756 aliquot
295 2717 428 2750 additur
455 2721 533 2757 hoee,
563 2720 651 2760 quod
677 2726 711 2752 et
738 2721 847 2761 ipsum

137 2757 246 2806 placet
260 2760 378 2792 eidem.
400 2761 473 2803 Ego
485 2763 621 2794 mallem
636 2773 710 2794 eam
725 2764 844 2794 deleri:

138 2800 333 2873 {metui-que
359 2812 428 2835 esse
453 2816 473 2837 a
497 2805 691 2846 glossatore,
717 2811 756 2837 ut
771 2811 847 2848 post

152 2853 215 2874 ,eea

180 2888 221 2920 47
239 2886 277 2918 Si
289 2889 453 2926 valetudo,
460 2895 626 2931 perpetua
636 2892 684 2933 d.]
704 2892 786 2924 Haec
799 2897 847 2923 est

137 2931 232 2960 tetus
256 2931 497 2973 interpunctiO,
512 2944 533 2966 a
551 2935 697 2968 Grutero
722 2942 849 2967 temere

892 1993 1151 2034 mutata‚posito
1164 1997 1330 2023 commate
1342 1996 1417 2032 post
1421 1996 1603 2032 perpetua3

893 2047 992 2075 quam
1018 2042 1133 2067 tamen
1157 2036 1281 2076 pariter
1307 2036 1342 2065 in
1357 2035 1447 2065 libris
1471 2035 1605 2074 quibus-

894 2079 969 2109 dam
985 2080 1130 2119 antiquis
1147 2079 1264 2119 reperi,
1280 2083 1318 2107 ut
1335 2077 1384 2108 ed.
1407 2078 1504 2108 Juut.
1542 2077 1605 2109 Illa

892 2126 986 2152 vetus
999 2127 1049 2152 est
1064 2123 1098 2152 in
1112 2122 1192 2152 Mss.
1207 2127 1241 2151 et
1257 2121 1328 2151 edd.
1343 2132 1391 2161 pr.

936 2168 977 2196 48
1001 2164 1247 2204 Reuertemur]
1275 2164 1354 2194 Mss.
1383 2163 1518 2203 quidam
1533 2173 1606 2194 ver-

897 2212 1019 2245 temur,
1035 2208 1124 2248 quod
1137 2212 1171 2238 et
1187 2207 1295 2248 placet
1315 2207 1392 2237 viris
1409 2205 1604 2246 quibusdam

894 2251 1009 2281 doctis.
1055 2251 1117 2281 Sed
1146 2254 1351 2280 revertemur
1383 2249 1604 2280 necessarium

893 2298 955 2331 est,
982 2294 1060 2333 quia
1085 2292 1323 2333 intelligendus
1352 2292 1477 2322 reditus
1498 2292 1540 2322 ad
1555 2301 1604 2321 res

893 2343 1058 2367 externas.

935 2382 978 2413 49
1015 2380 1077 2409 Sin
1100 2379 1336 2418 vituperemus,
1364 2377 1461 2407 ‹1251ch
1484 2377 1605 2418 injuste

894 2422 969 2461 δια]
996 2422 1188 2452 Del-evimus
1204 2434 1220 2451 e
1234 2421 1412 2461 contsjario,
1433 2419 1520 2459 quod
1536 2430 1603 2450 non

893 2470 943 2494 est
957 2465 991 2494 in
1004 2465 1083 2495 Mss.
1097 2465 1273 2505 plerisque,
1288 2473 1348 2494 nec
1361 2462 1433 2493 edd.
1445 2472 1495 2502 pr.
1513 2464 1603 2496 1474.

892 2511 925 2537 et
942 2508 1026 2538 aliis.
1071 2507 1134 2538 Sed
1160 2508 1299 2538 sortasse
1315 2506 1432 2546 aliquis
1447 2505 1602 2544 pretule-

893 2551 937 2580 rit
964 2550 1143 2581 lectionem
1183 2549 1363 2586 Aldinam3
1404 2557 1478 2588 quse
1505 2552 1540 2578 ct
1568 2549 1603 2579 in

891 2593 1022 2634 scriptis
1039 2592 1209 2623 nonnullis
1227 2597 1294 2623 est:
1314 2592 1342 2622 si
1357 2592 1600 2630 vituperemus.-

889 2637 1096 2671 econtrario,
1121 2635 1205 2666 nihil
1227 2634 1384 2675 amplius,
1409 2634 1602 2673 omissisque

889 2679 1017 2709 ceteris.
1062 2678 1159 2719 Quod
1187 2687 1266 2708 sane
1288 2678 1427 2717 dignum
1453 2677 1603 2707 conside-

892 2727 978 2752 ratu.
1002 2722 1091 2752 Nam
1106 2723 1152 2752 sic
1166 2726 1200 2752 et
1214 2730 1334 2761 supra3
1352 2720 1408 2750 ubi
1422 2723 1537 2750 tamen
1553 2730 1602 2749 re-

891 2765 1038 2804 cepimus
1061 2769 1188 2799 comt-a,
1203 2774 1264 2804 pro
1290 2773 1307 2793 e
1328 2762 1503 2793 comrario.
1549 2761 1603 2792 Ita

890 2806 926 2836 in
938 2808 1056 2837 ceteris
1070 2812 1156 2838 esset
1172 2805 1405 2846 interpretatio
1421 2805 1459 2835 ιτὲῑ
1486 2808 1602 2835 eontra

890 2860 910 2879 a
925 2850 1106 2889 glossatore
1129 2854 1214 2880 orta.
1259 2849 1312 2879 Sic
1334 2848 1486 2889 placebat
1502 2847 1601 2878 Lam-

893 2892 989 2924 bino:
1015 2902 1075 2924 nee
1091 2902 1151 2932 ego
1166 2892 1260 2924 vaide
1275 2900 1470 2932 repugnem.

834 2984 912 3021 123
