1945 3235
612 134 805 173 LIBER
843 133 1104 172 PRIMUS.
1489 138 1566 174 229

135 242 306 295 cunque
327 248 513 296 possent,
537 238 601 280 vel
623 239 813 280 scientiae
838 236 1213 294 pervestigatione,
1235 237 1301 277 vel
1332 237 1562 279 disserendi

138 297 302 338 ratione
324 296 739 354 comprehenderint.
801 295 910 341 Quis
943 295 1126 350 ignorat,
1150 293 1193 344 ii,
1225 295 1297 348 qui
1329 295 1563 335 matbema-
1579 304 1626 336 10

137 355 212 394 tici
235 365 455 404 vocantur,
477 363 636 409 quauta
658 354 698 394 in
733 352 994 393 obscuritate
1017 365 1170 400 rerum,
1193 360 1236 390 et
1266 365 1390 404 quam
1417 366 1565 392 recon-
1610 383 1616 386 -

136 411 227 452 dita
257 412 299 452 in
323 422 412 452 arte
441 422 484 451 et
515 410 742 466 multiplici
767 409 1014 463 subtilique,
1039 410 1284 448 versentur?
1316 422 1400 462 quo
1424 417 1566 449 tamen

135 469 176 509 in
202 483 356 525 genere
388 468 447 508 ita
480 468 601 508 multi
636 467 812 523 perfecti
851 467 1044 506 homines
1066 465 1339 514 exstiterunt,
1361 474 1408 503 ut
1441 479 1567 505 nemo

136 525 224 566 fere
245 526 456 566 studuisse
477 525 513 565 ei
545 525 735 566 scientia:
769 523 1061 564 vehementius
1085 522 1290 571 videatur,
1312 520 1430 575 quin,
1453 522 1568 576 quod

134 582 331 633 voluerit,
352 592 605 623 consecutus
625 583 692 622 sit.
755 582 864 627 Quis
884 580 1072 630 musicis,
1093 579 1188 634 quis
1210 579 1310 619 huic
1335 577 1476 618 studio
1500 577 1570 618 lit-

136 647 335 689 terarum,
364 639 478 694 quod
502 639 755 694 profitentur
778 639 821 688 ii,
852 638 924 693 qui
958 636 1228 693 grammatici
1251 645 1472 686 vocantur,
1496 649 1570 691 pe-

133 697 248 736 nitus
267 711 311 737 se
331 696 508 746 dedidit,
531 697 634 751 quin
657 711 827 737 omnem
851 695 1014 736 illarum
1037 695 1191 734 artium
1211 707 1333 748 paene
1354 692 1568 733 infinitam

133 753 222 793 vim
264 763 307 794 et
346 754 568 794 materiam
607 754 827 794 5scientiae
862 752 1127 808 cogitatione
1168 750 1568 806 comprehenderit?

137 810 247 851 Vere
268 810 478 851 mihi.hoc
499 812 645 851 videor
665 825 755 851 esse
777 811 983 860 dicturus,
1005 823 1058 849 ex
1088 808 1288 849 omnibus
1322 808 1389 857 iis,
1419 807 1491 862 qui
1525 806 1566 846 in
1584 816 1627 850 ll

135 867 283 908 harum
305 869 458 909 artium
484 869 634 909 studiis
657 867 961 909 liberalissimis
986 867 1070 906 sint
1092 866 1383 920 doctrinisque
1402 865 1570 915 versati,

135 925 356 965 minimam
385 926 553 981 copiam
579 926 803 981 po'e'tarum
827 924 1098 980 egregiorum
1122 922 1385 963 6exstitisse.
1427 920 1573 976 Atque

133 982 176 1022 in
201 982 283 1023 hoc
307 983 400 1038 ipso
424 997 615 1033 numero,
648 984 690 1023 in
722 998 808 1038 quo
832 996 1000 1038 perraro
1023 980 1214 1021 exoritur
1245 979 1397 1034 aliquis
1429 979 1572 1020 excel-

134 1040 237 1090 lens,
258 1040 289 1079 si
312 1040 553 1095 diligenter,
575 1049 619 1080 et
649 1055 702 1080 ex
729 1049 988 1089 nostrorum,
1010 1049 1053 1078 et
1074 1053 1127 1078 ex
1165 1038 1419 1078 Graecorum
1444 1037 1572 1091 copia

134 1111 383 1152 comparare
416 1097 543 1147 voles,
575 1097 710 1138 multo
754 1107 894 1137 tamen
936 1096 1156 1151 pauciores
1199 1104 1402 1144 oratores,
1439 1108 1569 1148 quam

137 1154 281 1210 po'etae
307 1155 407 1195 boni
430 1155 706 1211 reperientur.
767 1153 895 1200 Quod
918 1153 1001 1193 hoc
1023 1152 1151 1192 etiam
1184 1151 1421 1191 mirabilius
1444 1151 1572 1191 debet
1585 1153 1631 1187 12

139 1212 287 1261 videri,
309 1213 409 1266 quia
431 1223 665 1252 ceterarum
697 1212 852 1252 artium
887 1210 1028 1250 studia
1057 1209 1144 1249 fere
1177 1208 1408 1248 reconditis
1443 1217 1680 1262 atquep.86.

136 1269 293 1309 abditis
315 1283 338 1309 e
358 1269 548 1309 fontibus
571 1269 847 1309 hauriuntur:
879 1267 1047 1308 dicendi
1068 1276 1207 1307 autem
1233 1265 1372 1306 omnis
1395 1265 1504 1305 ratio
1528 1265 1570 1305 in
1585 1272 1614 1293 ²³·

136 1326 278 1366 medio
304 1326 455 1381 posita,
475 1326 692 1366 communi
715 1326 901 1380 quodam
925 1325 967 1365 in
1003 1339 1094 1374 usu,
1118 1333 1246 1378 atque
1278 1323 1320 1363 in
1348 1322 1571 1363 hominum

138 1397 256 1423 more
278 1392 321 1423 et
343 1398 536 1423 sermone
558 1394 770 1424 versatur:
805 1393 848 1423 ut
870 1383 910 1422 in
935 1382 1086 1422 ceteris
1106 1380 1146 1421 id
1165 1380 1353 1420 maxime
1376 1379 1575 1430 excellat,

137 1441 250 1495 quod
286 1440 534 1496 longissime
566 1441 621 1480 sit
642 1441 696 1480 ab
720 1440 1015 1495 imperitorum
1048 1437 1332 1493 intelligentia
1363 1450 1575 1492 sensuque

135 1497 414 1552 disjunctum,
445 1498 488 1538 in
516 1497 699 1538 dicendo
734 1509 876 1538 autem
910 1497 1061 1537 vitium
1086 1495 1150 1535 vel
1172 1495 1443 1535 7maximum
1475 1494 1530 1534 sit
1550 1509 1575 1534 a

136 1555 300 1611 vulgari
337 1569 491 1610 genere
526 1556 732 1596 orationis
773 1565 901 1609 atque
931 1570 955 1594 a
985 1552 1294 1594 consuetudine
1331 1550 1572 1592 communis

136 1626 281 1653 sensus
303 1613 544 1652 abhorrere.
606 1612 670 1653 Ac
698 1627 750 1653 ne
774 1612 876 1652 illud
898 1611 1070 1667 quidem
1094 1624 1190 1651 vere
1213 1609 1296 1650 dici
1319 1617 1476 1665 potest,
1498 1615 1620 1661 aut4

138 1669 279 1725 plures
301 1670 452 1710 ceteris
475 1670 637 1710 artibus
662 1670 876 1719 inservire,
899 1679 971 1709 aut
994 1668 1156 1723 majore
1178 1666 1476 1716 delectatione,
1499 1675 1572 1706 aut
1587 1685 1634 1719 13

139 1740 213 1782 spe
252 1727 460 1778 uberiore,
496 1736 570 1767 aut
603 1727 790 1782 praemiis
833 1727 884 1766 ad
927 1725 1251 1781 perdiscendum
1294 1723 1575 1779 amplioribus

136 1783 414 1824 commoveri.
484 1782 642 1838 Atque,
681 1794 726 1824 ut
766 1784 964 1824 omittam
1000 1783 1231 1832 Graeciam,
1269 1796 1366 1836 quae
1407 1794 1575 1835 semper

138 1840 394 1895 eloquentiae
419 1841 616 1896 princeps
648 1855 738 1881 esse
769 1840 919 1890 voluit,
945 1851 1072 1894 atque
1091 1839 1181 1880 illas
1204 1839 1395 1879 omnium
1416 1837 1576 1878 doctri-

136 1912 287 1938 narum
311 1897 568 1939 inventrices
591 1898 798 1948 Athenas,
822 1898 863 1938 in
888 1898 1043 1952 quibus
1067 1911 1233 1937 summa
1254 1895 1425 1935 dicendi
1448 1895 1509 1935 vis
1532 1903 1576 1934 et

138 1955 314 1996 inventa
345 1966 406 1995 est
431 1965 473 1996 et
495 1955 709 2011 perfecta:
742 1956 785 1996 in
817 1955 897 1995 hac
929 1956 1019 2010 ipsa
1044 1954 1219 1994 civitate
1243 1952 1437 2008 profecto
1461 1951 1576 1992 nulla

137 2027 341 2067 umquam
376 2013 683 2064 vehementius,
710 2027 837 2068 quam
868 2011 1125 2066 eloquentiae
1158 2011 1299 2051 studia
1327 2009 1572 2064 viguerunt.

139 2069 252 2110 Nam
293 2079 587 2125 posteaquam,
631 2070 811 2125 imperio
849 2070 1042 2110 omnium
1082 2069 1277 2124 gentium
1319 2066 1572 2116 constituto,
1587 2074 1635 2108 14

134 2126 392 2167 diuturnitas
415 2129 531 2183 pacis
559 2127 695 2167 otium
718 2126 1004 2176 confirmavit,
1037 2140 1162 2166 nemo
1186 2124 1274 2165 fere
1295 2124 1430 2165 laudis
1453 2123 1574 2179 cupi-

136 2183 214 2224 dus
228 2184 472 2225 adolescens
493 2199 577 2225 non
602 2185 680 2225 sibi
705 2185 754 2225 ad
771 2184 998 2226 dicendum
1022 2183 1164 2223 studio
1187 2182 1304 2223 omni
1326 2180 1576 2222 enitendum

137 2242 320 2296 putavit.
381 2241 445 2282 Ac
469 2243 607 2297 primo
631 2241 804 2296 quidem
829 2244 846 2272 8
862 2241 993 2282 totius
1017 2240 1194 2281 rationis
1227 2238 1382 2295 ignari,
1404 2236 1477 2293 qui
1500 2252 1576 2278 ne-

134 2312 217 2352 que
250 2300 572 2339 exercitationis
603 2299 730 2339 ullam
767 2299 894 2348 viam,
930 2311 1068 2352 neque
1102 2297 1274 2352 aliquod
1309 2305 1575 2351 praeceptum

135 2356 236 2395 artis
254 2370 345 2396 esse
367 2357 688 2406 arbitrarentur,
712 2366 894 2405 tantum,
914 2364 1120 2410 quantum
1146 2354 1321 2409 ingenio
1344 2363 1387 2393 et
1408 2353 1575 2407 cogita-

135 2411 253 2453 tione
285 2423 497 2469 poterant,
528 2414 917 2467 consequebantur.
977 2412 1083 2453 Post
1103 2422 1262 2462 autem,
1292 2410 1450 2451 auditis
1480 2423 1576 2450 ora-

177 2543 195 2571 5
219 2541 368 2573 Scientioe
383 2543 601 2583 cogitatione]
618 2544 682 2575 Pro
695 2543 831 2573 scientia
872 2546 1022 2580 tumque,
1047 2542 1133 2571 sicut
1155 2544 1214 2576 est,
1230 2550 1247 2570 e
1262 2539 1380 2569 vitiosa
1403 2539 1575 2578 interpun-

136 2586 167 2612 et
181 2585 384 2622 cogitatione,
398 2585 484 2624 quod
496 2592 529 2616 et
545 2586 619 2616 libri
630 2585 761 2625 quidam
775 2584 831 2615 ha·
874 2584 996 2620 ctione,
1011 2594 1084 2623 quae
1100 2588 1260 2623 punctum
1283 2588 1357 2621 post
1374 2579 1574 2620 disjunctum

138 2623 234 2662 bent;
258 2626 342 2657 forte
357 2628 486 2657 rectius.
874 2631 1024 2666 poneret,
1040 2636 1114 2655 cum
1133 2626 1239 2654 minor
1250 2634 1318 2653 esse
1333 2624 1477 2659 deberet,
1490 2622 1574 2652 utin

178 2667 198 2696 6
219 2667 404 2699 Exstteisse.
427 2670 557 2710 Aequa]
586 2671 638 2700 Sic
661 2670 832 2710 interpun—
876 2669 925 2698 ed.
939 2679 962 2698 s.
979 2668 999 2698 l.
1015 2675 1048 2698 et
1064 2678 1092 2697 a.
1105 2667 1191 2707 Lips.
1207 2672 1241 2696 et
1255 2666 1320 2696 Ms.
1336 2665 1405 2695 Erl.

136 2708 292 2747 gendum,
308 2716 347 2741 ut
372 2712 407 2741 in
434 2712 498 2743 Ms.
526 2713 564 2743 E.
584 2713 633 2743 ed.
656 2722 682 2743 S.
704 2712 727 2742 l.
751 2717 785 2742 et
804 2722 833 2744 a.
920 2714 937 2742 8
964 2710 1076 2741 Totius
1090 2710 1228 2739 raticmis
1248 2707 1387 2747 ignari]
1414 2707 1435 2737 i.
1450 2717 1479 2736 e.
1494 2706 1574 2736 artis

134 2749 225 2790 LiPS·
875 2751 1016 2788 dicendi,
1052 2761 1125 2790 quae
1161 2751 1334 2791 praeeeptis
1369 2750 1573 2780 continetur.

178 2796 196 2825 7
221 2793 408 2825 Maximum
423 2796 489 2835 sit]
505 2798 568 2827 Pro
584 2801 629 2827 est
641 2807 680 2826 ex
692 2796 765 2827 edd.
782 2805 831 2835 pr.
876 2795 927 2825 W.
945 2794 1032 2825 dedit
1047 2795 1213 2829 orationis,
1235 2794 1363 2828 vitiose,
1377 2796 1416 2821 ut
1430 2791 1518 2831 Lips.
1540 2794 1574 2820 et

135 2833 310 2874 plerisque:
335 2846 408 2867 nam
439 2840 666 2878 conjunctivus
694 2839 831 2877 requiri·
875 2837 931 2867 alii
954 2837 1029 2867 libri
1058 2836 1144 2866 alibi.
1189 2835 1270 2865 Mox
1299 2834 1503 2872 cogitatione,
1525 2836 1580 2865 ess

132 2880 198 2907 tur.
241 2878 304 2908 Sed
314 2878 449 2910 fortasse
463 2881 559 2922 plane
574 2881 762 2918 delendum,
779 2890 830 2910 01·-
875 2878 1157 2910 commentatione
1172 2883 1206 2908 et
1218 2876 1463 2908 exercitatione.

811 2926 888 2974 93
