1945 3235
575 116 764 156 LIBER
794 115 1068 156 TERTIUS.
1501 122 1552 158 65

103 222 230 275 nerit,
253 231 328 265 aut
349 223 547 266 doctrina
567 222 779 278 primum:
805 222 876 262 sed
896 235 1037 262 rerum
1060 221 1276 276 principia
1296 221 1351 262 ab
1374 222 1551 279 ingenio

106 282 305 338 profecta
323 289 435 332 sunt,
460 283 477 311 5
492 289 535 320 et
552 279 696 320 exitus
715 279 946 334 disciplina
966 287 1286 333 comparantur.
1331 277 1549 336 Imagines
1561 291 1615 331 37·

106 339 241 395 igitur
270 354 347 380 nos
378 340 421 380 in
454 352 506 378 eo
534 351 691 393 genere
721 337 984 378 constituere
1014 335 1249 391 oportebit,
1271 336 1388 389 quod
1415 352 1551 392 genus

103 410 277 439 manere
308 397 350 437 in
380 395 589 435 memoria
612 394 854 435 diutissime
884 401 1042 449 potest.
1073 392 1117 433 id
1151 392 1334 442 accidet,
1358 393 1391 432 si
1421 410 1553 448 quam

104 454 297 495 maxime
318 461 441 493 notas
465 452 768 492 similitudines
788 450 1125 492 constituemus:
1147 450 1282 490 sinon
1302 458 1458 501 mutas,
1472 466 1554 493 nec

108 525 256 565 vagas,
281 511 352 552 sed
376 509 570 564 6aliquid
593 518 770 565 agentes
786 508 996 564 imagines
1012 521 1248 563 ponemus:
1273 506 1307 546 si
1330 508 1552 563 egregiam

106 565 488 624 pulcl‘iritudinem,
512 575 588 607 aut
610 566 784 608 unicam
808 566 1123 621 turpitudinem
1154 565 1214 605 eis
1237 564 1551 607 attribuemus:

106 624 140 665 si
164 625 307 680 aliqua
328 639 371 665 re
393 623 719 675 exornabimus,
743 632 792 664 ut
814 623 848 664 si
874 623 1062 674 coronis,
1085 631 1161 663 aut
1182 630 1300 662 veste
1323 636 1553 678 purpurea,

104 696 191 736 quo
212 682 337 723 nobis
366 681 558 722 notatior
589 681 643 722 sit
673 681 936 722 similitudo:
958 690 1032 720 aut
1060 680 1093 720 si
1116 694 1202 735 qua
1224 694 1267 719 re
1289 679 1552 720 deformabi-

103 753 214 790 mus,
237 747 285 780 ut
307 739 341 780 si
364 748 603 791 cruentam,
626 747 701 780 aut
725 753 855 780 coeno
878 738 1075 788 oblitam,
1099 747 1173 778 aut
1196 737 1367 777 rubrica
1385 736 1551 778 delibu-

104 805 189 836 tam
220 796 488 848 inducemus,
510 812 597 852 quo
620 797 760 853 magis
783 796 993 852 insignita
1015 795 1070 835 sit
1099 795 1260 836 forma:
1286 803 1361 835 aut
1391 795 1424 836 si
1448 795 1552 836 ridi-

101 853 218 894 culas
238 868 303 894 res
325 854 489 910 aliquas
507 854 771 911 imaginibus
795 855 1096 895 attribuemus.
1117 867 1217 894 nam
1237 866 1287 893 ea
1300 867 1365 892 res
1378 867 1552 907 quoque

100 909 246 962 faciet,
270 920 317 953 ut
339 911 507 953 facilius
529 912 777 953 meminisse
795 911 1025 967 possimus.
1069 911 1199 962 Nam,
1218 924 1323 965 quas
1347 924 1412 950 res
1432 924 1553 952 veras

101 966 228 1010 facile
249 969 541 1021 meminimus,
563 970 735 1010 easdem
757 969 879 1010 fictas
901 978 944 1009 et
966 968 1197 1024 diligenter
1210 976 1381 1008 notatas
1399 968 1553 1008 memi-

100 1025 215 1067 nisse
242 1042 328 1068 non
353 1036 418 1068 est
439 1027 631 1068 difficile.
694 1027 778 1068 Sed
802 1026 905 1067 illud
930 1026 1071 1067 facere
1102 1025 1338 1081 oportebit,
1361 1032 1410 1065 ut
1432 1025 1552 1066 iden-

100 1083 235 1125 tidem
259 1085 421 1141 primos
440 1100 634 1140 quosque
656 1084 774 1125 locos
795 1084 1035 1140 imaginum
1054 1082 1399 1125 renovandarum
1422 1098 1553 1124 causa

99 1141 295 1183 celeriter
312 1143 457 1183 animo
481 1157 794 1199 percurramus

163 1199 278 1251 Scio,
301 1200 527 1256 plerosque
550 1200 746 1251 Graecos,
777 1199 851 1255 qui
879 1198 932 1240 de
953 1198 1164 1239 memoria
1185 1198 1464 1254 scripserunt,
1487 1197 1549 1240 fe·
1561 1200 1632 1248 23

102 1256 225 1308 cisse,
254 1266 301 1298 ut
330 1257 565 1299 multorum
596 1258 827 1299 verborum
859 1256 1070 1312 imagines
1103 1256 1443 1307 conscriberent,
1469 1257 1612 1309 uti,33

100 1318 118 1348 7
143 1315 215 1370 qui
236 1330 305 1356 cas
323 1315 513 1356 ediscere
536 1315 708 1366 vellent,
731 1323 902 1371 paratas
922 1314 1147 1365 haberent,
1168 1328 1223 1354 ne
1241 1313 1346 1368 quid
1366 1313 1411 1354 in
1430 1328 1550 1368 quae-

101 1372 234 1412 rendo
268 1387 411 1428 operae
443 1383 763 1414 consumerent.
827 1373 1028 1420 Quorum
1054 1372 1269 1412 rationem
1298 1371 1465 1426 aliquot
1497 1372 1551 1412 de

98 1429 238 1470 causis
272 1429 594 1486 improbamus:
626 1431 830 1487 primum,
864 1431 983 1486 quod
1013 1430 1058 1471 in
1088 1429 1322 1470 verborum
1353 1429 1553 1470 innume-

98 1486 299 1528 rabilium
317 1488 597 1530 multitudine
618 1489 849 1535 ridiculum
873 1488 943 1539 sit,
961 1488 1078 1529 mille
1092 1487 1323 1530 verborum
1338 1487 1550 1542 imagines

98 1558 363 1601 comparare.
426 1546 700 1593 Quantulum
718 1547 834 1588 enim
854 1554 1061 1603 poterunt
1079 1545 1174 1585 haec
1198 1545 1353 1595 valere,
1372 1559 1472 1585 cum
1495 1560 1551 1586 ex

98 1600 270 1644 infinita
291 1604 521 1645 verborum
535 1604 677 1661 copia,
695 1605 827 1646 modo
839 1603 970 1654 aliud,
987 1602 1118 1644 modo
1138 1602 1254 1643 aliud
1277 1617 1354 1643 nos
1371 1603 1552 1643 verbum

96 1660 346 1703 meminisse
385 1663 632 1718 oportebit?
682 1661 855 1704 Deinde
893 1676 971 1703 cur
1006 1660 1204 1702 volumus
1245 1660 1299 1700 ab
1340 1659 1553 1701 industria

97 1731 361 1774 quemquam
380 1734 615 1772 removere,
638 1727 688 1761 ut
708 1735 763 1761 ne
785 1719 889 1776 quid
910 1720 1002 1775 ipse
1024 1727 1206 1774 quaerat,
1232 1720 1249 1748 8
1264 1732 1364 1759 cum
1388 1732 1466 1758 nos
1490 1718 1551 1759 illi

96 1776 245 1817 omnia
266 1785 416 1833 parata
448 1778 718 1835 quaesitaque
742 1778 987 1819 tradamus?
1021 1776 1240 1817 Praeterea
1265 1775 1551 1816 similitudine

97 1832 181 1873 alia
210 1833 318 1874 alius
349 1836 489 1892 magis
521 1845 836 1877 commovetur.
899 1835 1014 1876 Nam
1050 1844 1099 1875 ut
1134 1847 1264 1889 saepe,
1298 1832 1484 1874 formam
1516 1834 1549 1873 si

96 1905 227 1946 quam
250 1892 433 1934 similem
455 1893 646 1949 cuipiam
668 1893 906 1935 dixerimus
925 1907 1032 1943 esse,
1057 1906 1141 1932 non
1166 1904 1316 1931 omnes
1339 1890 1550 1947 habemus

95 1962 352 2001 assensores,
375 1951 490 2006 quod
512 1951 583 1991 alii
603 1951 773 1993 videtur
795 1951 933 1992 aliud:
958 1951 1019 1990 ita
1041 1950 1096 1989 sit
1115 1949 1159 1989 in
1182 1948 1462 2004 imaginibus,
1486 1957 1549 2000 ut,

94 2010 114 2039 9
138 2021 235 2062 quae
275 2008 402 2049 nobis
433 2008 665 2064 diligenter
697 2018 861 2050 notatae
897 2009 998 2059 sint,
1031 2021 1094 2048 eae
1128 2021 1281 2062 parum
1320 2006 1551 2047 videantur

94 2061 286 2120 insignes
308 2065 416 2106 aliis.
479 2066 626 2113 Quare
646 2067 728 2108 sibi
751 2080 967 2122 quemque
990 2080 1068 2106 suo
1086 2064 1319 2105 commodo
1343 2064 1611 2118 convenit39

94 2120 305 2180 imagines
348 2138 614 2180 comparare.
683 2124 912 2166 Postremo
946 2122 1229 2180 p1·aeeept0ris
1269 2130 1335 2162 est
1377 2121 1547 2173 docere,

93 2180 460 2234 quemadmodum
482 2182 619 2238 quaeri
642 2183 832 2238 quidque
863 2181 1110 2231 conveniat,
1133 2189 1176 2220 et
1199 2194 1333 2220 unum
1357 2179 1548 2234 aliquod,

93 2245 168 2277 aut
190 2237 387 2291 alterum,
409 2254 498 2280 non
531 2240 693 2291 omnia,
723 2255 821 2295 quae
853 2239 947 2295 ejus
982 2238 1153 2295 generis
1184 2245 1326 2288 erunt,
1357 2238 1548 2293 exempli

92 2309 222 2336 causa
243 2296 472 2352 subjicere,
495 2313 581 2354 quo
610 2312 675 2339 res
708 2298 846 2354 possit
870 2311 961 2338 esse
983 2295 1229 2338 dilucidior.
1292 2295 1354 2337 Ut
1377 2309 1476 2335 cum
1496 2295 1550 2336 de

92 2354 320 2408 prooemiis
342 2356 586 2410 quaerendis
605 2356 893 2412 disputamus,
909 2355 1120 2396 rationem
1143 2353 1296 2394 damus
1310 2353 1593 2408 quaerendim.

91 2424 177 2451 non
201 2411 318 2452 mille
340 2413 654 2469 prooemiorum
669 2428 829 2469 genera
841 2412 1181 2454 conscribimus:
1207 2411 1268 2451 ita
1289 2411 1549 2453 arbitramur

92 2466 145 2508 de
164 2468 428 2526 imaginibus
453 2471 544 2512 fieri
568 2471 816 2512 convenire.

133 2617 152 2645 5
176 2616 226 2647 Et
237 2618 368 2658 exitus]
398 2619 448 2650 Ec
460 2619 647 2650 deleverim.
842 2618 891 2649 ed.
911 2620 1001 2652 1474.
1017 2621 1050 2648 et
1065 2616 1139 2647 alim
1154 2619 1237 2646 vott.

132 2658 152 2687 6
164 2659 299 2699 Aliquid
305 2662 463 2701 agentes]
476 2663 591 2694 Delevi
602 2668 714 2693 notum
724 2665 797 2702 post
884 2665 904 2696 9
927 2662 1012 2701 ‚Quce
1035 2661 1123 2690 nobis
1148 2660 1324 2698 diligenter
1342 2664 1425 2689 ποθῶ
1444 2660 1546 2699 suntsi

90 2700 226 2739 aliquid.
270 2703 370 2734 Abest
385 2715 404 2734 a
418 2705 497 2735 Mss.
513 2710 547 2735 et
562 2705 633 2736 edd.
649 2715 697 2746 pr.
842 2703 918 2733 Sine
933 2703 1031 2733 dubio
1047 2701 1224 2742 legendiun
1238 2706 1367 2732 notam.
1395 2701 1423 2731 l&
1431 2712 1483 2731 am
1501 2702 1548 2732 dg-

134 2745 153 2775 7
181 2743 252 2784 ,Qui
280 2755 342 2776 eas·
358 2747 521 2788 ediscere.]
563 2747 666 2780 Abest
693 2758 750 2778 ests
778 2757 797 2778 a
842 2747 982 2785 ligenter
1001 2750 1116 2775 notum
1139 2743 1222 2775 nihil
1237 2743 1402 2774 commodi
1425 2745 1551 2783 signifi-

91 2783 171 2815 Mss.
189 2786 335 2826 pluribus
358 2794 392 2820 et
414 2790 463 2820 ed.
481 2790 570 2822 Med.
588 2791 705 2832 prima.
728 2799 796 2821 non
840 2799 914 2819 care
925 2793 1045 2828 potest.
1070 2788 1122 2817 Sic
1136 2797 1207 2827 cap.
1223 2796 1330 2827 super.
1341 2792 1423 2818 extr.
1438 2796 1487 2818 res
1501 2787 1551 2818 di-

92 2826 190 2857 male·
841 2832 982 2870 ligenter
996 2834 1116 2861 notata
1128 2833 1320 2862 occurrunt.

132 2872 151 2900 8
181 2870 261 2900 Cum
285 2882 341 2903 nos
358 2873 435 2915 im]
469 2875 540 2908 Nos
567 2875 693 2907 addunt
716 2874 796 2906 Mss.

152 2937 260 2966 vor„
279 2939 311 2967 1.
835 2941 859 2969 ¹*
