1945 3235
662 104 957 143 ORATOR.
1460 110 1538 150 547

92 203 364 265 Stilphonem,
392 209 576 266 inquam,
606 207 810 251 noveras?
845 207 948 259 Stet,
976 207 1151 263 plenum
1182 219 1267 255 est:
1298 213 1366 266 sit,
1395 211 1538 255 immi-

86 274 269 310 nutum:
302 267 404 310 licet
426 277 546 309 utare
568 275 766 323 utroque.
790 280 893 322 ergo
917 265 1094 317 ibidem,

247 341 367 384 Quam
385 355 472 379 cara
487 344 574 384 sint,
595 354 674 390 quae
687 345 773 389 post
789 341 944 376 carendo
961 340 1185 388 intelligunt,

247 395 437 444 Quamque
453 396 636 432 attinendi
652 395 778 441 magni
794 394 1001 429 dominatus
1017 394 1122 430 sient.

91 460 186 504 Nec
208 477 310 504 vero
332 461 694 519 reprehenderim,

304 536 508 591 &apsa-e
538 533 616 575 aliz·
648 547 746 575 rem.
783 542 825 575 et
852 535 1111 590 scripserunt,
1143 549 1236 577 esse
1265 536 1406 578 verius
1445 552 1539 580 sen.

86 592 176 638 tio:
208 595 282 638 sed
306 591 608 636 consuetudini
631 591 806 632 auribus
828 592 1071 649 indulgenti
1102 593 1286 635 libenter
1307 596 1537 651 obsequor.

88 650 208 694 Idem
227 665 390 706 campus
408 649 545 701 habet,
567 649 711 705 inquit
734 648 899 691 Ennius
916 667 925 691 :
957 659 1015 700 et,
1032 649 1087 691 In
1106 650 1264 708 templis
1282 652 1417 704 isdem,
1437 668 1536 710 pro-

86 709 223 751 bavit.
281 709 357 758 At,
378 706 536 757 eisdem,
559 716 650 748 erat
672 707 837 749 verius:
870 722 949 749 nec
972 718 1131 760 tamen,
1150 708 1308 761 eisdem,
1330 711 1534 766 opimius.

84 767 197 808 male
229 766 425 816 sonabat,
450 764 604 806 iisdem.
665 763 950 821 Impetratum
983 775 1048 807 est
1078 781 1103 806 a
1125 768 1454 819 consuetudine,
1487 778 1578 810 utP·
1596 772 1668 801 212·

85 838 265 880 peecare
297 822 522 865 suavitatis
545 837 674 864 causa
703 823 875 864 liceret:
908 833 951 863 et
981 825 1022 854 ‘24
1029 824 1334 878 pomeridianas
1365 825 1534 882 quadri·
1546 821 1575 841 ἃ·

80 896 171 938 gaS,
198 896 329 938 quam
356 879 713 937 postmeridianas,
741 879 946 922 libentius
982 881 1194 935 dixerim3
1226 895 1269 923 et
1300 882 1535 936 mehercule,

84 953 216 994 quam
237 938 490 981 mehercules.
544 937 641 979 Non
660 938 761 979 scire
780 938 951 994 quidem
977 939 1206 981 barbarum
1223 941 1316 997 jam
1342 941 1532 984 videtur:

82 996 248 1049 nescire,
290 997 472 1039 dulcius.
531 997 572 1028 25
588 996 738 1053 Ipsum
779 996 1001 1047 meridiem,
1040 1011 1116 1038 cur
1167 1013 1253 1039 non
1295 998 1538 1041 medidiem?

84 1054 230 1106 credo,
263 1055 380 1111 quod
415 1063 505 1096 erat
543 1053 778 1095 insuavius.
839 1054 992 1097 26Una
1030 1056 1283 1112 praepositio
1315 1066 1394 1108 est,
1429 1070 1626 1110 ABS,158

85 1126 222 1168 eaque
243 1128 359 1154 nunc
381 1122 550 1154 tantum
573 1112 616 1153 in
640 1111 807 1168 accepti
831 1111 989 1154 tabulis
1012 1123 1181 1165 manet3
1213 1117 1252 1147 27
1267 1129 1321 1156 ne
1352 1115 1418 1156 his
1443 1117 1540 1172 qui-

87 1169 186 1210 dem
209 1171 429 1213 omnium:
462 1170 506 1211 in
538 1169 703 1226 reliquo
735 1185 931 1212 sermone
962 1180 1129 1212 mutata
1150 1180 1227 1212 est.
1291 1173 1406 1214 Nam
1428 1188 1540 1216 amo-

87 1226 378 1280 vitdicimus,
401 1238 445 1270 et
465 1228 618 1286 abegit,
641 1237 685 1268 et
713 1227 898 1280 abstulit,
927 1238 974 1270 ut
999 1228 1094 1283 jam
1127 1230 1306 1282 nescias,
1329 1231 1439 1272 abne
1470 1246 1542 1273 ve-

88 1299 184 1326 rum
208 1286 277 1338 sit,
300 1302 354 1328 an
376 1287 461 1328 abs.
524 1287 642 1334 Quid
666 1285 700 1326 si
723 1286 853 1327 etiam
876 1284 1045 1343 abfugit
1067 1296 1192 1343 turpe
1216 1288 1355 1330 visum
1377 1299 1467 1342 est3
1499 1300 1544 1331 et

85 1341 208 1399 alffer
237 1344 482 1396 noluerunt,
513 1341 634 1400 aufer
667 1343 937 1386 maluerunt?
969 1359 1066 1400 quae
1100 1346 1352 1401 praepositio
1386 1357 1543 1402 praeter

86 1399 184 1442 haec
206 1401 293 1444 duo
315 1403 460 1454 verba,
482 1403 599 1443 nullo
621 1401 705 1442 alio
728 1402 772 1442 in
796 1402 928 1443 verbo
950 1405 990 1433 28
1003 1402 1228 1458 reperitur.
1279 1403 1384 1445 Noti
1404 1416 1542 1458 erant,

86 1468 132 1499 et
152 1459 266 1512 navi,
287 1469 331 1501 et
360 1459 469 1510 nari,
491 1460 649 1516 quibus
671 1474 769 1501 cum
805 1473 856 1501 IN
894 1460 1090 1516 praeponi
1114 1469 1350 1516 oporteret,
1372 1462 1540 1505 dulcius

86 1515 227 1558 visum
247 1526 329 1571 est,
349 1517 367 1559 i
419 1516 498 1570 oti,
519 1517 677 1575 ignavi,
699 1517 840 1574 ignari
862 1517 1020 1569 dicere,
1042 1533 1172 1574 quam
1203 1529 1252 1560 ut
1275 1520 1431 1562 veritas
1462 1536 1540 1577 po—

84 1573 289 1617 stulabat.
350 1532 422 1617 {ii
448 1590 523 1616 usu
544 1576 710 1626 dicunt,
732 1584 776 1616 et
798 1589 817 1615 e
839 1574 1062 1631 republica,
1084 1576 1201 1632 quod
1234 1577 1276 1618 in
1308 1578 1442 1619 altero
1465 1594 1541 1620 vo-

85 1631 190 1674 calis
211 1632 476 1689 excipiebat,
507 1633 553 1674 in
583 1633 717 1674 altero
738 1642 850 1674 esset
881 1633 1103 1690 asperitas,
1135 1634 1217 1675 nisi
1251 1635 1439 1677 litteram
1471 1651 1541 1678 su-

87 1689 304 1744 stulisses3
336 1700 400 1743 ut,
416 1691 563 1748 exegit,
585 1690 728 1742 edixit,
749 1693 789 1725 29
801 1689 944 1746 effecit,
967 1690 1128 1742 extulit,
1147 1691 1300 1734 edidit:
1331 1696 1372 1724 30
1385 1693 1540 1750 adjun-

85 1747 147 1789 oti
171 1748 290 1790 verbi
313 1749 497 1805 primam
519 1749 707 1790 litteram
728 1749 982 1805 praepositio
1001 1751 1312 1802 commutavit3
1346 1760 1394 1792 ut
1413 1751 1539 1808 suffu-

82 1804 163 1862 git,
193 1806 471 1858 summutavit,
490 1805 668 1849 sustulit.
727 1809 763 1837 3¹
783 1807 903 1854 Quid
934 1807 978 1848 in
1011 1809 1152 1850 verbis
1176 1808 1376 1864 junctis?
1407 1812 1621 1866 quam48

82 1863 194 1905 scite
222 1863 491 1920 insipientem,
521 1880 609 1907 non
638 1862 934 1919 insapientem?
962 1865 1164 1921 iniquum,
1195 1882 1280 1908 non
1303 1867 1539 1924 inaequum?
1554 1888 1627 1923 159

87 1921 324 1978 tricipitem,
343 1938 433 1966 non
449 1921 714 1979 tricapitem?
745 1922 959 1976 concisum,
979 1938 1066 1965 non
1082 1923 1330 1967 concaesmn?
1361 1925 1430 1968 Ex
1453 1941 1539 1982 quo

129 2067 173 2098 24
187 2066 436 2106 pomeridianas
447 2063 643 2107 quadrigas]
657 2063 792 2097 v.Clav.
835 2065 993 2106 exemplis
1016 2067 1205 2107 propositis,
1233 2076 1293 2097 nec
1319 2067 1355 2098 in
1377 2067 1545 2107 sequenti-

87 2109 122 2140 in
136 2110 325 2148 postmerid-

836 2107 918 2146 bus,
946 2109 982 2139 in
1002 2109 1120 2149 quibus
1142 2110 1253 2150 potius
1279 2109 1430 2150 adjuncti
1454 2111 1544 2142 verbi

131 2154 172 2183 25
196 2152 311 2192 Ipsum
332 2151 464 2191 merid.]
497 2152 606 2191 Ipsum
621 2159 689 2182 non
703 2160 793 2182 com·
829 2152 947 2191 prima
963 2153 1060 2182 litera
1076 2153 1337 2193 praepositionem
1360 2158 1542 2184 eommuta-

88 2194 225 2225 modum
240 2200 302 2226 est.
346 2195 397 2226 An
410 2195 474 2225 fuit
486 2195 564 2225 ite-m
577 2194 594 2224 ‚7

130 2237 173 2268 26
200 2237 276 2268 Una
295 2248 352 2277 pr.
381 2242 428 2268 est
449 2237 530 2277 Abs]
556 2236 609 2267 Sic
632 2235 792 2266 edidimus

87 2288 149 2320 pro
163 2280 226 2317 Ab,
241 2290 318 2311 cum
332 2281 372 2311 R.
396 2280 510 2320 Steph.
527 2279 643 2310 Lamb.
660 2283 693 2308 et
708 2279 792 2309 aliis.

90 2322 180 2361 quod
193 2329 227 2353 et
248 2323 395 2354 defendit
415 2323 578 2353 Gesnerus
594 2322 629 2352 in
643 2321 743 2353 Thes.
759 2326 794 2352 et

89 2365 136 2395 sic
151 2376 203 2406 ap.
216 2369 332 2405 potetas
346 2366 546 2405 antiquiores
569 2364 678 2395 Plaut.
694 2363 792 2395 Lucr.

91 2407 175 2439 Edd.
191 2408 274 2439 Veri.
290 2408 379 2450 Lips.
393 2408 490 2449 plane
504 2408 678 2438 omittunt.

132 2453 173 2484 27
208 2461 250 2481 ne
284 2452 335 2482 his
366 2452 496 2491 quidem
531 2450 692 2490 omnium]
730 2449 792 2481 Ed.

90 2491 180 2525 Med.
201 2493 275 2525 Asc.
295 2497 323 2525 1.
345 2494 436 2534 Lips.
455 2494 550 2524 aeneis
571 2493 709 2533 quidem.
754 2493 793 2524 Id

90 2535 216 2568 {actum
231 2537 362 2568 videtur
375 2547 415 2567 ex
429 2547 470 2567 ac
481 2546 522 2566 ne
535 2536 584 2566 his
595 2546 625 2576 q.

135 2581 177 2611 28
198 2579 378 2620 reperitur]
403 2579 464 2610 Ed.
478 2580 564 2610 Ven.
581 2578 776 2619 reperietur.

135 2624 177 2656 29
197 2620 318 2662 effecit,
340 2623 472 2660 extulit,
495 2621 611 2660 edidit]
644 2621 697 2653 Sic
719 2631 796 2651 eum

91 2662 258 2695 Lambino
271 2665 444 2702 edidimus,
465 2673 665 2705 quamquam
681 2668 799 2694 contra

92 2704 206 2743 libros,
230 2707 265 2738 in
286 2707 403 2748 quibus
431 2713 493 2746 est,
521 2706 649 2748 refecit,
668 2707 796 2742 retulit,

92 2750 248 2783 reddidit.
272 2760 350 2782 nam
367 2761 474 2782 sermo
488 2756 539 2781 est
553 2749 592 2781 de
607 2749 798 2789 compositis

92 2802 111 2823 e
125 2794 361 2834 praepositione
375 2804 425 2825 ex.

136 2839 178 2868 30
199 2836 351 2877 ach'uucec'
364 2837 454 2868 verbi
464 2835 613 2876 primam
637 2836 658 2866 l.
669 2843 797 2875 proepo-

88 2880 168 2911 sitio
188 2879 416 2919 commutavit]
441 2880 484 2910 At
509 2878 572 2909 hoe
594 2887 663 2908 non
684 2881 734 2908 est
762 2877 798 2907 in

834 2194 895 2231 vit,
912 2200 949 2224 ut
974 2205 990 2225 e
1007 2204 1072 2235 rep.
1087 2205 1126 2225 es
1147 2205 1222 2232 risu,
1235 2194 1344 2237 effecit
1361 2197 1419 2226 διο.
1433 2207 1451 2226 e
1465 2197 1541 2227 sub-

835 2241 926 2266 muto
948 2237 1044 2268 fieret
1068 2243 1247 2275 Summum,
1270 2249 1287 2268 e
1312 2239 1462 2275 subrutae,
1487 2249 1541 2269 su-

834 2280 938 2309 stulit.
964 2279 1053 2319 Ergo
1063 2281 1163 2311 etiam
1175 2281 1220 2311 sic
1231 2280 1322 2310 locus
1331 2281 1542 2320 corrigendus

836 2321 975 2352 videtur.
1021 2324 1178 2354 Ceterum
1203 2323 1393 2363 exemplum
1415 2324 1542 2363 subegit

835 2371 914 2395 ante
931 2366 1163 2402 summutavit,
1179 2365 1267 2405 quod
1281 2366 1316 2395 in
1334 2366 1481 2404 mig-atis
1493 2376 1543 2396 re-

835 2407 975 2447 peritur,
989 2413 1039 2438 est
1053 2407 1212 2445 alienum,
1229 2409 1262 2438 in
1276 2418 1340 2447 quo
1353 2409 1543 2449 praepositio

837 2450 920 2480 nihil
935 2455 1056 2481 mutat.
1073 2461 1112 2480 ex
1127 2450 1177 2481 ed.
1191 2450 1282 2490 Lips.
1297 2450 1370 2480 dedi
1383 2448 1542 2492 suffugit,

836 2502 911 2531 quae
933 2498 967 2524 et
991 2494 1168 2524 summovit
1192 2493 1292 2524 habet
1310 2503 1370 2534 pro
1393 2503 1543 2525 summu-

837 2536 932 2566 tavit.

879 2580 918 2608 31
943 2577 1038 2619 Quid
1048 2578 1084 2608 in
1097 2587 1127 2607 v.
1137 2575 1268 2618 junctis
1277 2577 1309 2617 .·⁷]
1331 2577 1386 2608 An
1398 2588 1476 2609 vero
1488 2589 1543 2609 ex-

837 2620 948 2661 empla
962 2620 1182 2661 praecedentia
1196 2621 1305 2659 exegit
1322 2621 1382 2651 ἃς.
1397 2620 1544 2661 suffugit

840 2663 899 2694 διο.
916 2673 983 2693 non
999 2661 1223 2703 suntjuncta,
1238 2664 1262 2694 i.
1279 2673 1308 2694 e.
1330 2664 1539 2704 composita?

838 2705 963 2736 Vereor
975 2716 1016 2736 ne
1031 2706 1123 2736 locus
1137 2706 1180 2736 sit
1195 2704 1426 2746 interpolatus,
1455 2706 1543 2737 Nam

840 2749 978 2779 omnino
999 2753 1090 2779 totus
1113 2747 1167 2779 hie
1181 2748 1272 2779 locus
1294 2749 1330 2779 in
1343 2747 1435 2780 libris
1456 2749 1544 2779 anti-

841 2791 912 2830 quis
935 2801 996 2822 scr.
1022 2797 1057 2822 et
1082 2790 1155 2821 edd.
1178 2791 1227 2822 ita
1252 2790 1341 2821 varie
1364 2797 1399 2822 et
1427 2791 1544 2823 vitiose

839 2833 981 2875 scriptus
995 2840 1059 2872 est,
1075 2838 1115 2864 ut
1130 2833 1215 2864 nihil
1229 2843 1342 2874 supra.

757 2924 887 2961 NnQ-
