1945 3235
357 125 437 160 206
888 124 970 162 DE
1005 125 1288 166 ORATORE

360 223 573 265 subtiliter
596 225 710 269 visus
738 242 797 280 es,
821 235 910 270 tum
941 228 1113 272 laudare
1134 232 1454 288 copiosissime:
1485 233 1601 288 quod
1622 234 1797 290 quidem,

360 281 632 337 eloquentem
662 283 727 325 vel
749 285 912 341 optime
934 285 1074 328 facere
1104 298 1290 344 oportet,
1311 300 1360 331 ut
1391 289 1678 345 eloquentiam
1705 291 1797 336 lau-.-

362 338 448 379 det.
479 338 608 381 debet
629 340 743 392 enim
764 342 816 384 ad
847 357 941 384 eam
971 341 1241 397 laudandam,
1274 346 1408 403 ipsam
1434 346 1549 388 illam
1578 347 1797 398 adhibere,

364 409 494 451 quam
529 396 688 439 laudat.
748 398 831 440 Sed
860 415 989 457 perge
1025 416 1175 457 porro:
1209 403 1286 444 tibi
1321 405 1435 445 enim
1474 404 1695 456 assentior,
1729 419 1799 446 ve-

364 462 499 499 strum
528 468 618 496 esse
645 454 729 497 hoc
763 466 917 508 totum,
949 457 1104 500 diserte
1136 459 1290 511 dicere,
1324 461 1451 517 idque
1473 461 1506 502 si
1529 461 1628 518 quis.
1655 461 1696 502 in
1719 460 1802 502 alia

363 518 454 550 arte
473 508 617 561 faciat,
635 526 732 553 eum
755 524 942 554 assumto
965 514 1135 556 aliunde
1156 518 1219 558 uti
1242 513 1371 569 bono,
1395 532 1480 558 non
1505 516 1692 574 proprio,
1717 532 1796 560 nee

300 575 352 609 40
364 582 456 615 suo.
519 567 573 609 Et
596 568 788 620 Crassus,
811 570 912 612 Nox
943 580 998 622 te,
1021 571 1174 627 inquit,
1206 575 1346 626 nobis,
1371 575 1548 626 Antoni,
1567 574 1796 630 expolivit,

362 622 666 680 hominemque
699 626 896 668 reddidit.
930 642 1030 668 nam
1062 627 1260 672 hesterno
1294 646 1501 682 sermone,
1523 633 1563 666 29
1581 633 1702 673 unius
1721 647 1797 674 cu-

353 680 529 735 jusdam
560 682 714 738 operis,
737 693 782 723 ut
805 684 866 724 ait
889 682 1105 736 Caecilius,
1128 688 1332 744 remigem
1356 689 1555 744 aliquem,
1577 698 1651 729 aut
1676 689 1798 730 ba'u-

361 738 463 788 lum,
495 739 618 780 nobis
647 748 858 781 oratorem
890 741 1186 798 descripseras,
1217 745 1443 802 30inopen1
1474 745 1688 802 quendam
1718 704 1800 788 iiu-

360 795 579 836 manitatis
621 806 748 851 atque
779 797 1050 840 inurbanum.
1121 799 1231 842 Tum
1262 801 1494 854 Antonius,
1528 802 1634 844 Heri
1666 801 1797 858 enim,

362 851 516 906 inquit,
549 852 630 894 hoe
653 853 759 894 mihi
783 869 1102 910 proposueram,
1126 868 1186 908 ut,
1207 859 1240 899 si
1265 868 1305 900 te
1329 858 1590 910 refellissem,
1613 860 1690 902 hos
1710 875 1736 902 a
1755 870 1796 901 te

363 908 595 965 discipulos
631 911 908 952 abducerem:
954 927 1083 964 nunc,
1115 913 1270 956 Catulo
1307 916 1505 957 audiente
1538 927 1581 957 et
1613 916 1800 968 Caesare,

363 966 509 1007 videor
530 966 684 1008 debere
701 982 789 1009 non
811 977 897 1008 tam
915 983 1106 1025 pugnare
1130 981 1284 1024 tecum,
1307 987 1452 1028 quam,
1467 973 1570 1029 quid
1593 973 1682 1031 ipse
1702 988 1798 1016 sen-

363 1022 482 1074 tiam,
505 1024 662 1066 dicere.

300 1087 344 1120 41
420 1080 622 1136 Sequitur
643 1083 788 1139 igitur,
811 1084 1015 1139 quoniam
1037 1085 1162 1127 nobis
1183 1096 1248 1128 est
1268 1087 1353 1139 hic,
1384 1087 1435 1129 de
1458 1103 1543 1143 quo
1568 1087 1798 1143 loquimur,

362 1137 405 1177 in
429 1136 521 1179 foro
540 1150 668 1195 atque
691 1141 733 1181 in
766 1141 899 1183 oculis
930 1143 1090 1183 civium
1121 1144 1461 1195 constituendus,
1486 1154 1531 1186 ut
1563 1145 1797 1196 videamus,

362 1194 462 1249 quid
503 1196 541 1237 ei
579 1198 745 1254 negotii
775 1198 937 1250 demus,
971 1199 1125 1255 cuique
1157 1215 1255 1242 eum
1293 1202 1667 1245 munerivelimus
1706 1215 1797 1244 esse

319 1253 658 1308 b,pi·aepositum.
702 1255 813 1296 Nam
836 1255 1012 1297 Crassus
1035 1257 1140 1308 heri,
1159 1273 1254 1299 cum
1281 1274 1369 1307 vos,
1393 1258 1546 1300 Catule
1567 1270 1610 1299 et
1634 1258 1794 1310 Caesar,

362 1323 448 1349 non
479 1311 695 1363 adessetis,
731 1313 873 1368 posuit
908 1313 1091 1355 breviter
1123 1315 1164 1355 in
1199 1316 1300 1356 artis
1333 1316 1636 1357 distributione
1671 1315 1797 1366 idem,

362 1366 474 1421 quod
501 1367 642 1410 Graeci
667 1370 855 1425 plerique
878 1382 1134 1426 posuerunt:
1175 1387 1311 1427 neque
1335 1388 1433 1413 sane
1455 1373 1559 1429 qnid
1591 1373 1681 1429 ipse
1703 1387 1803 1426 sen·-

365 1423 477 1474 tiret,
495 1425 564 1466 sed
589 1427 690 1481 quid
713 1427 766 1468 ab
787 1427 866 1468 illis
886 1428 1111 1479 diceretur,
1130 1430 1343 1471 ostendit:
1379 1431 1463 1471 duo
1483 1431 1619 1486 prima
1641 1444 1799 1486 genera

364 1482 649 1535 quaestionum
684 1498 788 1534 esse,
826 1485 867 1525 in
901 1485 1056 1540 quibus
1093 1486 1335 1541 eloquentia
1371 1496 1622 1537 versaretur,
1666 1502 1798 1528 unum

301 1537 595 1590 4‘2iufinitnm,
617 1540 793 1581 alterum
818 1554 996 1583 eertum.
1049 1542 1272 1584 Infinitum
1296 1545 1402 1585 mi'ni
1426 1545 1650 1586 videbatur
1672 1544 1712 1585 id
1736 1544 1800 1585 di-

365 1608 472 1646 cere,
496 1597 538 1637 in
561 1612 646 1652 quo
675 1597 835 1653 aliquid
857 1600 1093 1655 generatim
1117 1611 1391 1655 qnaereretur,
1417 1602 1497 1642 hoe
1528 1601 1677 1642 modo:
1711 1600 1800 1642 Ex-

365 1654 602 1707 petendane
634 1666 744 1696 esset
773 1655 1043 1711 eloquentia?
1074 1659 1360 1714 expetendine
1394 1658 1605 1700 honores?
1636 1668 1800 1700 certum

365 1718 522 1762 autem,
546 1712 587 1752 in
611 1727 696 1767 quo
719 1713 819 1768 quid
846 1714 887 1754 in
922 1714 1127 1769 personi3‚
1150 1725 1193 1755 et
1216 1715 1257 1756 in
1284 1716 1521 1757 constituta
1543 1729 1600 1766 re,
1631 1724 1674 1756 et
1692 1715 1797 1756 defi-

363 1766 454 1807 nita
493 1780 772 1824 quaereretur:
816 1770 1057 1825 cujusmodi
1098 1781 1211 1823 sunt,
1245 1788 1341 1827 quae
1381 1774 1423 1814 in
1456 1772 1564 1823 foro,
1600 1780 1728 1828 atque
1758 1773 1803 1814 in

302 1829 350 1862 43
366 1823 523 1866 civium
556 1827 693 1867 causis
723 1827 1195 1885 disceptationibusque
1226 1841 1460 1871 versantur.
1524 1828 1587 1875 Ea
1608 1829 1714 1870 mihi
1739 1829 1800 1870 vi-

364 1880 519 1922 dentur
538 1884 671 1924 autin
691 1884 762 1925 lite
778 1885 1028 1937 ordinanda,
1046 1887 1171 1927 autin
1192 1887 1372 1928 consilio
1387 1887 1528 1929 dando
1542 1901 1632 1928 esse
1645 1886 1800 1944 posita.

362 1952 459 1978 nam
484 1939 585 1982 illud
619 1942 806 1993 tertium,
828 1943 941 1997 qnod
975 1951 1018 1984 et
1050 1959 1074 1984 a
1097 1942 1252 1985 Crasso
1284 1953 1446 1986 tactum
1477 1954 1555 1996 est,
1577 1952 1635 1995 et,
1659 1952 1705 1984 ut
1726 1958 1800 1984 au-

363 1995 449 2045 dio,
483 1996 550 2038 ille
585 1999 674 2054 ipse
709 1998 976 2050 Ai·istoteleS‚
1006 1999 1080 2055 qui
1113 2001 1207 2042 haee
1236 2002 1424 2042 maxime
1452 2000 1694 2052 illustravit,
1725 2001 1800 2042 ad-

357 2052 522 2106 junxit,
561 2056 728 2097 etiamsi
766 2072 874 2112 opus
915 2065 994 2107 est,
1028 2067 1170 2098 tamen
1213 2059 1354 2100 minus
1394 2068 1459 2102 est
1499 2057 1798 2100 necessarium.

369 2108 610 2155 Quidnam?
643 2113 781 2168 inquit
815 2113 1008 2164 Catulus,
1040 2129 1093 2155 an
1128 2115 1420 2157 laudationes?
1452 2115 1492 2157 id
1526 2115 1639 2156 enirn
1674 2114 1799 2155 video

288 2172 346 2217 11
370 2167 469 2222 poni
491 2183 626 2224 genus
657 2170 845 2211 tertium.
907 2170 988 2222 Ita,
1011 2171 1152 2226 inquit
1173 2171 1404 2222 Antonius,
1423 2181 1466 2213 et
1487 2172 1530 2212 in
1553 2187 1603 2212 eo
1626 2171 1800 2227 quidem

305 2244 354 2275 44
369 2238 523 2280 genere
553 2227 642 2268 scio
679 2237 722 2268 et
743 2242 826 2278 me,
855 2238 898 2269 et
928 2242 1090 2280 omnes,
1115 2230 1186 2284 qui
1211 2229 1439 2280 affuerunt,
1459 2229 1691 2270 delectatos
1712 2242 1802 2269 esse

369 2280 654 2334 vehementer,
676 2299 775 2325 eum
797 2286 872 2326 abs
895 2295 937 2326 te
962 2294 1026 2326 est
1058 2285 1242 2342 Popilia,
1261 2297 1397 2327 mater
1419 2296 1572 2337 vestra,
1605 2285 1797 2327 laudata:

365 2338 433 2378 cni
458 2339 640 2395 primum
663 2341 828 2383 mulieri
861 2342 974 2383 hune
997 2342 1201 2384 honorem
1234 2344 1276 2385 in
1302 2353 1446 2385 nostra
1466 2343 1642 2384 civitate
1665 2342 1799 2384 tribu-

367 2404 457 2435 tum
482 2407 609 2452 puto:
642 2398 714 2439 sed
747 2413 831 2440 non
863 2400 1021 2450 omnia,
1044 2415 1327 2457 quaecumque
1356 2400 1585 2456 loquimur,
1606 2399 1714 2441 mihi
1737 2399 1799 2440 vi-

303 2461 352 2494 45
367 2451 520 2494 dentur
540 2455 591 2496 ad
625 2467 759 2496 artem
788 2465 832 2497 et
857 2456 909 2498 ad
943 2467 1160 2514 praecepta
1196 2472 1286 2498 esse
1316 2457 1569 2499 revocanda.
1630 2455 1698 2498 Ex
1730 2455 1796 2496 his

364 2509 477 2551 enim
498 2510 705 2564 fontibus,
729 2513 839 2555 unde
858 2515 1003 2555 omnia
1023 2524 1172 2556 ornate
1192 2514 1362 2556 dicendi
1384 2522 1601 2571 praeeepta
1622 2527 1797 2561 sumun-

405 2648 446 2680 29
476 2645 581 2677 Unius
606 2647 778 2688 cujusdam
807 2649 853 2690 m]
891 2649 973 2680 Edd.
1003 2650 1056 2680 W.
1099 2651 1264 2690 quendam
1277 2650 1387 2682 referri
1401 2649 1544 2690 possead
1557 2647 1729 2690 bajulum.-
1743 2649 1800 2680 sed

363 2688 426 2719 s.l.
450 2695 484 2718 et
510 2700 539 2719 a.
562 2689 650 2730 Lips.
667 2693 918 2732 uniuscujusque
942 2694 1056 2731 operis,
1099 2693 1129 2723 ei
1157 2703 1332 2723 commune
1363 2699 1414 2723 est
1440 2693 1603 2732 aliquem.-
1640 2693 1800 2730 remigem

365 2730 447 2761 illud
469 2732 570 2769 magis
590 2734 755 2763 consentit
769 2733 996 2764 consuetudini
1011 2735 1058 2765 la·
1099 2736 1239 2775 aliquem
1261 2739 1321 2766 aut
1344 2734 1506 2773 bajulum,
1521 2740 1555 2764 et
1579 2733 1677 2764 nimis
1700 2733 1798 2773 longe

366 2773 446 2803 tinae
462 2773 494 2803 in
519 2772 579 2804 hae
597 2776 773 2806 sententia.
817 2776 877 2807 Ed.
893 2776 981 2816 Lips.
1000 2776 1056 2807 ha·
1100 2777 1140 2807 ab
1161 2787 1200 2807 eo
1217 2777 1346 2807 xidetur
1357 2777 1562 2808 distractum.
1605 2775 1797 2816 Suspicatus

366 2816 420 2845 bet
433 2816 533 2846 etiam
548 2816 592 2846 Ae
609 2816 752 2848 Crassus.
1099 2828 1171 2850 sum
1185 2819 1325 2859 quidem.
1723 2828 1726 2831 ’

405 2859 446 2888 30
471 2859 594 2898 inopem
609 2860 770 2899 quendam
785 2860 817 2890 10.
833 2869 866 2890 a.
882 2860 920 2900 22]
955 2860 1056 2891 vidco
