1945 3235
307 173 378 208 162
774 169 854 208 DE
880 168 1265 208 INVENTIONE

304 275 337 316 si
360 275 455 330 quis
478 273 591 330 apud
612 271 907 316 Alexandrum
927 273 1215 316 Macedonem
1239 282 1391 316 contra
1410 272 1596 330 aliquem
1616 274 1735 318 urbis

303 340 646 388 expugnatorem
688 332 862 383 diceret,
902 332 1010 372 nihil
1047 346 1137 372 esse
1179 332 1405 382 crudelius,
1444 347 1572 387 quam
1610 333 1737 374 urbes

261 402 291 432 b.
305 388 485 439 diruere,
509 404 608 430 cum
632 388 720 445 ipse
743 388 988 430 Alexander
1009 387 1180 430 Thebas
1202 389 1416 430 diruisset.
1481 388 1736 431 Inconstans

305 455 383 496 est,
417 446 533 502 quod
567 447 620 487 ab
652 446 801 487 codem
835 446 887 486 de
917 446 1066 487 eadem
1099 460 1156 497 re,
1187 446 1351 487 diverse
1385 446 1566 488 dicitur:
1610 455 1672 498 ut,
1703 447 1738 488 si

306 504 416 559 quiS,
439 518 537 545 cum
570 503 742 554 dixerit,
765 502 837 558 qui
869 503 1072 544 virtutem
1102 503 1274 555 habeat,
1295 517 1393 544 eum
1415 504 1570 545 nullius
1603 504 1663 545 rei
1686 503 1739 544 ad

307 561 417 602 bene
439 561 669 602 vivendum
693 560 899 616 indigere,
921 569 1051 616 neget
1079 570 1228 617 postea
1247 561 1337 601 sine
1360 561 1474 602 bona
1496 560 1741 602 valetudine

309 631 434 674 posse
457 619 564 659 bene
583 617 750 658 vivere:
783 628 870 669 aut,
893 631 937 657 se
959 616 1097 658 amico
1120 618 1266 659 adesse
1288 627 1463 674 propter
1492 617 1741 660 benivolen-

312 675 441 726 tiam3
472 678 511 704 ²³⁵
526 688 693 729 sperare
717 674 832 715 enim
851 674 1011 730 aliquid
1034 676 1250 716 commodi
1273 675 1326 716 ad
1349 690 1391 717 se
1421 684 1741 732 perventurum.

249 732 552 788 {uAdversum
582 740 659 782 est,
683 732 797 787 quod
828 731 907 788 ipsi
939 746 1078 773 causa:
1110 732 1252 787 aliqua
1283 747 1337 773 ex
1361 742 1481 790 parte
1503 732 1662 774 officit:
1696 741 1744 774 ut.

311 790 344 830 si
368 790 462 845 quis.
496 788 684 830 hostium
719 789 821 840 vim,
851 799 895 830 et
923 789 1084 845 copias,
1107 799 1149 830 et
1179 789 1430 832 felicitatem
1451 799 1621 847 augeat,
1644 804 1746 837 cum

309 847 361 887 ad
383 845 662 902 pugnandum
692 845 848 887 milites
879 845 1152 888 adhortetur:
1186 847 1218 887 si
1254 861 1339 887 non
1371 848 1422 888 ad
1459 848 1516 899 id,
1539 847 1655 904 quod
1677 847 1744 888 in-

311 903 517 953 stituitur,
541 902 939 943 accommodabitur
958 902 1101 961 aliqua
1123 918 1218 960 pars
1241 905 1641 962 argumentationiS,
1663 903 1745 945 ho-

310 973 403 1001 rum
427 960 569 1014 aliquo
589 960 632 1000 in
659 959 762 1000 vitio
794 960 1051 1015 reperietur:
1085 960 1118 1000 si
1152 960 1274 1016 plura
1303 961 1518 1018 pollicitus
1541 961 1745 1018 pauciora

310 1017 645 1068 demonstrabit3
677 1027 765 1067 aut,
800 1017 848 1068 si,
883 1031 981 1057 cum
1016 1025 1156 1057 totum
1197 1018 1373 1059 debebit
1410 1020 1648 1071 ostendere,
1688 1019 1741 1060 de

311 1084 432 1130 parte
455 1074 596 1129 aliqua
617 1073 830 1128 loquatur,
854 1073 937 1115 hoc
958 1074 1110 1116 modo:
1144 1071 1380 1116 Mulierum
1413 1090 1547 1131 genus
1570 1091 1746 1118 avarum

311 1141 396 1183 cst3
430 1146 527 1172 nam
553 1130 760 1187 Eriphyle
782 1146 885 1172 auro
909 1132 987 1172 viri
1008 1132 1141 1172 vitam
1164 1132 1380 1174 vendidit:
1412 1141 1500 1184 aut,
1520 1133 1555 1174 si
1577 1147 1665 1174 non
1687 1133 1746 1185 id,

310 1189 426 1244 quod
457 1188 745 1240 accusabitur,
773 1188 996 1230 defendet:
1029 1197 1091 1239 ut,
1123 1189 1157 1229 si
1192 1190 1302 1244 quis,
1336 1204 1435 1231 cum
1468 1190 1655 1231 ambitus
1677 1206 1748 1232 ac-

310 1246 546 1296 cusabitur,
566 1260 694 1286 manu
719 1261 762 1287 se
785 1245 941 1287 fortem
958 1260 1050 1287 esse
1071 1245 1297 1298 defendet3
1327 1260 1376 1288 ut
1397 1246 1620 1304 Amphion
1633 1248 1748 1304 apud

314 1303 581 1359 Euripidem,
613 1303 717 1343 item
751 1303 864 1359 apud
902 1303 1155 1355 Pacuvium,
1184 1305 1273 1359 qui,
1296 1305 1539 1360 vituperata
1567 1306 1747 1358 musica,

313 1360 568 1416 sapientiam
600 1359 768 1402 laudat:
803 1369 876 1401 aut
903 1361 937 1401 si
973 1375 1036 1401 res
1067 1376 1119 1402 ex
1145 1361 1331 1402 hominis
1356 1363 1461 1402 vitio
1484 1362 1748 1419 vituperabi-

314 1425 396 1468 tur,
421 1426 481 1467 ut,
506 1417 539 1457 si
563 1418 658 1473 quis
687 1417 929 1459 doctrinam
961 1433 1014 1459 ex
1039 1418 1220 1474 alicujus
1242 1419 1359 1460 docti
1383 1420 1498 1460 vitiis
1521 1420 1749 1476 reprehen-

313 1475 411 1516 dat:
444 1484 532 1525 aut,
565 1475 597 1515 si
628 1475 717 1530 qui,
749 1489 846 1515 cum
881 1476 1066 1531 aliquem
1096 1477 1212 1517 volet
1238 1475 1423 1527 laudare,
1457 1477 1510 1517 de
1542 1476 1749 1519 felicitate

313 1532 422 1586 ejus,
445 1546 532 1572 non
555 1531 608 1572 de
630 1532 789 1573 virtute
811 1533 950 1574 dicat:
983 1541 1071 1583 aut,
1094 1534 1127 1574 si
1159 1534 1232 1588 qui
1253 1547 1341 1574 rem
1363 1549 1461 1575 cum
1484 1548 1527 1574 re
1550 1534 1611 1576 ita
1631 1549 1750 1576 com-

318 1588 501 1645 parabit,
522 1597 569 1629 ut
591 1588 766 1630 alteram
791 1604 834 1630 se
857 1605 944 1630 non
974 1599 1097 1646 putet
1116 1590 1300 1642 laudare,
1322 1591 1404 1632 nisi
1435 1591 1612 1633 alteram
1636 1593 1756 1633 vitu-

317 1645 497 1701 pcrarit:
529 1655 603 1686 aut
633 1646 666 1686 si
697 1646 873 1688 alteram
906 1648 966 1688 ita
998 1647 1155 1699 laudet,
1198 1656 1246 1688 ut
1287 1647 1458 1689 alterius
1489 1664 1576 1691 non
1619 1649 1752 1692 faciat

255 1717 303 1752 95
320 1702 606 1744 mentionem:
639 1712 713 1744 aut
735 1705 784 1755 si,
807 1719 905 1745 cum
928 1705 980 1746 de
999 1714 1114 1746 certa
1143 1720 1186 1746 re
1205 1715 1434 1761 quaeretur,
1457 1706 1509 1747 de
1531 1708 1752 1749 communi

317 1760 564 1801 instituetur
577 1761 737 1803 oratio:
762 1771 822 1813 ut,
838 1763 871 1802 si
891 1763 1000 1819 quis,
1015 1777 1113 1803 cum
1127 1763 1258 1818 aliqui
1271 1762 1521 1815 deliberent,
1539 1764 1581 1795 36
1593 1764 1752 1807 bellum

315 1826 481 1873 gerant,
515 1832 569 1858 an
602 1833 704 1870 non,
738 1834 889 1875 pacem
928 1819 1072 1861 laudet
1104 1821 1297 1871 omnino,
1326 1836 1412 1862 non
1446 1821 1549 1863 illud
1592 1821 1753 1863 bellum

314 1874 465 1915 inutile
494 1889 585 1916 esse
615 1875 901 1920 demonstret:
935 1885 1022 1927 aut,
1054 1877 1087 1917 si
1121 1878 1230 1918 ratio
1263 1877 1444 1933 alicujus
1468 1879 1528 1919 rei
1550 1879 1751 1921 reddetur

314 1931 433 1983 falsa,
467 1931 551 1973 hoc
585 1933 737 1975 modo:
773 1933 964 1976 Pecunia
997 1936 1158 1975 bonum
1189 1944 1267 1987 est,
1302 1945 1528 1991 propterea
1557 1937 1673 1992 quod
1703 1951 1754 1978 ea

312 1990 502 2030 maxime
526 1989 659 2030 vitam
682 1991 851 2032 beatam
882 1996 919 2028 37
935 1992 1094 2043 efficit3
1127 2002 1202 2033 aut
1223 1993 1257 2033 si
1280 1992 1464 2043 infirma,
1486 2002 1534 2035 ut
1557 1993 1750 2045 Plautus,

521 2065 688 2100 Amicum
706 2067 887 2109 castigare
901 2067 944 2102 ob
962 2068 1129 2102 meritam
1145 2069 1304 2110 noxiam,

523 2116 686 2152 Immune
703 2121 754 2152 est
761 2117 925 2166 facinus.
952 2131 1074 2154 verum
1094 2121 1130 2154 in
1148 2124 1254 2155 aetate
1268 2121 1359 2156 utile

523 2167 574 2202 Et
593 2169 839 2206 conducibile:
867 2182 953 2206 nam
972 2183 1036 2218 ego
1055 2173 1211 2207 amicum
1230 2172 1335 2208 hodie
1350 2184 1466 2208 meam

524 2219 785 2268 Concastigabo
799 2235 867 2270 pro
883 2224 1092 2259 commerita
1110 2225 1244 2260 noxia.-

316 2298 390 2332 aut
406 2290 570 2343 eadem,
588 2292 672 2334 hoc
694 2294 848 2336 modo:
881 2296 1121 2336 maximum
1143 2296 1303 2338 malum
1325 2305 1390 2338 est
1412 2299 1614 2351 avaritia3
1644 2299 1755 2340 mul-

314 2358 383 2389 tos
414 2348 529 2389 enim
562 2350 731 2405 maguis
754 2351 1039 2393 incommodis
1059 2356 1099 2384 38
1114 2353 1259 2395 affecit
1288 2356 1484 2411 pecunia:
1516 2357 1753 2412 cupiditas:

357 2496 398 2523 35
427 2493 569 2533 Sperarc
596 2496 708 2536 en1'm.]
745 2496 824 2528 Mss.
851 2498 959 2538 plures
985 2503 1019 2530 et
1067 2503 1093 2531 l.
1108 2501 1137 2531 2.
1152 2505 1264 2540 estque
1278 2501 1452 2532 sententiae
1466 2502 1724 2532 convenientius.

315 2535 388 2566 edd.
413 2546 464 2576 pr.
491 2541 615 2574 tamen,
638 2549 698 2578 pro
721 2550 784 2578 quo
808 2540 908 2571 Aldus
932 2542 1019 2572 enim
1105 2546 1144 2576 37
1181 2543 1326 2584 Efficit]
1366 2545 1429 2574 Pro
1458 2543 1598 2583 ¹*vulgato
1623 2544 1757 2585 efficiat,

315 2576 414 2607 dedit.
461 2580 545 2624 Sane
566 2584 678 2610 tamen
705 2582 831 2613 uie-lius.
880 2583 1018 2613 Utrum·
1060 2585 1147 2624 quod
1162 2586 1253 2616 nullo
1280 2585 1376 2616 modo
1402 2586 1635 2617 locumhabet.
1679 2587 1758 2617 Non

316 2629 378 2657 quc
394 2629 543 2658 spurium
555 2621 684 2659 judicat
707 2624 969 2666 Oudendorpius,
985 2631 1019 2656 et
1060 2628 1149 2658 enim
1172 2633 1223 2658 est
1245 2628 1377 2667 obliqua
1403 2628 1527 2666 orati03
1551 2635 1585 2658 et
1613 2638 1759 2669 pronun-

317 2661 352 2690 in
368 2661 477 2691 Schol.
495 2662 558 2692 Ms.
575 2665 696 2703 reperit
719 2672 885 2697 neutrum.
909 2668 972 2698 Gu.
991 2671 1018 2698 l.
1061 2670 1168 2700 viatur
1180 2670 1249 2700 siue
1267 2670 1482 2700 dubitatione.
1526 2671 1606 2701 Mox
1621 2671 1695 2701 insi
1708 2672 1759 2701 in·

315 2707 378 2751 aut·
388 2712 521 2742 sperare
533 2705 660 2743 aliquid
670 2707 715 2736 (nl
726 2718 750 2737 ³.
763 2718 791 2738 zv.
814 2709 1017 2749 A11atsp.a.
1051 2713 1162 2753 firma
1183 2711 1261 2741 Mss.
1283 2712 1368 2742 Oud.
1395 2721 1461 2742 non
1488 2712 1612 2743 habent
1635 2714 1672 2743 si.
1715 2713 1759 2743 Et

315 2745 404 2784 Quid
418 2746 616 2793 sigsperare
640 2749 744 2779 dicae:
779 2760 854 2781 nam
884 2753 1018 2783 verbum
1062 2758 1170 2793 potest
1187 2754 1308 2791 abesse,
1323 2759 1363 2784 ut
1375 2765 1463 2791 mox,
1479 2759 1539 2785 aut
1553 2764 1678 2795 parum
1693 2756 1760 2785 ido,

316 2786 384 2817 tale
411 2786 626 2825 desmeratur,
649 2791 736 2830 quod
758 2795 960 2825 contrarium
975 2796 1019 2825 sit
1061 2806 1133 2826 nea.
1178 2795 1241 2826 Sed
1255 2806 1321 2826 non
1335 2801 1386 2827 est
1400 2797 1497 2827 tanti.

317 2829 514 2869 praecedeuti
529 2835 639 2868 neget·
1103 2841 1142 2868 38
1169 2836 1315 2878 Affecit]
1342 2839 1404 2869 Pro
1431 2838 1566 2878 vulgato
1588 2838 1692 2880 afficit
1710 2847 1758 2868 re-

360 2871 401 2901 36
420 2870 555 2902 Bellum
579 2873 727 2913 gerwen]
760 2875 833 2907 Hoc
855 2877 926 2907 dedi
950 2889 1010 2919 pro
1053 2880 1138 2910 etius
1148 2880 1226 2910 Mss.
1240 2880 1488 2911 Oudend.Cass.
1502 2881 1551 2911 ed.
1566 2891 1615 2921 pr.
1628 2890 1705 2911 nain
1717 2881 1759 2911 ab

316 2917 469 2952 geratur,
484 2914 559 2953 quia
573 2915 618 2946 sic
633 2916 709 2948 Mse.
725 2918 827 2950 etiam
842 2919 930 2950 Cass.
946 2922 1008 2953 Gu.
1053 2923 1254 2964 experientia
1265 2923 1408 2954 sumitur
1422 2928 1665 2964 argumentum.
