1945 3235
331 120 409 165 398
849 98 930 164 bE
966 123 1259 164 ORATORE

333 245 422 271 non
443 228 610 270 aurium
636 227 788 280 solum,
811 229 882 270 sed
905 229 1035 271 animi
1062 229 1231 285 judicio
1253 228 1383 270 etiam
1404 227 1562 284 magiS,·
1579 226 1771 270 infucata

251 282 324 338 26
337 288 442 328 vitia
470 297 719 328 noscuntur.
781 287 941 338 Quare,
972 287 1082 338 bene,
1110 296 1153 328 et
1174 286 1386 342 praeclam,
1416 285 1611 340 quamvis
1644 285 1769 326 nobis

250 362 319 395 101
336 358 451 400 saepe
480 344 672 396 dicatur3
704 343 818 394 belle,
849 354 892 385 ct
914 343 1083 400 festive,
1114 344 1295 385 nimium
1328 357 1441 398 saepe
1477 342 1592 383 nolo.
1621 356 1771 397 quam-

335 416 465 457 quam
494 401 565 443 illa
595 402 687 457 ipsa
708 401 980 451 exclamatio,
1005 401 1102 442 Non
1125 408 1256 456 potest
1280 399 1432 450 melius,
1454 400 1510 440 sit
1533 399 1658 440 velim
1680 413 1771 440 cre-

336 460 436 501 bra:
470 459 541 500 sed
563 458 720 499 habeat
741 468 883 499 tamen
915 459 986 499 illa
1007 459 1050 499 in
1072 458 1254 499 dicendo
1276 457 1504 498 admiratio
1525 472 1575 498 ac
1606 470 1775 497 summa

336 516 426 557 laus
448 517 644 557 umbram
670 516 855 570 aliquam
877 524 920 556 et
951 530 1177 566 recessum,
1198 530 1284 570 quo
1307 515 1445 570 magis
1475 514 1533 565 id,
1555 514 1670 568 quod
1693 512 1775 554 erit

251 573 638 622 102illu111inatum,
667 583 836 613 exstare
870 582 999 627 atque
1028 574 1216 614 eminere
1254 572 1462 613 videatur.
1523 571 1773 627 Numquam

335 632 427 688 agit
450 631 563 672 hunc
586 645 753 671 versum
774 629 960 670 Roscius
981 644 1032 670 co
1055 639 1193 686 gestu,
1215 645 1300 686 quo
1324 638 1481 686 potest,

438 706 536 742 Nam
551 706 694 753 sapiens
711 705 839 740 virtuti
859 703 1038 744 honorem,
1056 705 1258 752 praemium,
1278 704 1376 740 haud
1387 704 1553 753 praedam
1566 703 1683 752 petit.-

335 774 408 815 sed
431 773 584 829 abjicit
605 787 791 830 prorsus,
813 779 911 812 90ut
934 771 977 812 in
1001 772 1224 828 proximos

440 849 585 896 Ecquid
601 849 734 884 video?
749 846 858 896 ferro
876 851 997 894 septus
1010 847 1171 895 possidet
1189 847 1288 882 sedes
1305 858 1439 887 sacras,

337 916 513 967 incidat,
536 915 733 971 aspiciat,
755 913 1004 965 admiretur,
1027 921 1257 971 stupescat.
1317 916 1355 948 91
1373 912 1492 960 Quid
1514 911 1583 954 ille
1603 911 1733 955 alter:

442 992 539 1033 Quid
552 995 674 1038 petam
691 990 886 1038 praesidii?

335 1074 466 1124 quam
503 1051 684 1099 leniter?
715 1072 844 1113 quam
886 1055 1088 1098 remisse?
1117 1070 1250 1113 quam
1288 1070 1377 1098 non
1414 1057 1617 1097 actuose?
1646 1054 1779 1097 instat

336 1131 452 1158 emm

443 1186 473 1221 Ο
485 1190 606 1234 pater,
626 1197 646 1220 ο
660 1185 801 1233 patrici,
820 1196 840 1220 ο
860 1183 1004 1221 Priami
1023 1183 1146 1219 domus
1161 1185 1174 1220 ,7

337 1266 383 1306 in
405 1280 491 1320 quo
514 1274 634 1306 tanta
655 1263 918 1305 commoveri
941 1262 1056 1304 actio
1078 1277 1165 1303 non
1187 1270 1345 1318 posset,
1369 1261 1404 1303 si
1425 1264 1536 1303 esset
1555 1268 1783 1302 consumta

339 1323 559 1379 superiore
580 1332 702 1363 motu
725 1330 769 1362 et
789 1320 1014 1362 exhausta.
1075 1319 1229 1375 Neque
1259 1319 1303 1361 id
1331 1329 1496 1360 actores
1526 1318 1644 1375 prius
1667 1318 1784 1359 vide-

338 1390 453 1431 runt,
475 1394 604 1435 quam
635 1379 717 1434 ipsi
750 1378 909 1434 po'etae,
931 1392 1061 1433 quam
1083 1377 1267 1432 denique
1297 1376 1356 1417 illi
1388 1376 1534 1427 etiam,
1564 1376 1639 1431 qui
1669 1375 1783 1417 fece-

340 1448 441 1478 runt
471 1437 638 1487 modos,
659 1451 684 1477 a
705 1437 861 1491 quibus
892 1435 1083 1490 utrisque
1114 1434 1397 1475 summittitur
1428 1433 1604 1489 aliquid,
1625 1432 1782 1474 deinde

256 1503 539 1551 103augetur,
577 1503 850 1543 extenuatur,
892 1492 1082 1542 inflatur,
1120 1491 1328 1542 variatur,
1359 1490 1654 1546 distinguitur.
1715 1488 1786 1530 Ita

300 1555 331 1585 b·
345 1553 400 1593 sit
423 1552 548 1593 nobis
580 1551 713 1607 igitur
735 1559 910 1591 ornatus
931 1558 975 1591 et
1004 1548 1145 1589 suavis
1167 1558 1325 1599 orator,
1347 1552 1446 1601 (nec
1466 1558 1609 1588 tamen
1641 1549 1786 1603 Potest

341 1610 464 1651 aliter
485 1610 610 1659 esse,)
632 1617 681 1649 ut
712 1607 967 1648 suavitatem
992 1605 1148 1647 habeat
1169 1614 1382 1646 austeram
1405 1614 1449 1645 et
1478 1604 1672 1655 solidam,
1694 1618 1782 1645 non

338 1667 508 1709 dulcem
539 1675 668 1721 atque
690 1665 929 1707 decoctam.
960 1678 1060 1704 nam
1083 1663 1176 1719 ipsa
1205 1662 1258 1704 ad
1280 1662 1520 1703 ornandum
1551 1672 1784 1718 praecepta,

337 1739 436 1780 quae
468 1724 638 1774 dantur,
671 1722 884 1778 ejusmodi
921 1730 1035 1772 sunt,
1071 1731 1120 1761 ut
1152 1729 1222 1772 ea,
1252 1719 1449 1775 quamvis
1482 1718 1785 1760 vitiosissimus

338 1793 498 1833 orator,
520 1780 737 1838 explicare
759 1779 909 1836 possit.
971 1779 1130 1829 Quare,
1150 1787 1199 1819 ut
1219 1788 1318 1818 ante
1339 1777 1448 1827 dixi,
1470 1777 1658 1832 primum
1679 1775 1793 1817 silvai

337 1854 481 1881 rerum
512 1854 561 1879 ac
592 1838 901 1886 sententiarum
924 1835 1214 1892 comparanda
1235 1844 1314 1886 est,
1336 1849 1422 1889 qua
1441 1833 1495 1874 de
1525 1841 1644 1889 parte
1671 1833 1790 1876 dixit.

338 1896 573 1938 Antonius.
605 1896 700 1936 haec
732 1894 959 1936 formanda
979 1894 1051 1935 filo
1074 1893 1168 1949 ipso
1190 1900 1234 1933 et
1263 1905 1420 1949 genere
1446 1890 1669 1943 orationis,
1691 1889 1789 1932 illu-'

339 1954 546 1995 minanda
567 1953 724 2004 verbis,
745 1952 949 1994 varianda
970 1950 1209 1992 sententiis.
1479 1958 1484 1961 “

256 2026 332 2060 104
402 2011 580 2052 Summa
607 2020 751 2051 autem
782 2010 872 2051 laus
901 2009 1158 2063 eloquentiae
1189 2014 1268 2059 est,
1300 2004 1564 2062 amplificare
1595 2007 1692 2047 rem*
1718 2011 1797 2046 or-‘

344 2069 502 2120 nando,
524 2068 640 2124 quod
672 2067 784 2108 valet
814 2082 900 2108 non
933 2067 1070 2108 solum
1102 2065 1154 2106 ad
1185 2064 1432 2120 augendum
1454 2062 1616 2118 aliquid
1636 2071 1681 2103 et
1705 2062 1790 2104 tol*-

344 2126 518 2167 lendum
553 2126 678 2166 altius
712 2125 910 2175 dicendo,
939 2124 1012 2164 sed
1045 2122 1175 2163 etiam
1214 2122 1267 2163 ad
1300 2120 1622 2162 extenuandum
1657 2123 1789 2175 atque

262 2185 330 2238 27
345 2183 653 2238 abjiciendum.
714 2182 765 2223 Id
803 2181 1067 2222 desideratur
1100 2179 1300 2221 omnibus
1342 2177 1394 2218 iis
1437 2177 1481 2219 in
1517 2176 1640 2228 locis,
1675 2190 1785 2233 quos

345 2244 386 2275 99
399 2242 450 2282 ad
475 2240 602 2281 fidem
625 2239 832 2281 orationis
855 2237 1095 2279 faciendam
1117 2235 1310 2277 adhiberi
1333 2235 1448 2276 dixit
1467 2233 1700 2286 Antonius,
1722 2233 1791 2276 vel

345 2313 445 2339 cum
475 2298 757 2354 explanamus
788 2295 965 2351 aliquid,
988 2294 1054 2336 vel
1083 2308 1181 2336 cum
1206 2292 1486 2335 conciliamus
1517 2292 1699 2343 animos,
1720 2290 1790 2334 vel

259 2370 443 2406 105cum
464 2355 748 2397 concitamus.
807 2353 891 2394 Sed
925 2352 968 2394 in
997 2351 1095 2404 hoc,
1125 2351 1242 2407 quod
1275 2358 1542 2407 postremum
1563 2348 1670 2400 dixi,
1693 2362 1786 2390 am-

343 2508 416 2538 quae
447 2498 593 2529 sensibus
620 2500 750 2528 certum
778 2494 912 2526 modum
939 2493 1046 2525 suavi·
1131 2495 1169 2527 91
1195 2491 1289 2533 Quid
1313 2491 1369 2522 ille
1398 2489 1499 2530 alter]
1527 2488 1634 2521 intell.
1656 2492 1793 2520 actor—-

341 2542 422 2572 tatis
460 2540 631 2580 gustandae
666 2538 887 2580 praeseripsit3
923 2546 992 2567 non
1026 2546 1046 2566 a
1089 2534 1234 2565 Praesidz·
1254 2533 1356 2565 edidit
1377 2533 1550 2570 Pearciu53
1572 2531 1628 2562 sed
1644 2533 1794 2572 proesidii

341 2588 454 2614 mente
483 2588 516 2612 et
552 2582 775 2622 intelligentia
800 2591 838 2610 ac
874 2578 1046 2609 voluntate
1088 2577 1134 2607 sic
1162 2575 1372 2615 pronunciari
1399 2579 1527 2615 potest:
1552 2583 1620 2604 non
1645 2583 1793 2605 necessa·

340 2625 502 2661 hnmana,
514 2634 587 2663 quae
602 2623 795 2654 insatiabilis
807 2626 857 2652 est
870 2633 878 2659 ;
893 2625 934 2651 ut
944 2621 1047 2651 etiam
1088 2620 1149 2656 rio,
1165 2618 1252 2658 quod
1266 2618 1515 2659 pronunciatur,
1528 2615 1562 2646 id
1572 2616 1738 2654 scribitur,
1750 2621 1793 2647 ut

342 2667 557 2707 indignentur
581 2666 748 2696 interdum
774 2664 936 2700 homines,
959 2661 1047 2703 quod
1087 2662 1265 2701 supra-iam
1280 2659 1479 2690 monuimus.

342 2709 522 2750 voluptatis
550 2709 684 2738 satietas
712 2708 823 2744 citiuS‚
851 2715 950 2746 quam
983 2705 1045 2746 ipsi
1129 2704 1171 2737 92
1193 2703 1239 2733 ad
1259 2702 1370 2743 fidem
1403 2701 1558 2731 orationis
1573 2697 1790 2741 faciendam]

342 2752 479 2788 vellent,
495 2750 595 2781 venit.
1087 2744 1255 2784 Legitima
1278 2744 1364 2774 ratio
1388 2743 1526 2782 requirit
1549 2743 1707 2773 orationi:
1733 2741 1792 2772 sed

385 2798 426 2828 90
448 2795 539 2824 utin
555 2790 903 2832 proximos—incidat]
927 2789 948 2819 i.
964 2799 993 2820 e.
1011 2789 1046 2819 in
1087 2792 1201 2818 tamen
1219 2791 1254 2817 et
1275 2786 1309 2816 in
1331 2785 1432 2816 Acad.
1456 2785 1516 2822 IV,
1535 2787 1566 2818 7.
1590 2789 1654 2821 est,
1677 2783 1794 2824 adspe-

343 2848 393 2878 pr.
411 2845 520 2866 xersus
539 2844 673 2864 omnem
695 2834 762 2865 vim
784 2833 923 2865 actionis
938 2831 1046 2864 confe-
1088 2834 1160 2859 clus
1173 2830 1239 2869 ipse
1248 2827 1457 2869 faeitjt'dem
1469 2826 1594 2867 judicii
1607 2827 1678 2858 sm':
1699 2826 1727 2858 si
1741 2830 1793 2857 ta-

345 2885 408 2919 nt,
425 2877 583 2910 intuendo
600 2877 657 2908 &cz
1090 2880 1166 2903 men
1181 2870 1237 2903 ille
1250 2871 1341 2903 locus
1357 2870 1427 2901 sine
1440 2869 1520 2901 vitio
1536 2874 1596 2902 est.
