1945 3235
561 139 750 180 HBER
791 140 1124 179 SECUNDUS.

336 245 478 295 lnjuria
495 246 556 282 abs
573 250 608 282 te
623 244 767 294 afficior
783 246 949 294 indigna,
965 250 1085 295 pater.

330 287 441 343 Nemi,
456 300 488 335 si
507 299 707 346 improbum
727 297 984 347 Cresphontem
997 299 1281 341 existimaveras,

334 353 405 389 Cur
422 364 478 387 me
496 351 579 386 huic
598 350 741 386 locabo-s·
756 352 892 398 nuptiis
906 352 927 387 ,9
952 352 1008 386 sin
1026 355 1079 386 est
1094 351 1242 399 probus,

332 405 404 441 Cur
422 404 532 439 talem
551 404 703 439 invitam
722 405 874 439 invitum
889 405 986 451 cogis
1005 403 1168 451 linquere
1185 403 1205 439 .9

126 474 239 522 Quae
272 475 354 517 hoc
393 476 524 517 modo
560 475 886 527 concludentur,
919 485 994 516 aut
1032 489 1088 516 ex
1129 473 1346 515 contrario
1389 488 1611 523 conver-b,

122 542 281 631 {lentum
295 541 368 573 aut
389 547 443 573 ex
466 532 652 589 simplici
675 543 796 589 parte
817 533 1198 589 reprehendentur.
1258 531 1328 573 Ex
1350 533 1568 573 contrario

154 604 205 631 oc
225 591 375 632 modo:

328 674 445 710 Nulla
465 675 678 723 te‘indigna,
697 681 801 719 mita,
821 673 943 724 afficio
959 673 1110 722 injuria,

327 726 370 763 Si
384 728 516 775 probus
531 733 595 770 est,
615 729 655 761 93
670 729 844 765 collocavi
859 745 871 766 :
898 731 953 765 sin
975 732 1096 764 autem
1113 727 1310 777 improbus,

327 778 504 816 Divortio
524 785 558 816 te
575 781 731 818 liberabo
745 782 992 818 incommodis.

121 864 190 908 Ex
212 866 397 924 simplici
421 878 542 925 parte
564 869 946 926 reprehendentur,
969 870 1004 910 si
1030 884 1084 911 ex
1105 869 1268 926 duplici
1289 868 1570 911 conclusione

119 924 323 966 alterutra
342 941 437 982 pars
459 930 500 961 94
514 928 716 979 diluetur,
740 928 823 969 hoc
844 928 1001 970 modo:

326 1011 425 1048 Nam
442 1014 475 1049 si
490 1013 690 1062 ‘improbum
715 1013 969 1062 Cresphontem
987 1015 1270 1056 existimaveras,

329 1065 401 1100 Cur
422 1078 475 1101 me
494 1066 578 1102 huic
597 1066 741 1102 locabczs
760 1068 896 1114 nuptiis
911 1068 931 1102 ἒ)
958 1066 1063 1101 Dzoei
1078 1066 1243 1114 probum.

326 1117 482 1155 Eri-avi:
502 1123 588 1167 post
607 1121 769 1167 cognovi,
785 1118 942 1168 etfccgio
961 1119 1156 1166 cognitum.

119 1202 237 1261 Ergo
255 1206 531 1262 reprehensio
548 1206 678 1262 hujus
698 1206 988 1248 conclusionis
1007 1206 1167 1262 duplex
1191 1214 1276 1259 est3
1309 1207 1476 1248 acutior
1495 1206 1567 1249 illa
1580 1205 1650 1255 25

118 1263 327 1318 superior,
360 1265 530 1305 facilior
568 1265 663 1306 haec
697 1265 910 1320 posterior
939 1264 992 1305 ad
1031 1264 1388 1320 excogitandum.
1450 1264 1562 1306 Item
1575 1278 1627 1313 39

117 1320 275 1362 vitiosa
296 1331 360 1363 est
381 1322 654 1363 confirmatio
673 1323 868 1374 rationis,
890 1337 989 1362 cum
1012 1336 1062 1362 ea
1083 1336 1142 1373 re,
1164 1337 1262 1377 quae
1285 1321 1408 1378 plura
1430 1323 1566 1378 signi-

119 1376 235 1428 ficat,
259 1380 479 1421 abutiniur
504 1395 578 1436 pro
610 1388 729 1422 certo
762 1381 889 1421 unius
922 1379 981 1420 rei
1005 1380 1146 1436 signo,
1170 1379 1253 1420 hoc
1286 1380 1443 1422 modo:
1478 1380 1569 1422 Ne-

117 1449 234 1476 cesse
256 1445 334 1488 est,
354 1438 560 1493 quoniam
583 1438 728 1494 pallet,
752 1451 1010 1494 aegrotasse:
1044 1446 1133 1488 aut,
1155 1451 1329 1478 neccsse
1351 1446 1416 1478 est
1437 1452 1570 1493 pepe-

115 1492 234 1544 risse,
266 1495 473 1550 quoniam
507 1496 690 1537 sustinet
720 1510 901 1552 puerum
935 1494 1163 1536 infantem.
1225 1494 1339 1537 Nam
1373 1494 1470 1536 haec
1493 1510 1570 1537 sua

117 1560 271 1605 sponte
292 1562 410 1594 certa
431 1553 557 1609 signa
577 1568 664 1594 non
687 1554 864 1605 habent,
888 1553 921 1593 si
945 1568 1032 1594 non
1051 1562 1195 1593 cetera
1215 1567 1388 1608 quoque
1411 1552 1570 1594 similia

115 1619 390 1651 concurrant.
452 1611 584 1658 Quod
625 1612 657 1652 si
693 1611 1006 1661 concurrerint,
1048 1609 1249 1651 nonnihil
1278 1609 1567 1652 95illiusmodi

114 1666 239 1722 signa
268 1669 487 1725 adaugent
519 1670 826 1726 suspicionem.
889 1668 1000 1709 Item
1035 1668 1243 1709 vitiosum
1275 1678 1354 1719 est,
1378 1683 1476 1708 cum
1500 1668 1569 1709 ‘vel

113 1722 157 1764 in
181 1724 328 1777 alium,
357 1727 425 1768 vel
447 1726 490 1767 in
513 1741 611 1768 eum
634 1727 792 1784 ipsum,
815 1726 888 1782 qni
911 1726 1034 1778 dicit,
1065 1725 1125 1776 id,
1148 1725 1265 1781 quod
1290 1725 1334 1767 in
1368 1725 1568 1767 adversa·

113 1780 227 1823 rium
248 1783 422 1836 dicitur,
446 1793 591 1841 potest
613 1785 859 1837 convenire,
883 1784 967 1825 hoc
989 1784 1144 1825 modo:

269 1868 401 1906 Miseri
417 1874 514 1912 sunt,
536 1872 599 1919 qui
612 1882 738 1907 uxores
754 1872 891 1908 ducunt
906 1885 918 1908 :
951 1874 989 1905 at
1010 1874 1050 1906 tu
1069 1869 1206 1905 duxisti
1224 1869 1392 1907 alteram.

115 1942 228 1987 Item
259 1947 465 1989 vitiosum
496 1956 562 1990 est
592 1948 650 1999 id,
684 1948 800 2004 quod
833 1947 1054 2005 vulgarem
1087 1947 1222 1988 habet
1253 1946 1566 2003 defensionem,

112 2002 197 2045 hoc
218 2004 376 2047 modo:
420 2006 650 2048 Iracundia
682 2006 886 2047 inductus
918 2005 1130 2061 peccavit,
1154 2015 1228 2047 aut
1258 2005 1565 2056 adolescentia,

112 2071 187 2101 aut
208 2077 368 2103 amore.
430 2063 750 2119 Hujuscemodi
772 2064 887 2104 enim
910 2064 1236 2118 deprecationes
1260 2067 1294 2103 si
1315 2063 1565 2119 probabun-

111 2127 195 2170 tur,
219 2119 396 2177 impune
428 2122 622 2162 maxima
643 2133 822 2177 peccata
843 2121 884 2154 96
898 2121 1158 2169 (lilabentur,
1220 2119 1333 2168 Item
1358 2121 1564 2161 vitiosum

110 2186 189 2227 est,
213 2193 311 2219 cum
342 2178 385 2220 id
409 2193 486 2234 pro
518 2189 636 2221 certo
669 2179 867 2231 sumitur,
890 2179 1006 2234 quod
1031 2179 1142 2220 inter
1167 2192 1317 2219 omnes
1341 2193 1429 2219 non
1459 2193 1564 2219 con-

109 2242 209 2285 stat,
233 2235 335 2291 quia
356 2237 488 2277 etiam
511 2251 626 2278 nunc
648 2237 692 2277 in
716 2237 1014 2279 controversia
1035 2245 1115 2287 est,
1138 2235 1222 2278 hoe
1244 2236 1402 2277 modo:

161 2320 244 2358 Eho
265 2325 316 2364 tu,
335 2322 400 2365 dii,
421 2323 547 2370 quibus
565 2327 618 2358 est
647 2324 688 2354 97
697 2327 862 2371 potestas
879 2327 997 2358 motus
1014 2334 1196 2370 superum,
1218 2327 1328 2369 atque
1347 2319 1518 2370 inferum,

161 2373 298 2411 Pacem
316 2375 411 2411 inter
427 2387 502 2412 sese
519 2376 734 2418 conciliant,
751 2381 787 2411 et
807 2373 997 2424 conferunt
1015 2375 1257 2412 concordiam,

148 2511 189 2544 93
209 2509 392 2552 Collocari]
420 2511 502 2543 Mss.
528 2511 654 2542 habent
671 2511 723 2542 vel
747 2513 809 2542 col-

107 2551 222 2590 locavi,
235 2557 275 2583 ut
289 2553 361 2584 edd.
378 2559 516 2592 veteres,
532 2555 583 2585 vel
599 2559 630 2585 te
643 2556 808 2592 collocavi,

106 2594 195 2632 quod
214 2600 248 2625 et
267 2596 318 2626 ed.
343 2600 429 2631 1474.
454 2598 567 2636 habet,
617 2597 705 2628 Puto
733 2607 810 2628 cum

107 2635 353 2679 Oudendorpio,
371 2642 538 2681 optimum
559 2649 628 2670 esse
648 2644 680 2670 te
695 2641 810 2676 locavi,

110 2677 166 2708 sed
184 2679 284 2710 libros
298 2681 408 2722 plures
423 2688 556 2713 secutus
569 2692 654 2712 sum.
671 2683 748 2712 bene
760 2688 811 2714 est

105 2720 227 2761 glossa,
243 2732 341 2761 quam
357 2725 483 2765 primus
498 2725 628 2756 induxit
642 2725 753 2756 AlduS.

147 2765 188 2797 94
201 2763 388 2808 Diluetur]
414 2768 467 2799 Sic
481 2769 607 2799 correxi
633 2768 807 2807 vulgatum

102 2805 256 2843 diluitur,
295 2812 488 2848 necessario,
525 2815 563 2842 ut
596 2810 808 2850 responderet

103 2848 338 2888 superioribus,
348 2853 403 2882 ubi
418 2859 498 2885 sunt
510 2854 637 2892 sutura,
646 2858 681 2884 et
693 2863 711 2884 e
725 2852 805 2883 Cod.

101 2888 197 2922 Voss.
212 2893 300 2932 apud
312 2893 465 2928 Oudend-

895 2514 936 2544 95
952 2511 1137 2542 Illiusmodz‘
1158 2509 1282 2550 signa]
1309 2510 1362 2541 Sic
1385 2509 1465 2540 Mss.
1487 2509 1560 2550 plu-

853 2564 916 2591 τες,
932 2554 1035 2584 etiam
1056 2554 1128 2584 edd.
1143 2564 1191 2594 pr.
1211 2556 1300 2587 1474.
1320 2553 1455 2587 Mediol.
1476 2555 1560 2591 ejus-

854 2596 930 2627 dem
958 2598 1050 2633 anni,
1079 2596 1176 2636 idque
1203 2596 1388 2636 elegantius
1423 2595 1560 2635 vulgato

855 2638 1052 2681 hujusmodi.

897 2682 938 2715 96
966 2681 1196 2722 Dilubentur]
1236 2680 1380 2721 Quidam
1407 2680 1482 2711 libri
1511 2681 1560 2711 di-

855 2726 1000 2762 luentur,
1025 2724 1115 2764 quod
1138 2733 1206 2754 non
1231 2725 1312 2755 sinit
1330 2734 1393 2753 vox
1414 2724 1557 2763 impune.

852 2767 975 2798 Ortum
996 2768 1115 2797 vitium
1131 2777 1148 2796 e
1173 2768 1338 2807 scriptura
1364 2765 1494 2801 vitiosa,
1510 2767 1559 2795 di-

853 2811 1019 2846 lubmtur,
1044 2818 1118 2848 quae
1141 2816 1192 2840 est
1219 2819 1249 2838 v.
1275 2820 1303 2839 c.
1331 2809 1368 2838 iu
1388 2807 1438 2838 ed.
1465 2810 1557 2842 1474.

851 2852 1002 2893 placebat
1015 2856 1129 2882 tamen
1141 2850 1389 2891 Oudendorpio.

893 2898 933 2930 97
948 2894 1101 2928 Potestas
1134 2899 1240 2925 motus·
1265 2893 1352 2937 ιαμ]
1399 2891 1465 2934 Qui
1484 2902 1558 2925 mo-

806 2943 886 2980 93
