1945 3235
345 147 422 182 332
863 143 944 182 DE
976 144 1263 182 ORATORE

348 258 436 299 ret3
469 263 654 305 cumque
675 263 757 306 ego
780 248 898 290 illum
919 250 1071 290 crebro
1101 249 1332 306 appellans,
1356 248 1564 305 collegam
1593 250 1632 291 ei
1663 262 1786 291 suum

348 308 709 358 commendarem,
729 316 856 363 atquc
880 307 1018 363 ipsum
1042 307 1298 348 advocatum
1330 306 1381 347 ad
1405 320 1676 348 communem
1708 307 1787 348 im-

349 370 595 420 peratorum
618 364 774 406 f·ortun
767 379 833 406 1111
857 365 1195 406 defendendam
1187 379 1258 405 1111
1262 379 1456 405 ocarem
1480 378 1564 404 non
1589 363 1672 405 fuit
1692 363 1787 405 haec

351 436 441 462 51116
473 423 577 463 meis
608 422 821 478 1361111115,
845 437 929 462 non
963 423 1052 463 sinc
1083 422 1229 463 dolore
1261 435 1418 478 magno
1442 419 1674 471 miseratio,
1696 434 1787 462 om—

351 480 555 534 niumque
578 472 770 530 deorum,
793 490 835 520 et
869 479 1106 530 hominum,
1127 489 1171 520 ct
1192 480 1367 530 civium,
1390 489 1432 520 et
1463 478 1678 520 sociorum
1709 478 1787 519 irn-

350 536 549 593 ploratio.
584 538 738 591 quibus
769 538 969 578 omnibus
1003 538 1157 588 verbis,
1179 552 1276 592 quae
1308 552 1332 578 a
1365 551 1432 577 me
1462 545 1553 577 tum
1586 545 1686 577 sunt
1713 534 1790 577 ha·-

354 594 456 645 bita,
493 595 525 635 51
561 595 682 636 dolor
714 594 921 635 abfuisset
954 609 1087 645 meus,
1118 609 1203 636 non
1236 595 1364 636 modo
1401 608 1486 635 non
1520 592 1788 644 miserabilis,

266 657 338 696 197
351 653 422 694 sed
456 653 586 693 etiam
618 651 832 692 irridenda
863 651 1012 692 fuisset
1043 653 1180 694 oratio
1209 667 1319 693 mea.
1381 651 1676 698 Quamobrem
1705 650 1789 692 hoc

351 724 425 749 vos
457 709 607 760 doceo,
631 709 809 765 Sulpici,
833 709 970 750 bonus
992 723 1074 765 ego
1100 708 1297 751 videlicet
1327 718 1455 765 atque
1476 708 1668 750 eruditus
1698 707 1788 749 ma-

350 768 496 821 gisten
533 776 577 808 ut
620 767 660 807 111
705 766 888 808 dicendo
922 767 1061 817 irasci,
1100 775 1149 807 ut
1180 767 1338 818 dolere,
1374 776 1421 808 ut
1457 767 1558 807 flere
1599 765 1788 823 possitis.

350 826 623 880 Quamquam
651 835 690 865 te
713 824 886 880 quidem
912 825 1012 880 quid
1049 824 1130 866 hoc
1152 824 1346 875 doceam,
1368 825 1441 880 qui
1473 825 1516 864 in
1547 823 1788 865 accusando

349 881 481 922 sodali
521 894 564 924 et
596 892 811 937 quaestore
843 896 956 945 rneo,
989 891 1158 923 tantum
1195 856 1441 924 incendium
1475 896 1561 922 non
1594 881 1790 945 oratione

348 939 500 989 solum,
533 939 605 980 sed
638 939 773 980 multo
795 939 925 980 etiam
957 939 1095 995 magis
1117 939 1175 989 vi,
1197 950 1241 980 et
1261 939 1423 990 dolore,
1445 950 1489 979 et
1517 938 1666 980 ardore
1697 937 1788 980 ani-

346 997 404 1036 mi
427 997 682 1047 concitaras,
707 1006 754 1037 ut
774 1011 856 1053 ego
879 996 933 1038 ad
965 997 1006 1037 id
1038 997 1392 1053 restinguendum
1417 996 1488 1037 vix
1511 1010 1689 1037 conarer
1718 1011 1788 1037 ac-

345 1054 522 1096 cc·deie?
567 1030 941 1096 Habr1eras³enim
979 1064 1070 1095 tum
1105 1055 1251 1095 omnia
1288 1055 1330 1095 in
1370 1068 1500 1095 causa
1539 1054 1786 1117 superiora:

346 1112 449 1163 vim,
473 1111 635 1168 sugam,
658 1112 980 1169 lapidationem,
1002 1111 1299 1153 cludelitatem
1323 1110 1607 1163 tribunitiam,
1627 1111 1670 1153 in
1689 1110 1790 1153 Cae-

347 1170 490 1225 pionis
522 1170 643 1226 gravi
678 1170 994 1225 miserabilique
1025 1184 1141 1221 casu,
1165 1170 1206 1210 in
1236 1169 1452 1225 judicium
1475 1169 1685 1210 vocabas·
1718 1168 1790 1210 de-

346 1227 446 1268 inde
470 1228 710 1284 principem
733 1237 776 1269 et
800 1237 985 1279 senatus,
1007 1237 1049 1270 et
1072 1228 1276 1279 civitatis,
1300 1227 1367 1268 Μ.
1391 1225 1631 1277 AEmilium,
1650 1226 1790 1282 lapide

346 1299 595 1340 pelcussum
618 1300 709 1327 esse
729 1286 981 1327 constabat:
1013 1286 1054 1316 46
1067 1286 1105 1327 vi
1138 1286 1307 1342 pulsum
1338 1299 1393 1326 ex
1426 1283 1587 1340 templo
1611 1284 1660 1325 L.
1685 1284 1790 1325 Cot-

349 1353 452 1393 tam,
475 1352 517 1383 ct
539 1342 588 1383 T.
614 1341 809 1394 Didium,
825 1358 923 1384 cum
948 1343 1209 1384 intercedere
1231 1342 1388 1384 vellent
1409 1342 1641 1398 rogationi,
1662 1355 1789 1383 nemo

264 1400 336 1448 48
351 1410 520 1456 poterat
540 1415 711 1457 negare.
759 1400 1092 1451 Accedebanut
1114 1401 1207 1442 haec
1230 1410 1276 1441 tu
1299 1399 1545 1441 adolescens
1566 1415 1643 1457 pro
1666 1412 1790 1455 repu-

264 1472 337 1508 193
353 1458 463 1499 blica
484 1459 603 1514 queri
637 1473 802 1500 summa
824 1473 922 1499 eum
954 1458 1166 1514 dignitate
1188 1458 1506 1499 existimarere:
1539 1472 1637 1514 ego,
1661 1457 1790 1498 horno

348 1517 582 1566 censorius,
617 1516 690 1557 vix
723 1516 824 1557 satis
859 1516 1038 1557 honeste
1071 1515 1236 1557 viderer
1269 1515 1518 1557 seditiosum
1556 1515 1710 1564 civem,
1747 1524 1791 1554 et

346 1573 389 1613 in
414 1574 600 1614 hominis
623 1573 857 1614 consularis
880 1573 1124 1614 calamitate
1145 1572 1375 1637 crudelem,
1399 1586 1523 1629 posse
1547 1571 1788 1614 defendere.

348 1629 481 1672 Erant
510 1632 665 1695 optimi
694 1632 809 1672 cives
839 1631 1026 1696 ι111611665,
1059 1632 1269 1672 bonorum
1301 1631 1490 1671 virorum
1520 1629 1694 1687 plenum
1726 1629 1791 1670 fo-

345 1703 454 1738 rum,
479 1704 552 1729 vix
586 1699 633 1729 ut
664 1688 770 1730 mihi
805 1689 943 1729 tenuis
975 1689 1173 1744 quaedam
1207 1688 1331 1729 venia
1353 1688 1526 1729 daretur
1545 1687 1790 1728 excusatio-

346 1746 426 1796 nis,
444 1721 563 1801 'quod
588 1756 730 1786 tamen
754 1761 848 1787 eum
875 1746 1163 1797 defenderem
1185 1746 1256 1801 qui
1283 1745 1387 1786 mihi
1411 1753 1601 1801 quaestor
1623 1744 1789 1786 fuisset.

348 1803 436 1844 Hic
468 1818 549 1860 ego
584 1804 686 1859 quid
718 1804 856 1845 dicam
890 1819 958 1844 me
991 1814 1124 1845 artem
1166 1804 1349 1859 aliquam
1381 1802 1656 1846 adhibuisse?
1687 1802 1790 1857 quid

347 1861 537 1912 fecerim,
573 1862 771 1903 narrabo.
806 1863 839 1902 si
872 1862 1096 1926 placuerit,
1126 1875 1202 1902 vos
1241 1875 1378 1902 meam
1415 1860 1708 1902 defensionem
1745 1859 1790 1901 in

263 1932 334 1967 199
349 1919 492 1983 aliquo
524 1919 627 1960 artis
666 1919 762 1960 loco
793 1920 1023 1976 reponetis.
1086 1919 1295 1960 Omnium
1328 1918 1589 1959 seditionum
1607 1931 1792 1981 genera,

238 2592 246 2600 .
267 2571 303 2601 12
327 2591 336 2600 .

214 2579 236 2611 ν
306 2573 512 2650 ⁷-nefario
542 2609 736 2660 crimine,
768 2619 896 2666 atque
936 2625 977 2651 1n
1012 2609 1160 2650 fraude
1190 2607 1365 2665 capitali
1396 2621 1486 2648 esse
1530 2607 1791 2670 ponendum.

348 1977 466 2028 vitia,
501 1976 690 2032 pericula
725 1977 896 2033 collegi,
930 1991 1110 2040 eamque
1139 1977 1377 2017 orationem
1411 1990 1467 2016 ex
1500 1974 1617 2017 omni
1649 1975 1789 2040 reipu-

348 2034 471 2075 blicae
503 2044 663 2075 nostrae
687 2044 929 2098 temporum
954 2036 1158 2075 varietate
1189 2033 1386 2090 repetivi,
1407 2033 1685 2097 conclusique
1716 2034 1791 2083 ita,

346 2100 395 2132 ut
415 2092 617 2142 dicerem,
640 2093 718 2132 etsi
743 2106 892 2133 omnes
918 2092 1110 2133 molestae
1144 2105 1311 2147 semper
1341 2088 1572 2132 seditiones
1594 2088 1790 2140 fuissent,

338 2148 481 2203 justas
512 2159 655 2190 tamen
687 2149 818 2190 fuisse
848 2149 1089 2201 nonnullas,
1111 2160 1153 2189 et
1187 2163 1322 2205 prope
1347 2146 1619 2189 necessarias.
1678 2122 1791 2189 Τυ111

344 2205 431 2258 illa,
463 2221 560 2262 quae.
592 2207 722 2248 modo
747 2206 925 2248 Crassus
959 2207 1341 2256 commemorabat,
1373 2206 1468 2262 egi,
1500 2219 1637 2270 neque
1670 2219 1791 2262 reges

343 2276 400 2305 ex
433 2264 512 2304 hac
543 2264 721 2305 civitate
752 2265 886 2321 exigi,
915 2279 1053 2320 neque
1082 2265 1276 2304 tribunos
1308 2263 1444 2319 plebis
1475 2263 1624 2313 creari,
1653 2276 1792 2319 neque

345 2321 583 2377 plebiscitis
607 2322 734 2363 toties
759 2321 1026 2363 consularem
1060 2331 1320 2386 potestatem
1351 2320 1502 2371 minui,
1525 2334 1663 2375 neque
1693 2334 1793 2378 pro-

345 2380 635 2430 vocationem,
663 2388 889 2436 pationam
922 2380 1033 2421 illam
1067 2379 1271 2429 civitatis,
1302 2393 1352 2420 ac
1374 2378 1590 2419 vindicem
1619 2377 1793 2418 liberta-

346 2438 417 2488 tis,
439 2436 601 2494 populo
623 2437 821 2478 Romano
841 2437 931 2478 dari
953 2438 1043 2478 sine
1063 2436 1272 2477 nobilium
1292 2435 1556 2477 dissensione
1573 2435 1790 2491 potuisse:

347 2508 413 2544 ac,
435 2509 469 2535 51
492 2494 575 2535 illae
599 2494 831 2536 seditiones
854 2495 976 2536 saluti
1011 2495 1112 2536 huic
1134 2494 1301 2535 civitati
1325 2492 1521 2544 fuissent,
1542 2506 1628 2533 non
1652 2492 1794 2534 conti-

348 2566 449 2602 nuo,
482 2551 515 2592 si
546 2553 642 2606 quis
672 2562 815 2593 motus
847 2552 995 2609 populi
1028 2552 1166 2593 factus
1194 2560 1320 2601 esset,
1350 2550 1394 2591 id
1427 2549 1479 2591 C.
1509 2549 1718 2591 Norbano
1748 2549 1792 2591 in

348 2666 516 2714 Quodsi
549 2681 753 2722 umquam
784 2667 945 2724 populo
980 2667 1178 2708 Romano
1201 2679 1452 2708 concessum
1474 2675 1600 2717 esset,
1620 2674 1670 2706 ut
1692 2678 1794 2720 Jure

345 2724 589 2766 concitatus
623 2723 852 2776 videretui,
885 2725 927 2766 id
959 2725 1074 2780 quod
1105 2724 1317 2766 docebam
1350 2737 1465 2780 saepe
1495 2736 1588 2763 esse
1617 2735 1794 2764 conces-

346 2797 454 2834 sum,
477 2780 637 2823 nullam
661 2781 732 2822 illa
755 2797 928 2823 causam
943 2783 1176 2838 justiorem
1197 2780 1343 2822 fuisse.
1374 2779 1486 2822 Tum
1504 2794 1678 2822 omnem
1699 2794 1794 2821 ora-

357 2908 398 2940 46
412 2908 443 2938 υἱ
449 2909 587 2948 pulsum
599 2917 638 2938 ex
650 2906 782 2948 templo]
799 2907 826 2937 E
838 2906 1011 2945 tribunali,
1023 2905 1110 2937 unde
1123 2907 1296 2938 conciones
1306 2906 1518 2938 haberentur.
1529 2916 1559 2936 ν.
1573 2905 1664 2937 Clav.
1676 2905 1710 2935 in
1718 2903 1752 2935 h.
1764 2906 1794 2935 v.
