1945 3235
725 122 1017 162 ORATOR.
1521 131 1594 166 541

139 231 365 289 plerasque
393 228 537 286 aliqua
558 228 703 285 specie
732 227 975 270 illuminare
1005 229 1265 272 sententias:
1295 245 1403 286 quas
1425 245 1526 273 cum
1548 239 1596 273 tu

138 289 320 346 optime,
344 288 494 340 Brute,
517 297 678 338 teneas,
700 286 804 343 quid
836 286 993 328 attinet
1023 286 1273 334 nominibus
1305 290 1383 340 uti,
1415 298 1491 331 aut
1520 304 1597 331 ex-

140 348 323 404 emplis?
357 356 525 387 tantum
550 355 725 386 notetur
755 344 891 386 locus.
953 343 1026 384 Sic
1059 342 1193 399 igitur
1215 344 1331 386 dicet
1362 346 1446 398 ille,
1468 362 1597 402 quein
1610 346 1684 395 40

139 406 403 462 expetimus,
431 413 478 446 ut
510 413 650 444 verset
681 415 796 458 saepe
829 399 975 442 multis
1006 401 1146 442 modis
1172 402 1355 442 eandem
1388 414 1431 444 et
1467 420 1596 446 unam
1613 419 1688 457 137

139 477 257 515 rem3
290 472 334 504 et
366 462 529 503 haereat
561 461 602 501 in
629 460 779 501 eadem
801 469 1181 515 commoreturque
1213 461 1450 501 sententia:
1485 477 1600 519 saepe

140 521 274 562 etiam
299 529 345 561 ut
366 528 576 561 extenuet
602 517 791 572 aliquid:
825 531 941 573 saepe
974 527 1021 558 ut
1052 517 1254 559 irrideat:
1287 527 1336 558 ut
1357 517 1544 560 declinet
1575 536 1601 561 a

141 579 368 636 proposito
390 577 680 630 deflectatque
702 575 961 616 sententiam
979 591 989 617 ι
1015 584 1062 616 ut
1083 585 1314 631 proponat,
1331 575 1435 630 quid
1459 576 1603 617 dictu-

141 651 213 678 rus
248 637 332 677 sit:
365 643 427 685 ut,
458 647 558 674 cum
596 633 858 688 transegerit
887 633 983 689 jam
1020 632 1200 688 aliquid,
1236 633 1441 675 definiat:
1474 642 1523 675 ut
1559 649 1604 676 se

141 694 236 751 ipse
257 702 456 735 revocet:
479 700 543 742 ut,
565 690 684 746 quod
707 690 837 743 dixit,
859 691 1010 733 iteret:
1036 701 1084 732 ut
1105 701 1412 747 argumentum
1435 692 1604 734 ratione

142 750 400 794 concludat:
433 758 482 789 ut
506 749 815 805 interrogando
839 758 1016 806 urgeat:
1049 757 1099 790 ut
1129 763 1273 790 rursus
1296 750 1418 805 quasi
1451 749 1504 791 ad
1537 749 1604 790 in-

141 817 362 865 terrogata
392 807 476 849 sibi
508 807 600 863 ipse
630 807 913 864 respondeat:
946 815 1184 858 utcontra,
1216 822 1265 848 ac
1295 808 1428 859 dieat,
1460 808 1603 865 accipi

139 877 184 908 et
206 865 355 908 sentiri
378 865 507 907 velit:
540 874 588 907 ut
609 865 852 915 addubitet,
875 864 980 920 quid
1013 865 1173 920 potius,
1196 875 1272 906 aut
1292 865 1514 922 quomodo
1537 867 1603 907 di-

134 933 231 967 cat:
265 935 314 966 ut
333 923 503 966 dividat
525 922 568 964 in
593 933 760 979 partes:
795 931 842 964 ut
864 922 1027 978 aliquid
1051 923 1267 978 relinquat
1297 939 1347 965 ac
1378 923 1601 980 negligat:

140 990 192 1024 ut
220 993 322 1025 ante
356 982 642 1038 praemuniat:
675 991 724 1022 ut
752 981 796 1021 in
828 996 879 1022 eo
912 981 1022 1038 ipso,
1054 981 1098 1022 in
1129 997 1216 1038 quo
1248 982 1602 1038 reprehendatur,

139 1041 313 1098 culpam
335 1041 382 1082 in
403 1040 693 1081 adversarium
717 1038 928 1081 conferat.
991 1039 1052 1080 Ut
1080 1054 1196 1095 saepe
1217 1055 1318 1081 cum
1342 1040 1408 1090 iis,
1430 1040 1504 1096 qui
1528 1055 1603 1082 au·
1618 1049 1692 1084 138

143 1099 285 1150 diunt,
307 1112 638 1153 nonnumquam
657 1097 788 1139 etiam
812 1112 911 1138 cum
944 1098 1190 1138 adversario
1212 1098 1334 1154 quasi
1365 1098 1602 1142 deliberet:

140 1166 189 1198 ut
219 1157 447 1198 hominum
481 1170 698 1197 sermones
730 1170 957 1211 moresque
981 1155 1229 1198 describat:
1264 1166 1310 1196 ut
1341 1166 1462 1197 muta
1483 1172 1605 1213 quae-

140 1215 240 1257 dam
263 1214 487 1270 loquentia
510 1213 712 1255 inducat:
746 1223 795 1254 ut
824 1214 880 1254 ab
903 1228 969 1264 eo,
993 1213 1109 1269 quod
1132 1214 1291 1270 agitur,
1314 1224 1483 1256 avertat
1512 1215 1606 1256 ani-

140 1287 260 1315 mos:
294 1283 344 1314 ut
375 1287 490 1328 saepe
521 1272 565 1312 in
589 1271 852 1312 hilaritatem
873 1275 913 1306 97
930 1272 1118 1314 risumve
1140 1281 1391 1314 convertat:
1427 1283 1474 1313 ut
1504 1283 1606 1315 ante

140 1340 343 1388 occupet,
379 1330 496 1386 quod
535 1330 679 1370 videat
712 1329 902 1385 opponi:
936 1339 984 1370 ut
1013 1340 1239 1385 comparet
1272 1330 1604 1374 similitudines:

140 1398 192 1430 ut
215 1398 360 1431 utatur
380 1387 619 1443 exemplis:
653 1396 700 1428 ut
731 1387 847 1428 aliud
871 1386 942 1427 alii
967 1387 1160 1428 tribuens
1182 1388 1436 1445 dispertiat:
1469 1398 1518 1430 ut
1541 1390 1607 1430 in-

141 1447 460 1504 terpellatorem
482 1446 708 1489 coerceat:
743 1454 792 1486 ut
822 1444 984 1500 aliquid
1008 1445 1188 1487 reticere
1220 1462 1263 1487 se
1286 1447 1428 1488 dicat:
1462 1456 1510 1488 ut
1533 1447 1608 1488 de-

139 1505 326 1556 nuntiet,
346 1504 450 1559 quid
473 1513 680 1545 caveant:
713 1514 762 1544 ut
783 1503 960 1544 liberius
982 1503 1086 1558 quid
1109 1504 1290 1547 audeat:
1325 1514 1374 1546 ut
1395 1505 1608 1547 irascatur

139 1563 288 1615 etiam,
321 1572 369 1603 ut
399 1562 606 1618 objurget
636 1561 884 1617 aliquandO,
914 1570 963 1602 ut
995 1562 1265 1618 deprecetur,
1296 1573 1345 1604 ut
1374 1563 1605 1619 supplicet,

141 1630 192 1662 ut
213 1620 451 1670 medeatur,
475 1629 522 1660 ut
544 1635 569 1660 a
591 1619 818 1676 proposito
841 1615 1029 1660 declinet
1051 1619 1381 1675 aliquantulum,
1402 1631 1449 1662 ut
1465 1631 1604 1678 optet,

141 1688 192 1720 ut
212 1688 486 1720 exsecretur:
520 1687 569 1718 ut
592 1677 668 1718 fiat
699 1677 767 1729 iis,
798 1677 914 1732 apud
937 1692 1045 1732 quos
1068 1677 1199 1729 dicet,
1222 1678 1462 1720 fammaris.
1522 1679 1603 1721 At-
1620 1692 1694 1729 139

141 1751 226 1792 que
247 1736 351 1777 alias
373 1735 504 1776 etiam
527 1735 699 1777 dicendi
722 1736 844 1791 quasi
869 1735 1050 1776 virtutes
1073 1746 1303 1792 sequatur:
1329 1737 1604 1790 brevitatem,

142 1795 177 1836 si
201 1809 266 1836 res
289 1803 433 1850 petet:
466 1808 582 1850 saepe
603 1794 735 1835 etiam
759 1807 848 1834 rem
871 1792 1056 1835 dicendo
1076 1794 1282 1850 subjiciet
1303 1794 1462 1837 oculis:
1488 1810 1605 1852 saepe

142 1867 273 1910 supra
295 1851 417 1903 feret,
439 1867 569 1907 quam
592 1851 684 1893 fieri
713 1851 875 1908 possit:
909 1851 1174 1908 significatio
1197 1867 1313 1909 saepe
1335 1853 1418 1895 erit
1449 1855 1604 1909 major,

141 1925 273 1967 quam
310 1911 477 1952 oratio:
511 1924 627 1966 saepe
670 1909 877 1961 hilaritas,
920 1924 1036 1966 saepe
1069 1910 1172 1952 vitae
1211 1914 1251 1945 98
1266 1922 1605 1967 naturarumque

142 1968 349 2010 imitatio.
410 1967 513 2010 Hoc
544 1968 588 2009 in
620 1982 777 2025 genere
798 1971 919 2021 (nam
948 1968 1070 2023 quasi
1104 1968 1257 2011 silvam
1293 1969 1430 2020 vides)
1462 1971 1602 2012 omnis
1616 1970 1686 2019 41

145 2027 315 2069 eluceat
336 2035 510 2083 oportet
531 2026 790 2081 eloquentiae
813 2025 1087 2083 magnitudo.

201 2085 287 2127 Sed
317 2085 429 2137 haec,
452 2084 534 2125 nisi
556 2084 782 2135 collocata,
805 2095 849 2125 et
879 2084 1002 2140 quasi
1033 2094 1212 2137 structa,
1234 2094 1277 2127 et
1309 2100 1422 2126 nexa
1446 2085 1602 2137 verbis,
1619 2095 1694 2130 140

143 2143 198 2186 ad
220 2158 316 2184 eam
339 2143 524 2194 laudem,
546 2157 676 2198 quam
700 2142 912 2194 volumus,
935 2143 1155 2200 adspirare
1177 2158 1265 2184 non
1289 2152 1485 2201 possunt.
1535 2143 1605 2185 De

143 2217 230 2258 quo
253 2216 353 2244 cum
385 2201 492 2242 mihi
516 2200 720 2257 deinceps
748 2201 940 2242 viderem
961 2215 1052 2243 esse
1074 2201 1322 2254 dicendum,
1345 2202 1425 2243 etsi
1457 2216 1605 2244 move-

144 2261 253 2301 bant
275 2259 372 2315 jam
404 2273 472 2300 me
504 2258 589 2310 illa,
618 2273 716 2315 quae
748 2273 878 2315 supra
906 2258 1118 2311 dixeram,
1143 2270 1288 2302 tamen
1319 2260 1386 2312 iis,
1409 2275 1507 2316 quae
1539 2274 1605 2301 se-

142 2326 350 2374 quuntur,
382 2317 667 2374 perturbabar
696 2319 852 2374 magis.
915 2316 1187 2360 Occurrebat
1213 2319 1346 2370 enim,
1377 2333 1504 2375 posse
1537 2331 1648 2362 re0P·
1665 2324 1738 2354 210..

142 2376 274 2432 periri
305 2390 394 2417 non
424 2374 594 2416 invidos
626 2374 780 2427 solum,
811 2375 969 2431 quibus
1001 2376 1160 2418 referta
1197 2385 1297 2418 sunt
1332 2376 1494 2428 omnia,
1530 2375 1646 2418 seda·

145 2434 336 2476 fautores
356 2433 489 2474 etiam
509 2447 704 2474 mearum
725 2433 916 2485 laudum,
939 2434 1013 2490 qui
1044 2449 1132 2476 non
1158 2443 1382 2476 censerent
1404 2434 1498 2491 ejus
1523 2435 1605 2475 viri

145 2506 252 2543 esse,
284 2492 336 2533 de
367 2491 492 2547 cujus
525 2491 690 2532 meritis
722 2499 845 2533 tanta
874 2502 1045 2534 senatus
1071 2493 1240 2548 judicia
1272 2492 1461 2544 fecisset,
1486 2507 1607 2534 com-

146 2551 360 2605 probante
392 2549 554 2607 populo
578 2549 795 2600 Romano,
817 2558 981 2605 quanta
1000 2550 1054 2592 de
1084 2550 1216 2602 nullo,
1248 2550 1301 2592 de
1331 2550 1519 2592 artificio
1540 2550 1606 2591 di-

147 2608 273 2661 cendi
296 2607 450 2649 litteris
473 2618 559 2648 tam
585 2607 722 2648 multa
742 2607 961 2649 mandare.
1022 2609 1194 2656 Quibus
1217 2609 1252 2649 si
1275 2608 1384 2650 nihil
1404 2608 1520 2650 aliud
1539 2622 1606 2649 re·

148 2666 421 2723 sponderem,
443 2666 542 2718 nisi,
562 2680 633 2707 me
657 2664 728 2707 Μ.
748 2664 888 2707 Bruto
911 2680 1069 2724 negare
1099 2666 1272 2725 roganti
1302 2666 1507 2720 noluisse,
1530 2666 1606 2722 ju-

192 2827 232 2859 97
269 2823 430 2864 visumve]
470 2824 532 2856 Ed.
566 2825 651 2857 Ven.
679 2825 859 2865 risumque.
945 2827 986 2860 98
1009 2825 1291 2868 naturarumque]
1312 2826 1526 2866 ,lv‘aturoeque
1538 2822 1607 2856 Ed.

152 2865 295 2941 {gpxnigil
304 2867 510 2941 X'eaquideat
532 2872 584 2900 est
598 2874 861 2908 correctumpu-
901 2867 986 2900 Ven.
