1945 3235
626 129 814 171 LIBER
841 131 1117 172 TERTIUS.
1551 139 1596 173 51

150 245 233 282 test
254 254 346 282 esse
368 254 509 282 rerum
539 248 831 289 externarum,
861 241 903 270 30
917 239 1125 294 corporis,
1149 250 1192 279 et
1222 239 1372 280 animi.
1434 239 1599 281 Rerum

148 309 426 341 externarum
446 306 546 339 sunt
566 311 631 349 ea,
654 312 752 354 quae
772 312 889 348 casu,
912 305 988 337 aut
1007 296 1181 337 fortuna
1205 297 1408 348 secunda,
1428 308 1502 339 aut
1526 299 1599 339 ad-

149 372 286 409 versa,
309 356 503 398 accidere
536 365 743 410 possunt:
776 364 823 395 ut
847 369 998 411 genus,
1021 355 1238 402 educatio,
1270 354 1451 407 divitiae,
1477 366 1598 411 pote-

149 424 297 466 states,
320 414 485 471 glorias,
509 413 679 465 civitas,
707 413 929 463 amicitiae,
949 422 993 453 et
1023 427 1120 468 quae
1145 412 1395 467 hujusmodi
1421 422 1534 464 sunt,
1557 423 1601 454 et

148 487 213 524 ea,
233 488 330 529 quae
353 471 419 512 his
442 480 542 512 sunt
575 471 806 512 contraria.
869 470 1078 526 Corporis
1108 480 1209 511 sunt
1238 485 1302 519 ea,
1325 485 1424 525 qua:
1447 479 1603 511 natura

148 530 321 587 corpori
343 528 542 570 attribuit
575 529 808 571 commoda
827 531 865 560 31
889 530 984 582 [aut
1013 528 1338 580 incommoda]:
1362 537 1411 568 ut
1442 528 1601 569 veloci-

150 599 229 640 tas,
254 589 376 638 vires,
399 586 605 642 dignitas,
628 587 846 636 valetudo,
870 596 914 627 et
936 601 1033 642 quae
1054 587 1272 628 contraria
1293 594 1409 627 sunt.
1450 585 1601 627 Animi

149 654 250 686 sunt
281 660 344 697 ea,
378 659 476 700 quae
510 645 708 696 consilio,
730 654 775 686 et
807 644 1077 701 cogitatione
1107 653 1255 685 nostra
1288 652 1517 685 constant:
1554 653 1602 684 ut

148 703 390 759 prudentia,
423 701 613 757 justitia,
642 702 870 754 fortitudo,
901 702 1129 754 modestia,
1169 712 1213 743 et
1242 717 1340 757 quae
1381 700 1601 744 contraria

147 770 261 802 sunt.
321 763 362 792 3⁶2
381 759 499 814 [Erit
520 761 656 818 igitur
675 761 773 802 haec
795 760 1070 801 confirmatio
1093 770 1138 802 et
1166 759 1412 802 confutatio
1434 759 1597 813 nobis]

148 816 201 858 In
223 818 475 874 hujusmodi
497 818 632 876 igitur
654 834 784 861 causa
797 818 1063 875 principium
1083 827 1277 860 sumetur
1295 827 1370 859 aut
1391 834 1416 859 a
1433 826 1596 869 nostra,
1614 820 1657 853 ll

147 883 223 916 aut
243 877 297 918 ab
320 876 428 932 ejuS,
452 876 506 918 de
539 892 625 934 quo
655 878 898 933 loquemur,
925 885 1001 918 aut
1033 877 1089 918 ab
1119 890 1285 927 eorum,
1308 877 1383 931 qui
1407 877 1599 926 audient,

145 948 344 989 persona,
367 943 443 976 aut
473 936 528 977 ab
561 950 621 977 re.
682 934 724 977 A
745 943 908 987 nostra,
933 935 966 975 si
997 935 1286 985 laudabimus,
1309 935 1503 976 dicemus
1527 944 1604 975 aut

145 991 294 1033 officio
317 992 474 1044 facere,
494 994 612 1050 quod
631 1008 762 1035 causa
773 993 1107 1035 necessitudinis
1126 993 1389 1036 intercedat:
1414 1003 1489 1034 aut
1512 1002 1602 1033 stu-

146 1049 235 1098 dio,
257 1051 375 1106 quod
397 1051 612 1106 ejusmodi
646 1051 820 1093 virtutis
855 1051 926 1103 sit,
952 1061 1001 1093 ut
1035 1065 1185 1092 omnes
1207 1054 1248 1082 33
1261 1065 1604 1093 commemorare

145 1108 334 1150 debeant
356 1109 488 1151 velle:
513 1117 588 1151 aut
609 1110 727 1165 quod
746 1118 913 1151 rectum
936 1110 1006 1161 sit,
1025 1124 1080 1150 ex
1104 1109 1287 1150 aliorum
1310 1109 1436 1151 laude
1458 1117 1604 1150 osten-

146 1166 262 1218 dere,
285 1167 423 1222 qualis
454 1177 601 1209 noster
631 1167 800 1208 animus
824 1168 895 1209 sit.
958 1167 1003 1209 Si
1029 1166 1389 1223 vituperabimus,
1418 1177 1491 1208 aut
1514 1181 1606 1208 me-

147 1224 232 1264 rito
263 1224 420 1276 facere,
450 1225 567 1282 quod
590 1225 652 1266 ita
673 1227 849 1267 tractati
879 1226 1040 1267 simus:
1064 1235 1139 1266 aut
1170 1225 1331 1275 studio,
1358 1225 1475 1282 quod
1499 1225 1606 1266 utile

147 1290 349 1337 putemus
371 1297 477 1334 esse,
500 1285 555 1324 ab
574 1283 778 1324 omnibus
798 1285 973 1326 unicam
986 1283 1198 1324 malitiam
1218 1292 1350 1338 atque
1364 1283 1606 1339 nequitiam

146 1341 377 1396 cognosci:
401 1350 476 1381 aut
505 1341 623 1397 quod
657 1341 827 1397 placeat
857 1342 1044 1394 ostendi,
1068 1342 1173 1398 quid
1203 1341 1330 1382 nobis
1361 1341 1606 1397 displiceat,

146 1411 200 1438 ex
222 1398 406 1440 aliorum
430 1399 766 1456 vituperatione.
828 1400 900 1442 Ab
923 1400 1016 1456 ejus
1042 1414 1239 1456 persona,
1263 1399 1317 1441 de
1346 1414 1433 1455 quo
1457 1400 1607 1454 loque-

144 1468 256 1506 mur,
289 1457 322 1497 si
354 1456 644 1509 laudabimus,
674 1459 812 1500 vereri
844 1474 924 1500 nos
958 1459 1168 1510 dicemus,
1201 1460 1242 1488 34
1257 1466 1306 1499 ut
1343 1457 1457 1499 illius
1489 1457 1608 1499 facta

146 1514 288 1555 verbis
311 1515 519 1572 consequi
554 1515 795 1572 possimus:
817 1521 859 1549 35
874 1531 1024 1558 omnes
1058 1515 1250 1558 hominis
1285 1515 1398 1559 illius
1423 1516 1606 1557 virtutes

145 1572 383 1626 praedicare
419 1582 644 1631 oportere:
686 1574 782 1631 ipsa
820 1575 938 1617 facta
972 1575 1170 1617 omnium
1202 1573 1479 1615 laudatorum
1515 1574 1604 1615 elo-

143 1632 368 1684 quentiam
407 1632 587 1674 anteire.
648 1632 695 1674 Si
726 1633 1086 1691 vituperabimus,
1118 1647 1182 1684 ea,
1217 1647 1316 1688 quae
1357 1632 1603 1674 videbimus

143 1689 376 1741 contraria,
404 1690 554 1747 paucis
587 1691 732 1733 verbis
764 1692 1063 1744 commutatis,
1086 1691 1173 1733 (lici
1208 1705 1350 1747 posse,
1381 1690 1601 1732 dicemus:

144 1757 195 1788 ut
215 1746 360 1804 paullo
390 1758 491 1790 ante
512 1748 703 1806 exempli
725 1765 856 1793 causa
877 1751 1222 1792 demonstratum
1246 1759 1327 1791 est.
1387 1747 1459 1790 Ab
1481 1749 1603 1790 audi·
1621 1758 1665 1794 12

146 1815 290 1846 torum
311 1820 511 1862 persona,
535 1807 570 1848 si
592 1808 882 1860 laudabimus,
904 1808 1113 1865 quoniam
1135 1809 1177 1839 36
1194 1822 1283 1848 non
1298 1807 1413 1863 apud
1428 1807 1605 1863 ignotos

146 1861 385 1916 laudemus,
415 1880 494 1907 nos
525 1866 731 1908 monendi
764 1882 896 1908 causa
924 1881 1065 1924 pauca
1091 1879 1184 1907 esse
1217 1865 1434 1907 dicturos:
1463 1874 1539 1906 aut
1571 1866 1605 1906 si

146 1929 273 1962 erunt
303 1922 460 1978 ignoti,
492 1932 540 1965 ut
571 1924 701 1965 talem
735 1925 877 1966 virum
907 1924 1045 1966 velint
1077 1937 1358 1980 cognoscere,
1386 1932 1607 1980 petemus:

146 1979 354 2038 quoniam
374 1982 418 2023 in
441 1983 594 2024 eodem
614 1983 787 2025 virtutis
811 1983 955 2025 studio
979 1983 1080 2033 sint,
1103 1981 1218 2039 apud
1237 1996 1346 2039 quos
1369 1981 1609 2034 laudemus,

950 2134 991 2163 33
1029 2130 1294 2163 Comnzemo'i'are
1329 2130 1466 2162 debeant
1500 2129 1608 2173 vella]

901 2173 991 2206 Velle
1006 2175 1098 2206 abest
1114 2174 1154 2205 ab
1170 2174 1220 2205 cd.
1238 2176 1329 2208 1474.

945 2221 988 2249 34
1016 2218 1061 2249 Ut
1073 2215 1499 2257 illius·faeta—possimus]
1525 2216 1613 2257 Quia

186 2135 228 2164 30
255 2132 404 2172 Corporis
417 2136 448 2163 et
463 2132 594 2172 animi]
621 2132 722 2172 vulg.
738 2136 768 2163 et
785 2142 854 2163 eor-

137 2177 239 2216 poris.
257 2176 374 2207 Delevi
386 2180 428 2213 et,
443 2176 633 2206 auctoribus
646 2176 727 2206 Mss.

187 2222 224 2250 31
249 2220 319 2250 Aac
332 2218 563 2258 incommoda]
592 2220 661 2249 Αιιΐ
681 2220 774 2249 abest
788 2217 852 2248 ΜΞ.

145 2261 238 2292 Cort.
282 2261 354 2301 Ego
375 2266 489 2292 totum
525 2261 703 2292 delendum
725 2270 854 2292 censeo.

144 2302 231 2335 Nam
247 2305 458 2335 incommoda
480 2310 559 2335 sunt
575 2306 609 2336 in
623 2304 851 2344 sequentibus,

143 2352 176 2377 et
188 2357 260 2388 quoe
272 2348 444 2378 contraria
458 2351 536 2377 sunt
549 2360 558 2376 :
572 2354 606 2378 et
620 2357 752 2387 semper
765 2347 854 2378 mala

143 2398 212 2421 non
221 2389 340 2421 diserte
349 2394 535 2431 ponuntur,
545 2390 601 2420 sed
608 2395 744 2421 tantum
755 2389 855 2428 bona,

144 2439 179 2463 et
201 2433 259 2464 illa
281 2433 342 2464 hac
365 2432 523 2470 formula,
547 2438 579 2463 et
600 2443 670 2473 quae
686 2433 857 2463 contraria

143 2480 230 2507 sunt.
244 2476 398 2515 Arbitror
411 2486 483 2506 rem
497 2475 684 2506 evidentem
697 2485 778 2513 esse,
792 2476 855 2506 ita-

143 2528 206 2558 que
220 2520 314 2549 uncis
329 2518 459 2550 inclusi.
483 2519 544 2549 Est
559 2525 672 2549 autem
688 2518 753 2548 hue
766 2523 855 2548 trac-

145 2565 216 2592 tum
232 2572 249 2592 e
263 2574 290 2592 c.
305 2572 372 2602 seq.
384 2562 441 2592 ubi
454 2566 534 2592 sunt
549 2562 718 2592 commoda
730 2565 792 2591 cmc
803 2561 854 2590 in-

142 2606 311 2676 fommoda
325 2605 478 2645 comam-is,
494 2604 550 2635 sed
563 2604 661 2636 aliter
676 2608 775 2644 atque
791 2604 854 2635 hoc

158 2656 229 2676 oco.

187 2691 228 2721 32
250 2688 334 2720 Erit
366 2690 477 2729 ‘Igitur
512 2690 736 2731 liceo-nohis]
771 2690 854 2721 Haec

146 2731 223 2769 quid
235 2732 295 2763 sibi
310 2732 343 2762 h.
358 2732 381 2763 l.
394 2733 512 2771 velint,
529 2743 598 2763 non
613 2733 777 2773 intelligo.
793 2743 855 2764 nec

145 2775 234 2804 enim
264 2784 372 2806 sermo
400 2780 451 2806 est
472 2776 513 2806 de
541 2776 797 2807 confirmatione
819 2780 855 2807 et

145 2817 386 2849 confutatione.
430 2819 517 2849 Puto
530 2828 598 2850 esse
613 2819 725 2860 spuria
747 2823 782 2850 et
795 2820 856 2859 eji-

146 2859 372 2891 cienda—ln
404 2870 492 2902 seqq.
520 2862 629 2901 igit-ur
661 2861 751 2892 abest
780 2861 852 2892 edd.

151 2904 238 2934 1474.
264 2905 355 2935 1475.
375 2903 472 2935 Junt.
487 2904 546 2936 διο.

899 2259 972 2292 edd.
999 2266 1082 2292 vett.
1111 2266 1146 2291 et
1170 2260 1250 2291 Mss.
1281 2260 1380 2291 multi
1407 2259 1533 2290 habent
1548 2269 1613 2290 non

891 2304 1067 2344 possifflzes,
1085 2305 1188 2335 etiarn
1204 2303 1340 2334 Mediol.
1359 2305 1451 2336 1474.
1474 2312 1533 2335 ne,-
1557 2304 1611 2333 vix

897 2347 1042 2377 dubitari
1058 2351 1169 2388 potest
1190 2357 1210 2378 a
1233 2356 1334 2376 manu
1359 2346 1505 2376 auctoris
1528 2355 1610 2381 esse,

897 2400 940 2420 ‘ne
967 2391 1059 2421 illius
1073 2389 1286 2431 faeta—non
1308 2389 1472 2430 possimus
1481 2402 1492 2422 ‚·
1524 2387 1612 2427 quod

900 2433 1002 2464 etiam
1019 2433 1184 2464 efficacius
1200 2437 1261 2463 est.

942 2479 982 2507 35
1010 2476 1131 2507 Omnes
1159 2475 1299 2506 hominis
1326 2475 1418 2505 ἰ’ἷῖἱῑιε
1444 2473 1609 2514 virtutes]

899 2517 1057 2549 Hominis
1070 2517 1155 2550 edidi
1172 2527 1231 2558 pro
1247 2517 1403 2553 homines,
1426 2522 1465 2546 ut
1481 2517 1613 2548 Graevio

898 2561 1064 2601 placebat,
1081 2561 1136 2600 qui
1152 2561 1185 2591 id
1201 2561 1235 2591 in
1253 2559 1355 2591 Codd.
1378 2559 1506 2594 duobus
1521 2569 1612 2600 repe-

899 2608 1000 2642 rerat,
1017 2609 1056 2634 ut
1074 2603 1226 2634 Oudend.
1250 2604 1285 2632 in
1309 2602 1392 2633 aliis.
1417 2603 1470 2632 Sic
1485 2602 1611 2633 habent

897 2648 1000 2677 etiam
1015 2646 1088 2677 edd.
1105 2646 1241 2677 Mediol.
1261 2648 1352 2680 1498.
1374 2645 1472 2676 Junt.

942 2690 984 2721 36
1010 2689 1087 2720 Non
1102 2690 1194 2729 apud
1206 2687 1360 2727 ignotos]
1386 2688 1407 2718 i.
1423 2699 1451 2718 e.
1465 2688 1609 2728 ignaros,

900 2732 987 2772 quod
1016 2733 1119 2763 etiam
1149 2731 1283 2771 quidam
1312 2730 1389 2761 libri
1417 2731 1543 2762 habent
1572 2741 1611 2761 ex

900 2775 1018 2815 glossa.
1054 2775 1104 2805 Ea
1117 2775 1164 2805 vis
1179 2775 1269 2804 verbi
1283 2775 1430 2812 ignotus,
1446 2773 1555 2810 hodic,
1572 2778 1613 2804 ut

900 2819 1030 2859 opinor,
1046 2818 1149 2849 etiam
1164 2817 1328 2848 tir-onibus
1343 2827 1360 2847 e
1376 2815 1515 2846 Phaedro
1532 2821 1613 2846 nota

897 2869 958 2892 est,

851 2968 927 3004 ΕΞ
