<?xml version="1.0" encoding="UTF-8"?>
<!DOCTYPE html PUBLIC "-//W3C//DTD XHTML 1.0 Transitional//EN"
    "http://www.w3.org/TR/xhtml1/DTD/xhtml1-transitional.dtd">
<html xmlns="http://www.w3.org/1999/xhtml" xml:lang="en" lang="en">
 <head>
  <title>
</title>
<meta http-equiv="Content-Type" content="text/html;charset=utf-8" />
  <meta name='ocr-system' content='tesseract 3.04.00' />
  <meta name='ocr-capabilities' content='ocr_page ocr_carea ocr_par ocr_line ocrx_word'/>
</head>
<body>
  <div class='ocr_page' id='page_1' title='image "./operaomnia01ciceuoft/operaomnia01ciceuoft_0052.png"; bbox 0 0 1914 3220; ppageno 0'>
   <div class='ocr_carea' id='block_1_1' title="bbox 330 142 1266 199">
    <p class='ocr_par' dir='ltr' id='par_1_1' title="bbox 330 142 1266 199">
     <span class='ocr_line' id='line_1_1' title="bbox 330 142 1266 199; baseline 0.002 -5"><span class='ocrx_word' id='word_1_1' title='bbox 330 143 434 194; x_wconf 74' lang='lat' dir='ltr'>xliv</span> <span class='ocrx_word' id='word_1_2' title='bbox 816 142 1266 199; x_wconf 77' lang='lat' dir='ltr'><strong>PRAEFATIO.</strong></span> 
     </span>
    </p>
   </div>
   <div class='ocr_carea' id='block_1_2' title="bbox 278 273 1757 2891">
    <p class='ocr_par' dir='ltr' id='par_1_2' title="bbox 303 273 1757 921">
     <span class='ocr_line' id='line_1_2' title="bbox 327 273 1756 333; baseline 0.004 -9"><span class='ocrx_word' id='word_1_3' title='bbox 327 291 434 324; x_wconf 86' lang='lat' dir='ltr'>nou</span> <span class='ocrx_word' id='word_1_4' title='bbox 463 281 606 333; x_wconf 89' lang='lat' dir='ltr'>sunt,</span> <span class='ocrx_word' id='word_1_5' title='bbox 640 281 701 325; x_wconf 87' lang='lat' dir='ltr'>ut</span> <span class='ocrx_word' id='word_1_6' title='bbox 742 273 973 325; x_wconf 82' lang='lat' dir='ltr'>subinde</span> <span class='ocrx_word' id='word_1_7' title='bbox 1017 273 1070 324; x_wconf 89' lang='lat' dir='ltr'>iu</span> <span class='ocrx_word' id='word_1_8' title='bbox 1106 274 1245 325; x_wconf 85' lang='lat' dir='ltr'>notis</span> <span class='ocrx_word' id='word_1_9' title='bbox 1272 273 1582 328; x_wconf 88' lang='lat' dir='ltr'>monuimus</span> <span class='ocrx_word' id='word_1_10' title='bbox 1621 277 1756 330; x_wconf 84' lang='lat' dir='ltr'>etin</span> 
     </span>
     <span class='ocr_line' id='line_1_3' title="bbox 323 358 1757 434; baseline 0.004 -24"><span class='ocrx_word' id='word_1_11' title='bbox 323 358 655 429; x_wconf 69' lang='lat' dir='ltr'>singulorum</span> <span class='ocrx_word' id='word_1_12' title='bbox 676 358 1012 410; x_wconf 83' lang='lat' dir='ltr'>voluminum</span> <span class='ocrx_word' id='word_1_13' title='bbox 1039 358 1462 427; x_wconf 60' lang='lat' dir='ltr'>praefationibus</span> <span class='ocrx_word' id='word_1_14' title='bbox 1519 360 1594 414; x_wconf 87' lang='lat' dir='ltr'>Et</span> <span class='ocrx_word' id='word_1_15' title='bbox 1621 378 1757 434; x_wconf 91' lang='lat' dir='ltr'>quo-</span> 
     </span>
     <span class='ocr_line' id='line_1_4' title="bbox 323 442 1754 518; baseline 0.004 -24"><span class='ocrx_word' id='word_1_16' title='bbox 323 442 468 497; x_wconf 85' lang='lat' dir='ltr'>niam</span> <span class='ocrx_word' id='word_1_17' title='bbox 499 444 614 515; x_wconf 85' lang='lat' dir='ltr'>ipsc</span> <span class='ocrx_word' id='word_1_18' title='bbox 641 443 862 496; x_wconf 88' lang='lat' dir='ltr'>omnino</span> <span class='ocrx_word' id='word_1_19' title='bbox 891 443 944 495; x_wconf 88' lang='lat' dir='ltr'>in</span> <span class='ocrx_word' id='word_1_20' title='bbox 973 442 1311 496; x_wconf 70' lang='lat' dir='ltr'>conterendis</span> <span class='ocrx_word' id='word_1_21' title='bbox 1341 445 1485 498; x_wconf 90' lang='lat' dir='ltr'>libris</span> <span class='ocrx_word' id='word_1_22' title='bbox 1514 448 1754 518; x_wconf 83' lang='lat' dir='ltr'><strong>antiquis</strong></span> 
     </span>
     <span class='ocr_line' id='line_1_5' title="bbox 303 528 1755 598; baseline 0.005 -19"><span class='ocrx_word' id='word_1_23' title='bbox 303 528 547 589; x_wconf 43' lang='lat' dir='ltr'>,aiiorum</span> <span class='ocrx_word' id='word_1_24' title='bbox 576 546 742 598; x_wconf 81' lang='lat' dir='ltr'>opera</span> <span class='ocrx_word' id='word_1_25' title='bbox 769 546 895 579; x_wconf 86' lang='lat' dir='ltr'>usus</span> <span class='ocrx_word' id='word_1_26' title='bbox 923 536 1022 589; x_wconf 86' lang='lat' dir='ltr'>est,</span> <span class='ocrx_word' id='word_1_27' title='bbox 1052 546 1312 592; x_wconf 77' lang='lat' dir='ltr'>veremur,</span> <span class='ocrx_word' id='word_1_28' title='bbox 1346 549 1414 583; x_wconf 90' lang='lat' dir='ltr'>ne</span> <span class='ocrx_word' id='word_1_29' title='bbox 1454 550 1561 584; x_wconf 91' lang='lat' dir='ltr'>non</span> <span class='ocrx_word' id='word_1_30' title='bbox 1605 539 1755 586; x_wconf 85' lang='lat' dir='ltr'>certa</span> 
     </span>
     <span class='ocr_line' id='line_1_6' title="bbox 320 612 1746 684; baseline 0.004 -20"><span class='ocrx_word' id='word_1_31' title='bbox 320 612 426 664; x_wconf 89' lang='lat' dir='ltr'>sint</span> <span class='ocrx_word' id='word_1_32' title='bbox 455 614 656 674; x_wconf 79' lang='lat' dir='ltr'>omnia,</span> <span class='ocrx_word' id='word_1_33' title='bbox 695 613 869 664; x_wconf 82' lang='lat' dir='ltr'>inulta</span> <span class='ocrx_word' id='word_1_34' title='bbox 907 612 1072 664; x_wconf 80' lang='lat' dir='ltr'>etiarn</span> <span class='ocrx_word' id='word_1_35' title='bbox 1114 615 1486 684; x_wconf 83' lang='lat' dir='ltr'>praetermissa.</span> <span class='ocrx_word' id='word_1_36' title='bbox 1567 615 1746 671; x_wconf 86' lang='lat' dir='ltr'>Notas</span> 
     </span>
     <span class='ocr_line' id='line_1_7' title="bbox 316 697 1751 770; baseline 0.005 -22"><span class='ocrx_word' id='word_1_37' title='bbox 316 697 431 767; x_wconf 81' lang='lat' dir='ltr'>ipsc</span> <span class='ocrx_word' id='word_1_38' title='bbox 459 717 581 750; x_wconf 80' lang='lat' dir='ltr'>suas</span> <span class='ocrx_word' id='word_1_39' title='bbox 626 699 855 759; x_wconf 77' lang='lat' dir='ltr'>addidit,</span> <span class='ocrx_word' id='word_1_40' title='bbox 897 698 994 751; x_wconf 84' lang='lat' dir='ltr'>nisi</span> <span class='ocrx_word' id='word_1_41' title='bbox 1037 698 1090 750; x_wconf 89' lang='lat' dir='ltr'>in</span> <span class='ocrx_word' id='word_1_42' title='bbox 1119 699 1490 770; x_wconf 88' lang='lat' dir='ltr'>epistolarum,</span> <span class='ocrx_word' id='word_1_43' title='bbox 1507 709 1581 758; x_wconf 19' lang='lat' dir='ltr'>,ut</span> <span class='ocrx_word' id='word_1_44' title='bbox 1622 713 1751 756; x_wconf 88' lang='lat' dir='ltr'>ante</span> 
     </span>
     <span class='ocr_line' id='line_1_8' title="bbox 317 782 1750 850; baseline 0.004 -16"><span class='ocrx_word' id='word_1_45' title='bbox 317 782 546 845; x_wconf 81' lang='lat' dir='ltr'>dictum,</span> <span class='ocrx_word' id='word_1_46' title='bbox 574 783 702 835; x_wconf 82' lang='lat' dir='ltr'>item</span> <span class='ocrx_word' id='word_1_47' title='bbox 740 784 794 836; x_wconf 90' lang='lat' dir='ltr'>in</span> <span class='ocrx_word' id='word_1_48' title='bbox 831 783 1266 838; x_wconf 81' lang='lat' dir='ltr'>Tusculanarum</span> <span class='ocrx_word' id='word_1_49' title='bbox 1293 786 1457 850; x_wconf 82' lang='lat' dir='ltr'>libris,</span> <span class='ocrx_word' id='word_1_50' title='bbox 1484 787 1582 840; x_wconf 88' lang='lat' dir='ltr'>ubi</span> <span class='ocrx_word' id='word_1_51' title='bbox 1612 787 1750 840; x_wconf 80' lang='lat' dir='ltr'>Geb-</span> 
     </span>
     <span class='ocr_line' id='line_1_9' title="bbox 317 866 647 921; baseline 0.009 -4"><span class='ocrx_word' id='word_1_52' title='bbox 317 866 472 918; x_wconf 63' lang='lat' dir='ltr'>liae-cle?</span> <span class='ocrx_word' id='word_1_53' title='bbox 505 878 647 921; x_wconf 87' lang='lat' dir='ltr'>sunt.</span> 
     </span>
    </p>

    <p class='ocr_par' dir='ltr' id='par_1_3' title="bbox 278 951 1746 2891">
     <span class='ocr_line' id='line_1_10' title="bbox 388 951 1746 1025; baseline 0.004 -22"><span class='ocrx_word' id='word_1_54' title='bbox 388 951 565 1023; x_wconf 85' lang='lat' dir='ltr'>Hujus</span> <span class='ocrx_word' id='word_1_55' title='bbox 594 953 843 1006; x_wconf 80' lang='lat' dir='ltr'>editionis</span> <span class='ocrx_word' id='word_1_56' title='bbox 872 953 1126 1024; x_wconf 78' lang='lat' dir='ltr'>exempla</span> <span class='ocrx_word' id='word_1_57' title='bbox 1153 955 1391 1025; x_wconf 79' lang='lat' dir='ltr'>primuni</span> <span class='ocrx_word' id='word_1_58' title='bbox 1431 954 1580 1008; x_wconf 87' lang='lat' dir='ltr'>facta</span> <span class='ocrx_word' id='word_1_59' title='bbox 1619 963 1746 1008; x_wconf 89' lang='lat' dir='ltr'>sunt</span> 
     </span>
     <span class='ocr_line' id='line_1_11' title="bbox 314 1035 1744 1110; baseline 0.003 -22"><span class='ocrx_word' id='word_1_60' title='bbox 314 1035 618 1108; x_wconf 79' lang='lat' dir='ltr'>Hamburgi</span> <span class='ocrx_word' id='word_1_61' title='bbox 663 1057 711 1089; x_wconf 80' lang='lat' dir='ltr'>a.</span> <span class='ocrx_word' id='word_1_62' title='bbox 763 1036 918 1099; x_wconf 80' lang='lat'>1613,</span> <span class='ocrx_word' id='word_1_63' title='bbox 948 1047 1185 1108; x_wconf 83' lang='lat' dir='ltr'>quatuor</span> <span class='ocrx_word' id='word_1_64' title='bbox 1228 1040 1387 1092; x_wconf 85' lang='lat' dir='ltr'>tomis</span> <span class='ocrx_word' id='word_1_65' title='bbox 1430 1039 1744 1110; x_wconf 76' lang='lat' dir='ltr'>majoribUS,</span> 
     </span>
     <span class='ocr_line' id='line_1_12' title="bbox 315 1121 1745 1195; baseline 0.002 -21"><span class='ocrx_word' id='word_1_66' title='bbox 315 1121 407 1174; x_wconf 86' lang='lat' dir='ltr'>sed</span> <span class='ocrx_word' id='word_1_67' title='bbox 432 1121 628 1175; x_wconf 85' lang='lat' dir='ltr'>chartis</span> <span class='ocrx_word' id='word_1_68' title='bbox 655 1123 732 1174; x_wconf 79' lang='lat' dir='ltr'>ita</span> <span class='ocrx_word' id='word_1_69' title='bbox 770 1122 953 1186; x_wconf 82' lang='lat' dir='ltr'>fusciS,</span> <span class='ocrx_word' id='word_1_70' title='bbox 993 1131 1165 1194; x_wconf 85' lang='lat' dir='ltr'>atque</span> <span class='ocrx_word' id='word_1_71' title='bbox 1201 1123 1600 1195; x_wconf 80' lang='lat' dir='ltr'>inelegantibus</span> <span class='ocrx_word' id='word_1_72' title='bbox 1629 1124 1745 1177; x_wconf 89' lang='lat' dir='ltr'>lite-</span> 
     </span>
     <span class='ocr_line' id='line_1_13' title="bbox 309 1207 1744 1279; baseline 0.002 -20"><span class='ocrx_word' id='word_1_73' title='bbox 309 1208 395 1270; x_wconf 93' lang='lat' dir='ltr'>ris,</span> <span class='ocrx_word' id='word_1_74' title='bbox 434 1220 495 1260; x_wconf 84' lang='lat' dir='ltr'>ut</span> <span class='ocrx_word' id='word_1_75' title='bbox 538 1207 855 1261; x_wconf 80' lang='lat' dir='ltr'>Ciceronem</span> <span class='ocrx_word' id='word_1_76' title='bbox 898 1208 1102 1279; x_wconf 86' lang='lat' dir='ltr'>pudere</span> <span class='ocrx_word' id='word_1_77' title='bbox 1144 1209 1410 1271; x_wconf 85' lang='lat' dir='ltr'>debuerit,</span> <span class='ocrx_word' id='word_1_78' title='bbox 1448 1227 1505 1263; x_wconf 86' lang='lat' dir='ltr'>se</span> <span class='ocrx_word' id='word_1_79' title='bbox 1551 1209 1622 1262; x_wconf 88' lang='lat' dir='ltr'>ab</span> <span class='ocrx_word' id='word_1_80' title='bbox 1659 1228 1744 1262; x_wconf 92' lang='lat' dir='ltr'>su-</span> 
     </span>
     <span class='ocr_line' id='line_1_14' title="bbox 309 1293 1738 1365; baseline 0.001 -19"><span class='ocrx_word' id='word_1_81' title='bbox 309 1294 503 1365; x_wconf 88' lang='lat' dir='ltr'>periori</span> <span class='ocrx_word' id='word_1_82' title='bbox 531 1294 708 1346; x_wconf 87' lang='lat' dir='ltr'>cultus</span> <span class='ocrx_word' id='word_1_83' title='bbox 730 1293 944 1346; x_wconf 87' lang='lat' dir='ltr'>lautitia</span> <span class='ocrx_word' id='word_1_84' title='bbox 971 1301 1193 1364; x_wconf 84' lang='lat' dir='ltr'>repente</span> <span class='ocrx_word' id='word_1_85' title='bbox 1221 1293 1291 1346; x_wconf 89' lang='lat' dir='ltr'>ad</span> <span class='ocrx_word' id='word_1_86' title='bbox 1322 1302 1433 1347; x_wconf 88' lang='lat' dir='ltr'>tam</span> <span class='ocrx_word' id='word_1_87' title='bbox 1461 1295 1738 1347; x_wconf 88' lang='lat' dir='ltr'>sordidum</span> 
     </span>
     <span class='ocr_line' id='line_1_15' title="bbox 307 1377 1743 1451; baseline 0 -19"><span class='ocrx_word' id='word_1_88' title='bbox 307 1379 556 1432; x_wconf 88' lang='lat' dir='ltr'>habitum</span> <span class='ocrx_word' id='word_1_89' title='bbox 586 1378 868 1431; x_wconf 88' lang='lat' dir='ltr'>redactum</span> <span class='ocrx_word' id='word_1_90' title='bbox 896 1396 1026 1431; x_wconf 89' lang='lat' dir='ltr'>esse.</span> <span class='ocrx_word' id='word_1_91' title='bbox 1105 1377 1361 1432; x_wconf 88' lang='lat' dir='ltr'>Ceterum</span> <span class='ocrx_word' id='word_1_92' title='bbox 1399 1388 1622 1451; x_wconf 89' lang='lat' dir='ltr'>propter</span> <span class='ocrx_word' id='word_1_93' title='bbox 1647 1398 1743 1432; x_wconf 87' lang='lat' dir='ltr'>au-</span> 
     </span>
     <span class='ocr_line' id='line_1_16' title="bbox 305 1463 1743 1536; baseline -0.002 -16"><span class='ocrx_word' id='word_1_94' title='bbox 305 1467 611 1520; x_wconf 86' lang='lat' dir='ltr'>ctoritatem</span> <span class='ocrx_word' id='word_1_95' title='bbox 636 1463 966 1516; x_wconf 75' lang='lat' dir='ltr'>Victorianae</span> <span class='ocrx_word' id='word_1_96' title='bbox 996 1463 1259 1526; x_wconf 87' lang='lat' dir='ltr'>lectionis,</span> <span class='ocrx_word' id='word_1_97' title='bbox 1288 1463 1568 1536; x_wconf 84' lang='lat' dir='ltr'>ipsiusque</span> <span class='ocrx_word' id='word_1_98' title='bbox 1597 1464 1743 1519; x_wconf 88' lang='lat' dir='ltr'>Gru-</span> 
     </span>
     <span class='ocr_line' id='line_1_17' title="bbox 303 1548 1738 1621; baseline -0.001 -16"><span class='ocrx_word' id='word_1_99' title='bbox 303 1552 493 1606; x_wconf 82' lang='lat' dir='ltr'>teriani</span> <span class='ocrx_word' id='word_1_100' title='bbox 522 1549 771 1611; x_wconf 80' lang='lat' dir='ltr'>nominiS,</span> <span class='ocrx_word' id='word_1_101' title='bbox 800 1549 918 1602; x_wconf 83' lang='lat' dir='ltr'>haee</span> <span class='ocrx_word' id='word_1_102' title='bbox 946 1548 1113 1602; x_wconf 86' lang='lat' dir='ltr'>editio</span> <span class='ocrx_word' id='word_1_103' title='bbox 1142 1550 1514 1621; x_wconf 83' lang='lat' dir='ltr'>principatum</span> <span class='ocrx_word' id='word_1_104' title='bbox 1554 1556 1738 1603; x_wconf 84' lang='lat' dir='ltr'>tenere</span> 
     </span>
     <span class='ocr_line' id='line_1_18' title="bbox 302 1632 1737 1707; baseline -0.001 -18"><span class='ocrx_word' id='word_1_105' title='bbox 302 1637 488 1707; x_wconf 85' lang='lat' dir='ltr'>coepit,</span> <span class='ocrx_word' id='word_1_106' title='bbox 517 1645 579 1688; x_wconf 88' lang='lat' dir='ltr'>ut</span> <span class='ocrx_word' id='word_1_107' title='bbox 605 1654 670 1688; x_wconf 87' lang='lat' dir='ltr'>ea</span> <span class='ocrx_word' id='word_1_108' title='bbox 696 1635 943 1687; x_wconf 87' lang='lat' dir='ltr'>omnium</span> <span class='ocrx_word' id='word_1_109' title='bbox 973 1634 1209 1687; x_wconf 81' lang='lat' dir='ltr'>maxime</span> <span class='ocrx_word' id='word_1_110' title='bbox 1241 1635 1542 1705; x_wconf 81' lang='lat' dir='ltr'>genuinum</span> <span class='ocrx_word' id='word_1_111' title='bbox 1583 1632 1737 1687; x_wconf 87' lang='lat' dir='ltr'>Cice-</span> 
     </span>
     <span class='ocr_line' id='line_1_19' title="bbox 300 1718 1735 1790; baseline -0.002 -16"><span class='ocrx_word' id='word_1_112' title='bbox 300 1722 443 1774; x_wconf 89' lang='lat' dir='ltr'>ronis</span> <span class='ocrx_word' id='word_1_113' title='bbox 473 1730 682 1774; x_wconf 85' lang='lat' dir='ltr'>textum</span> <span class='ocrx_word' id='word_1_114' title='bbox 728 1720 981 1772; x_wconf 85' lang='lat' dir='ltr'>exhibere</span> <span class='ocrx_word' id='word_1_115' title='bbox 1011 1727 1308 1790; x_wconf 85' lang='lat' dir='ltr'>putaretur.</span> <span class='ocrx_word' id='word_1_116' title='bbox 1389 1718 1608 1789; x_wconf 89' lang='lat' dir='ltr'>Itaque,</span> <span class='ocrx_word' id='word_1_117' title='bbox 1637 1719 1735 1789; x_wconf 90' lang='lat' dir='ltr'>qui</span> 
     </span>
     <span class='ocr_line' id='line_1_20' title="bbox 301 1803 1733 1876; baseline -0.001 -18"><span class='ocrx_word' id='word_1_118' title='bbox 301 1816 426 1876; x_wconf 84' lang='lat' dir='ltr'>post</span> <span class='ocrx_word' id='word_1_119' title='bbox 455 1804 728 1858; x_wconf 85' lang='lat' dir='ltr'>Ciceronis</span> <span class='ocrx_word' id='word_1_120' title='bbox 757 1805 918 1857; x_wconf 85' lang='lat' dir='ltr'>libros</span> <span class='ocrx_word' id='word_1_121' title='bbox 945 1804 1104 1856; x_wconf 90' lang='lat' dir='ltr'>edere</span> <span class='ocrx_word' id='word_1_122' title='bbox 1130 1804 1429 1866; x_wconf 83' lang='lat' dir='ltr'>instituere,</span> <span class='ocrx_word' id='word_1_123' title='bbox 1456 1803 1602 1855; x_wconf 90' lang='lat' dir='ltr'>hunc</span> <span class='ocrx_word' id='word_1_124' title='bbox 1630 1803 1733 1856; x_wconf 89' lang='lat' dir='ltr'>sibi</span> 
     </span>
     <span class='ocr_line' id='line_1_21' title="bbox 298 1887 1731 1960; baseline -0.001 -16"><span class='ocrx_word' id='word_1_125' title='bbox 298 1901 513 1944; x_wconf 83' lang='lat' dir='ltr'>textum</span> <span class='ocrx_word' id='word_1_126' title='bbox 560 1889 904 1959; x_wconf 82' lang='lat' dir='ltr'>sequendum</span> <span class='ocrx_word' id='word_1_127' title='bbox 943 1896 1226 1960; x_wconf 85' lang='lat' dir='ltr'>putarunt,</span> <span class='ocrx_word' id='word_1_128' title='bbox 1267 1896 1330 1941; x_wconf 83' lang='lat' dir='ltr'>ut</span> <span class='ocrx_word' id='word_1_129' title='bbox 1368 1887 1641 1952; x_wconf 72' lang='lat' dir='ltr'>Elzwirii,</span> <span class='ocrx_word' id='word_1_130' title='bbox 1669 1896 1731 1942; x_wconf 84' lang='lat' dir='ltr'>ut</span> 
     </span>
     <span class='ocr_line' id='line_1_22' title="bbox 295 1971 1731 2044; baseline -0.003 -16"><span class='ocrx_word' id='word_1_131' title='bbox 295 1975 494 2038; x_wconf 69' lang='lat' dir='ltr'>Blrzvii,</span> <span class='ocrx_word' id='word_1_132' title='bbox 522 1985 577 2027; x_wconf 90' lang='lat' dir='ltr'>et</span> <span class='ocrx_word' id='word_1_133' title='bbox 604 1975 711 2036; x_wconf 87' lang='lat' dir='ltr'>alii,</span> <span class='ocrx_word' id='word_1_134' title='bbox 741 1974 836 2044; x_wconf 91' lang='lat' dir='ltr'>qui</span> <span class='ocrx_word' id='word_1_135' title='bbox 865 1982 919 2026; x_wconf 87' lang='lat' dir='ltr'>et</span> <span class='ocrx_word' id='word_1_136' title='bbox 939 1973 1071 2026; x_wconf 87' lang='lat' dir='ltr'>vitia</span> <span class='ocrx_word' id='word_1_137' title='bbox 1100 1971 1238 2026; x_wconf 90' lang='lat' dir='ltr'>illius</span> <span class='ocrx_word' id='word_1_138' title='bbox 1277 1972 1528 2025; x_wconf 85' lang='lat' dir='ltr'>editionis</span> <span class='ocrx_word' id='word_1_139' title='bbox 1555 1991 1731 2026; x_wconf 90' lang='lat' dir='ltr'>serva-</span> 
     </span>
     <span class='ocr_line' id='line_1_23' title="bbox 293 2055 1731 2128; baseline 0 -16"><span class='ocrx_word' id='word_1_140' title='bbox 293 2069 434 2112; x_wconf 87' lang='lat' dir='ltr'>runt.</span> <span class='ocrx_word' id='word_1_141' title='bbox 515 2058 890 2111; x_wconf 89' lang='lat' dir='ltr'>Londinenses</span> <span class='ocrx_word' id='word_1_142' title='bbox 919 2075 1044 2110; x_wconf 86' lang='lat' dir='ltr'>vero</span> <span class='ocrx_word' id='word_1_143' title='bbox 1072 2067 1128 2111; x_wconf 85' lang='lat' dir='ltr'>et</span> <span class='ocrx_word' id='word_1_144' title='bbox 1154 2066 1334 2110; x_wconf 89' lang='lat' dir='ltr'>totum</span> <span class='ocrx_word' id='word_1_145' title='bbox 1361 2074 1500 2128; x_wconf 90' lang='lat' dir='ltr'>opus</span> <span class='ocrx_word' id='word_1_146' title='bbox 1529 2055 1731 2112; x_wconf 86' lang='lat' dir='ltr'>Grute-</span> 
     </span>
     <span class='ocr_line' id='line_1_24' title="bbox 288 2139 1728 2215; baseline -0.002 -17"><span class='ocrx_word' id='word_1_147' title='bbox 288 2145 502 2199; x_wconf 87' lang='lat' dir='ltr'>rianum</span> <span class='ocrx_word' id='word_1_148' title='bbox 526 2144 764 2215; x_wconf 85' lang='lat' dir='ltr'>pulcrius</span> <span class='ocrx_word' id='word_1_149' title='bbox 792 2142 1052 2214; x_wconf 87' lang='lat' dir='ltr'>repetiere</span> <span class='ocrx_word' id='word_1_150' title='bbox 1082 2160 1131 2194; x_wconf 92' lang='lat' dir='ltr'>a.</span> <span class='ocrx_word' id='word_1_151' title='bbox 1166 2141 1322 2196; x_wconf 84' lang='lat'>1681.</span> <span class='ocrx_word' id='word_1_152' title='bbox 1351 2140 1388 2193; x_wconf 90' lang='lat' dir='ltr'>f.</span> <span class='ocrx_word' id='word_1_153' title='bbox 1467 2139 1728 2213; x_wconf 83' lang='lat' dir='ltr'>Itemque</span> 
     </span>
     <span class='ocr_line' id='line_1_25' title="bbox 290 2224 1729 2299; baseline -0.001 -17"><span class='ocrx_word' id='word_1_154' title='bbox 290 2238 433 2299; x_wconf 86' lang='lat' dir='ltr'>post,</span> <span class='ocrx_word' id='word_1_155' title='bbox 456 2247 583 2281; x_wconf 89' lang='lat' dir='ltr'>cum</span> <span class='ocrx_word' id='word_1_156' title='bbox 611 2246 811 2280; x_wconf 86' lang='lat' dir='ltr'>novam</span> <span class='ocrx_word' id='word_1_157' title='bbox 840 2227 1136 2281; x_wconf 86' lang='lat' dir='ltr'>editionem</span> <span class='ocrx_word' id='word_1_158' title='bbox 1162 2226 1478 2280; x_wconf 89' lang='lat' dir='ltr'>molirentur</span> <span class='ocrx_word' id='word_1_159' title='bbox 1500 2224 1729 2297; x_wconf 82' lang='lat' dir='ltr'>Lugdu-</span> 
     </span>
     <span class='ocr_line' id='line_1_26' title="bbox 285 2309 1725 2384; baseline -0.001 -16"><span class='ocrx_word' id='word_1_160' title='bbox 285 2332 479 2369; x_wconf 89' lang='lat' dir='ltr'>nenses</span> <span class='ocrx_word' id='word_1_161' title='bbox 505 2315 559 2367; x_wconf 93' lang='lat' dir='ltr'>in</span> <span class='ocrx_word' id='word_1_162' title='bbox 592 2313 834 2375; x_wconf 77' lang='lat' dir='ltr'>BataviS,</span> <span class='ocrx_word' id='word_1_163' title='bbox 856 2313 1085 2384; x_wconf 87' lang='lat' dir='ltr'>ejusque</span> <span class='ocrx_word' id='word_1_164' title='bbox 1106 2330 1294 2366; x_wconf 90' lang='lat' dir='ltr'>euram</span> <span class='ocrx_word' id='word_1_165' title='bbox 1321 2311 1441 2376; x_wconf 85' lang='lat' dir='ltr'>Jac.</span> <span class='ocrx_word' id='word_1_166' title='bbox 1464 2309 1725 2366; x_wconf 81' lang='lat' dir='ltr'>Gronovio</span> 
     </span>
     <span class='ocr_line' id='line_1_27' title="bbox 289 2395 1724 2472; baseline -0.002 -19"><span class='ocrx_word' id='word_1_167' title='bbox 289 2399 688 2472; x_wconf 88' lang='lat' dir='ltr'>permisissent:</span> <span class='ocrx_word' id='word_1_168' title='bbox 731 2399 889 2470; x_wconf 88' lang='lat' dir='ltr'>hujus</span> <span class='ocrx_word' id='word_1_169' title='bbox 917 2398 1230 2469; x_wconf 74' lang='lat' dir='ltr'>repetendae</span> <span class='ocrx_word' id='word_1_170' title='bbox 1258 2404 1450 2450; x_wconf 84' lang='lat' dir='ltr'>auctor</span> <span class='ocrx_word' id='word_1_171' title='bbox 1475 2396 1579 2449; x_wconf 84' lang='lat' dir='ltr'>fuit</span> <span class='ocrx_word' id='word_1_172' title='bbox 1603 2395 1724 2461; x_wconf 81' lang='lat' dir='ltr'>illis,</span> 
     </span>
     <span class='ocr_line' id='line_1_28' title="bbox 285 2480 1723 2555; baseline -0.003 -16"><span class='ocrx_word' id='word_1_173' title='bbox 285 2504 395 2539; x_wconf 87' lang='lat' dir='ltr'>non</span> <span class='ocrx_word' id='word_1_174' title='bbox 422 2485 522 2538; x_wconf 87' lang='lat' dir='ltr'>nisi</span> <span class='ocrx_word' id='word_1_175' title='bbox 562 2483 751 2555; x_wconf 86' lang='lat' dir='ltr'>paucis</span> <span class='ocrx_word' id='word_1_176' title='bbox 792 2483 923 2536; x_wconf 91' lang='lat' dir='ltr'>locis</span> <span class='ocrx_word' id='word_1_177' title='bbox 963 2502 1063 2536; x_wconf 91' lang='lat' dir='ltr'>sua</span> <span class='ocrx_word' id='word_1_178' title='bbox 1089 2481 1474 2536; x_wconf 88' lang='lat' dir='ltr'>emendatione</span> <span class='ocrx_word' id='word_1_179' title='bbox 1509 2480 1564 2534; x_wconf 87' lang='lat' dir='ltr'>in</span> <span class='ocrx_word' id='word_1_180' title='bbox 1608 2491 1723 2535; x_wconf 85' lang='lat' dir='ltr'>tex-</span> 
     </span>
     <span class='ocr_line' id='line_1_29' title="bbox 283 2566 1730 2631; baseline -0.003 -8"><span class='ocrx_word' id='word_1_181' title='bbox 283 2579 403 2623; x_wconf 88' lang='lat' dir='ltr'>tum</span> <span class='ocrx_word' id='word_1_182' title='bbox 430 2569 599 2631; x_wconf 89' lang='lat' dir='ltr'>illata,</span> <span class='ocrx_word' id='word_1_183' title='bbox 628 2575 684 2621; x_wconf 85' lang='lat' dir='ltr'>et</span> <span class='ocrx_word' id='word_1_184' title='bbox 722 2567 830 2621; x_wconf 88' lang='lat' dir='ltr'>suis</span> <span class='ocrx_word' id='word_1_185' title='bbox 869 2568 1069 2621; x_wconf 89' lang='lat' dir='ltr'>notulis</span> <span class='ocrx_word' id='word_1_186' title='bbox 1115 2566 1315 2620; x_wconf 89' lang='lat' dir='ltr'>additis</span> <span class='ocrx_word' id='word_1_187' title='bbox 1352 2583 1479 2618; x_wconf 87' lang='lat' dir='ltr'>cum</span> <span class='ocrx_word' id='word_1_188' title='bbox 1508 2566 1730 2620; x_wconf 71' lang='lat' dir='ltr'>Asconii</span> 
     </span>
     <span class='ocr_line' id='line_1_30' title="bbox 280 2650 1719 2722; baseline -0.003 -15"><span class='ocrx_word' id='word_1_189' title='bbox 280 2663 336 2707; x_wconf 89' lang='lat' dir='ltr'>et</span> <span class='ocrx_word' id='word_1_190' title='bbox 399 2653 535 2705; x_wconf 87' lang='lat' dir='ltr'>alius</span> <span class='ocrx_word' id='word_1_191' title='bbox 601 2651 921 2705; x_wconf 84' lang='lat' dir='ltr'>Scholiastae</span> <span class='ocrx_word' id='word_1_192' title='bbox 987 2653 1177 2706; x_wconf 89' lang='lat' dir='ltr'>veteris</span> <span class='ocrx_word' id='word_1_193' title='bbox 1229 2650 1485 2722; x_wconf 72' lang='lat' dir='ltr'>reliquiis</span> <span class='ocrx_word' id='word_1_194' title='bbox 1538 2667 1719 2721; x_wconf 88' lang='lat' dir='ltr'>eaque</span> 
     </span>
     <span class='ocr_line' id='line_1_31' title="bbox 279 2735 1719 2810; baseline -0.002 -19"><span class='ocrx_word' id='word_1_195' title='bbox 279 2745 473 2810; x_wconf 85' lang='lat' dir='ltr'>postea</span> <span class='ocrx_word' id='word_1_196' title='bbox 500 2755 598 2808; x_wconf 89' lang='lat' dir='ltr'>pro</span> <span class='ocrx_word' id='word_1_197' title='bbox 623 2736 1071 2790; x_wconf 84' lang='lat' dir='ltr'>emendatissima</span> <span class='ocrx_word' id='word_1_198' title='bbox 1096 2735 1217 2798; x_wconf 87' lang='lat' dir='ltr'>fuit,</span> <span class='ocrx_word' id='word_1_199' title='bbox 1239 2736 1392 2806; x_wconf 86' lang='lat' dir='ltr'>eujus</span> <span class='ocrx_word' id='word_1_200' title='bbox 1422 2742 1634 2787; x_wconf 83' lang='lat' dir='ltr'>textum</span> <span class='ocrx_word' id='word_1_201' title='bbox 1662 2743 1719 2788; x_wconf 88' lang='lat' dir='ltr'>et</span> 
     </span>
     <span class='ocr_line' id='line_1_32' title="bbox 278 2818 1717 2891; baseline -0.003 -13"><span class='ocrx_word' id='word_1_202' title='bbox 278 2843 376 2878; x_wconf 92' lang='lat' dir='ltr'>nos</span> <span class='ocrx_word' id='word_1_203' title='bbox 403 2822 756 2885; x_wconf 90' lang='lat' dir='ltr'>reddidimus,</span> <span class='ocrx_word' id='word_1_204' title='bbox 785 2840 913 2875; x_wconf 90' lang='lat' dir='ltr'>cum</span> <span class='ocrx_word' id='word_1_205' title='bbox 941 2822 1190 2875; x_wconf 88' lang='lat' dir='ltr'>universa</span> <span class='ocrx_word' id='word_1_206' title='bbox 1217 2818 1491 2874; x_wconf 87' lang='lat' dir='ltr'>Ciceronis</span> <span class='ocrx_word' id='word_1_207' title='bbox 1513 2821 1717 2891; x_wconf 85' lang='lat' dir='ltr'>scripta</span> 
     </span>
    </p>
   </div>
  </div>
 </body>
</html>
