1945 3235
635 134 822 175 LIBER
856 138 1096 177 PRIMUS.
1503 143 1575 178 143

149 238 257 297 quid
278 250 530 285 eventurum
551 241 621 292 sit,
643 248 742 282 ante
771 241 916 282 animo
937 241 1083 297 colligi
1106 242 1255 296 possit,
1277 243 1379 297 quid
1407 257 1576 299 quaque

148 311 204 340 ex
226 313 271 341 re
293 300 428 341 soleat
445 299 629 350 evenire,
650 298 1008 339 considerandum
1029 307 1108 348 est,
1127 298 1212 338 hoe
1233 300 1388 341 modo:
1420 300 1487 341 Ex
1509 315 1575 341 ar.—

148 357 349 412 rogantia
367 356 529 407 odium,
550 369 604 396 ex
627 355 854 396 insolentia
874 355 1132 412 arrogantia.

206 414 373 461 Quarta
402 423 546 454 autem
576 427 672 469 pars
697 422 762 453 est
793 427 847 453 ex
882 412 948 464 iis,
977 427 1083 468 quas
1109 411 1296 468 negotiis
1326 411 1570 455 dicebamus
1582 418 1634 454 43

149 483 242 511 esse
259 471 501 521 attributas,
520 470 783 511 consecutio.
844 468 897 510 In
918 469 999 511 hac
1020 484 1081 510 eae
1104 483 1168 510 res
1191 479 1454 523 quaeruntur,
1477 485 1572 525 quae

149 541 320 583 gestum
339 527 562 591 negotium
583 536 927 582 consequuntur:
951 527 1151 583 primum,
1174 526 1290 581 quod
1312 526 1472 567 factum
1495 539 1574 578 est,

147 598 234 639 quo
259 584 300 625 id
326 584 499 625 nomine
532 583 733 639 appellari
766 584 1019 626 conveniat:
1052 584 1220 634 deinde,
1250 597 1342 647 eJus
1373 583 1475 625 facti
1501 585 1575 639 qui

147 642 233 683 sint
255 641 468 698 principes
487 649 531 682 et
549 641 807 692 inventores,
829 642 902 696 qui
924 641 1107 696 denique
1130 641 1396 682 auctoritatis
1419 641 1510 696 ejus
1532 655 1575 683 et

144 698 405 743 inventionis
413 699 777 763 comprobatores
798 708 927 754 atque
960 698 1128 740 aemuli:
1162 698 1329 748 deinde,
1355 713 1502 753 ecquae
1525 713 1576 740 ea

147 755 201 797 de
221 770 279 806 re,
293 765 367 796 aut
384 755 476 810 ejus
494 756 554 796 rei
570 756 624 796 sit
642 755 727 809 lex,
746 756 1026 807 consuetudo,
1046 756 1159 796 actio
1164 755 1418 810 ,judicium,
1437 756 1574 796 scien-

147 813 222 864 tia,
245 812 501 855 artificium:
532 813 701 865 deinde,
723 823 876 854 natura
896 813 987 869 ejus
1009 813 1181 854 evenire
1204 812 1334 869 vulgo
1358 813 1504 864 soleat,
1519 827 1573 855 au

145 869 376 911 insolenter
396 878 439 910 et
462 885 580 912 raro:
612 880 775 927 postea,
797 871 992 912 11011111165
1016 871 1058 911 id
1082 886 1158 911 sua
1178 870 1433 919 auctoritate
1455 885 1573 912 com-

143 928 339 982 probaie,
373 942 426 968 an
449 930 487 959 83
510 927 670 969 offendi
704 943 749 969 111
779 928 845 969 1115
869 928 1194 979 consueverint,
1225 937 1268 968 et
1285 937 1445 979 cetera,
1475 943 1571 983 quae

144 984 307 1026 factum
334 985 510 1050 aliquod
532 975 726 1026 similiter
747 985 992 1037 confestim,
1014 993 1088 1026 aut
1109 1000 1163 1027 ex
1184 961 1407 1026 'interxallo
1431 986 1569 1026 solent

141 1043 361 1107 consequi.
386 1042 555 1083 Deinde
576 1052 809 1098 postremo,
831 1043 1137 1084 attendendum
1161 1050 1239 1093 est,
1261 1057 1363 1083 num
1386 1057 1484 1097 quae
1507 1057 1572 1084 res

140 1113 197 1140 ex
231 1100 281 1141 115
312 1101 452 1151 rebus,
482 1115 579 1155 quae
614 1109 713 1141 sunt
741 1100 893 1157 positae
928 1101 971 1141 in
1004 1101 1197 1156 partibus
1227 1075 1478 1151 lionestatis,
1499 1109 1574 1141 aut

142 1157 354 1209 utilitatis,
383 1166 722 1213 consequantur·
754 1157 806 1198 de
838 1158 994 1213 quibus
1025 1172 1070 1198 111
1099 1157 1379 1198 deliberativo
1415 1172 1573 1213 genere

141 1229 282 1255 causae
305 1215 548 1256 distinctius
570 1215 651 1255 erit
671 1214 916 1256 dicendum.
975 1213 1042 1255 Ac
1070 1214 1258 1270 negotiis
1289 1214 1463 1269 quidem
1485 1214 1573 1256 fere

142 1285 208 1312 res
230 1286 307 1323 eae,
329 1287 433 1327 quas
455 1272 900 1336 commemoravimus,
923 1280 1022 1313 sunt
1043 1273 1279 1312 attributae.

192 1328 344 1371 Omnis
366 1338 510 1370 autem
528 1329 858 1385 argumentatio,
873 1344 969 1384 quae
989 1344 1043 1370 ex
1062 1329 1113 1369 iis
1128 1329 1248 1380 locis,
1262 1343 1367 1393 quos
1382 1344 1569 1371 comme-
1585 1321 1655 1377 29

142 1400 288 1427 morat
292 1401 416 1438 lmus
439 1397 642 1439 sumetur,
665 1396 738 1428 aut
771 1388 889 1443 prob·
882 1387 1020 1437 1111115,
1042 1395 1116 1427 aut
1136 1401 1282 1427 necess
1286 1402 1373 1426 ana
1394 1387 1569 1428 debebit
1581 1396 1630 1428 44

140 1457 246 1485 esse.
269 1442 456 1496 Etenim,
476 1453 524 1485 ut
546 1444 732 1485 breviter
749 1444 1055 1495 describamus,
1069 1454 1294 1500 argument
1298 1444 1385 1484 itio
1403 1445 1572 1486 videtur

140 1515 231 1542 esse
245 1500 467 1542 inventum
480 1516 535 1542 ex
549 1501 692 1557 aliquo
707 1516 876 1558 genere,
890 1517 979 1543 rem
993 1501 1179 1558 aliquam
1194 1510 1267 1542 aut
1286 1502 1566 1557 probabiliter

139 1558 381 1611 ostendens,
403 1567 478 1599 aut
494 1560 730 1600 necessarie
758 1560 1069 1601 demonstrans,
1121 1559 1372 1600 Necessarie
1397 1559 1573 1600 demon-

134 1624 330 1657 -strantur
357 1631 421 1668 ea,
445 1631 543 1672 quae
568 1616 690 1658 aliter
715 1631 765 1658 ac
797 1617 1014 1669 dicuntur,
1043 1631 1122 1657 nec
1155 1616 1261 1667 fieri,
1288 1631 1367 1657 nec
1401 1617 1573 1672 probari

138 1682 333 1729 possunt,
355 1673 439 1715 hoc
460 1674 614 1716 modo:
649 1674 694 1716 Si
716 1675 897 1731 peperit,
920 1689 1018 1716 cum
1045 1675 1137 1715 viro
1160 1674 1410 1715 concubuit.
1472 1674 1574 1715 Hoc

140 1745 274 1786 genus
311 1732 653 1796 argumentandi,
696 1732 812 1788 quod
850 1747 894 1773 m
933 1746 1093 1773 11666551
1096 1732 1154 1772 111·
1147 1748 1171 1772 ι
1208 1731 1574 1772 demonstratione

140 1797 344 1840 versatur,
362 1789 551 1830 maxime
579 1798 787 1831 tractatur
815 1789 860 1830 in
889 1789 1087 1840 dicendo,
1110 1798 1184 1830 aut
1213 1803 1285 1845 per
1306 1788 1574 1844 complexio—

140 1859 253 1896 nem,
275 1855 350 1886 aut
369 1860 445 1902 per
465 1846 846 1898 enumerationem,
876 1856 950 1887 aut
971 1862 1047 1903 per
1069 1846 1309 1910 simplicem
1330 1846 1571 1888 conclusio-

138 1916 254 1943 nem.
282 1902 540 1959 Complexio
561 1913 639 1955 est,
663 1904 707 1944 in
730 1918 828 1959 qua,
851 1913 994 1945 utrum
1007 1917 1280 1954 concesserIS,
1295 1903 1569 1967 repreliendi-
1581 1913 1630 1946 45

140 1968 224 2011 tur,
246 1960 299 2001 ad
322 1959 437 2001 hunc
457 1961 658 2003 modum:
691 1961 737 2001 Si
760 1961 981 2026 improbus
1003 1970 1081 2012 est,
1105 1975 1179 2002 cur
1201 1961 1356 2002 uteris.
1350 1964 1361 1992 Ρ
1384 1976 1449 2002 5111
1471 1977 1571 2018 pro—

139 2016 323 2082 bus30ur
343 2020 544 2060 accusas?
567 2017 845 2060 Enumeratio
860 2027 938 2070 cst,
958 2019 1002 2059 in
1021 2034 1119 2074 qua,
1133 2018 1325 2074 pluribus
1348 2019 1473 2059 rebus
1495 2033 1571 2060 ex-

138 2075 306 2130 positis,
327 2083 370 2115 et
402 2076 554 2116 ceteris
587 2076 828 2128 infirmatis,
850 2091 935 2117 una
964 2076 1126 2140 reliqua
1155 2076 1393 2116 necessario
1416 2077 1682 2121 confir-1³52-

136 2141 293 2183 matur,
316 2131 399 2173 hoc
429 2143 581 2189 pacto.
614 2147 786 2175 necesse
807 2142 872 2174 est
901 2143 975 2174 aut
1007 2133 1330 2175 inimicitiarum
1358 2148 1488 2174 causa
1517 2135 1617 2175 aba·

135 2188 222 2230 hoc
253 2204 343 2230 esse
368 2191 575 2242 occisum,
599 2199 674 2232 aut
705 2201 859 2242 metus,
887 2202 961 2232 aut
985 2190 1091 2247 spei,
1124 2201 1198 2232 aut
1230 2190 1411 2246 alicujus
1444 2191 1572 2232 amici

138 2246 290 2302 gratia,
315 2255 403 2299 aut,
433 2248 467 2289 si
501 2248 655 2289 horum
685 2248 794 2289 nihil
823 2258 901 2300 est,
926 2249 980 2289 ab
1006 2249 1088 2290 hoc
1120 2263 1208 2290 non
1238 2262 1327 2288 6556
1356 2249 1571 2291 occisum:

133 2317 237 2345 nam
259 2305 349 2345 sine
371 2319 499 2346 661156
524 2305 784 2347 maleficium
808 2315 1054 2362 susceptum
1080 2320 1170 2347 6556
1192 2320 1279 2346 11011
1302 2315 1466 2361 potest:
1499 2308 1573 2348 sed

135 2374 274 2417 neque
293 2362 533 2404 inimicitiae
553 2363 739 2415 fuerunt,
758 2378 837 2404 nec
851 2373 989 2404 metus
1008 2363 1130 2415 ullus,
1149 2378 1229 2404 nec
1248 2377 1342 2417 spes
1360 2378 1415 2404 ex
1436 2374 1572 2404 morte

136 2417 248 2460 illius
280 2419 463 2475 alicujus
496 2421 729 2472 commodi,
759 2435 898 2476 neque
927 2421 979 2461 ad
1012 2421 1200 2462 amicum
1229 2419 1357 2474 hujus
1385 2420 1572 2476 aliquem

134 2489 248 2517 mors
271 2476 382 2517 illius
404 2478 661 2532 pertinebat.
692 2478 944 2534 relinquitur
967 2479 1112 2534 igitur,
1136 2488 1184 2518 ut
1205 2478 1259 2518 ab
1283 2480 1365 2517 hoc
1396 2492 1484 2519 non
1514 2478 1570 2519 sit

134 2534 315 2574 occisus.
347 2534 541 2590 Simplex
556 2545 698 2576 autem
712 2536 930 2577 conclusio
943 2550 997 2576 ex
1013 2535 1250 2576 necessaria
1268 2535 1574 2576 consecutione

134 2591 376 2643 conficitur,
395 2591 478 2633 hoc
499 2593 654 2634 modo:
680 2593 724 2633 Si
745 2608 819 2634 vos
842 2607 910 2633 me
932 2592 1045 2633 istud
1060 2607 1110 2633 eo
1131 2602 1322 2648 tempme
1342 2591 1494 2633 fecisse
1508 2593 1571 2634 di-

134 2656 245 2698 ems,
258 2662 339 2704 ego
362 2658 504 2690 autem
519 2664 570 2691 co
589 2650 683 2707 ipso
706 2659 900 2707 tempore
920 2659 1033 2690 trans
1053 2664 1168 2691 marc
1190 2649 1278 2691 tui:
1302 2649 1570 2705 ielinquitur,

130 2758 187 2791 ned
199 2760 275 2799 quia
289 2760 363 2792 libri
376 2763 488 2804 scripti
502 2769 535 2795 et
550 2763 620 2795 edd.
635 2768 716 2796 vett.
731 2764 828 2805 plane
872 2765 959 2795 Cass.
985 2762 1165 2804 offendere.-
1188 2763 1274 2803 quod
1298 2768 1332 2794 et
1357 2764 1463 2811 ipsum
1485 2769 1571 2794 recte

131 2801 243 2832 delent
255 2813 327 2843 que,
343 2804 381 2836 iis
396 2806 532 2837 obedivi.
562 2806 689 2837 Primus
704 2808 827 2838 addidit
871 2808 916 2838 sic
941 2807 1070 2838 dieitur.
1098 2807 1160 2837 Ms
1190 2806 1436 2837 Gu.1.etiam
1462 2815 1572 2836 consu-

129 2844 242 2874 Aldus-
871 2851 978 2882 niret,-
1003 2850 1080 2880 ubi
1072 2860 1107 2881 111
1122 2859 1224 2888 marg.
1241 2849 1444 2879 consueverin
1447 2852 1470 2877 t.

173 2888 212 2917 83
254 2885 408 2928 Offimdss]
459 2889 536 2921 Mss.
573 2891 694 2932 plures,
729 2892 829 2923 etiam
