1945 3235
559 148 748 188 LIBER
773 148 1065 189 QUARTUS.
1472 152 1523 191 89

100 269 220 298 mum
253 255 395 297 subito
423 254 476 295 de
504 253 599 294 sinu
627 252 814 294 civitatis
843 251 1015 307 eripuit.
1075 251 1367 303 Saturninum,
1385 254 1426 285 26
1439 253 1523 295 fide

100 320 276 368 captum
305 311 526 360 malorum,
564 309 754 364 perfidiae
786 308 919 349 scelus
953 308 1040 349 vita
1069 308 1270 363 privavit.
1331 309 1463 361 Tuus,
1495 325 1521 351 0

102 368 257 418 Druse,
289 368 459 424 sanguis
489 368 527 400 97
542 366 799 407 domesticos
831 365 1026 420 palietes,
1065 373 1108 404 et
1140 364 1303 405 vultum
1336 367 1521 420 parentis

101 426 293 481 aspersit.
353 428 391 457 ‘⁷8
406 422 659 477 Sulpicium,
682 422 751 463 cui
774 421 915 477 paullo
938 431 1035 462 ante
1054 421 1199 462 omnia
1211 422 1520 474 concedebant,

100 496 198 522 eum
221 481 337 522 brevi
357 480 496 535 spatio
519 494 605 521 non
626 479 755 520 modo
778 479 933 529 vivere,
952 479 1023 519 sed
1042 478 1172 518 etiam
1187 477 1352 532 sepeliri
1375 478 1519 532 probi-

101 539 297 579 buer.unt
347 536 458 578 Haec
480 537 561 576 tria
577 550 734 592 geneia
752 534 950 591 proxima
969 535 1315 584 exornationum,
1337 545 1576 588 quor30um

101 609 233 636 unum
255 595 298 635 in
321 592 512 634 similiter
544 593 811 656 cadentibus,
834 591 1011 632 alterum
1036 592 1079 631 in
1111 591 1304 631 similiter
1325 591 1520 631 desinen-

99 652 214 692 tibus
237 650 389 700 verbis,
413 650 586 690 tertium
607 650 651 689 in
672 649 1095 690 annominationibus
1120 648 1306 703 positum
1328 657 1406 698 est,
1427 662 1520 703 per-

98 722 193 749 raro
224 706 427 748 sumenda
456 715 568 756 sunt,
590 709 738 746 59611111
770 706 813 746 111
844 707 1022 746 veritate
1052 705 1262 745 dicemus:
1296 717 1521 760 propterea

97 764 211 819 quod
233 778 319 805 non
340 763 435 804 haec
465 763 663 804 videntur
688 763 859 818 reperiri
897 776 1019 817 posse
1042 762 1131 802 sine
1159 761 1448 802 elaboratione
1476 770 1520 801 et

97 820 393 862 consumtione
425 835 580 876 oper.ae
641 819 865 875 Ejusmodi
898 828 1039 859 autem
1082 818 1222 858 studia
1254 819 1305 858 ad
1336 819 1518 859 delecta-
1531 820 1599 866 23

96 877 274 927 tionem,
314 892 442 932 quam
485 878 537 917 ad
576 877 815 927 veritatem,
868 876 974 917 vide
968 885 1064 916 11111·
1114 876 1518 916 aceoiiiiiioclatinia

98 934 242 981 Quare
275 933 393 984 fides,
422 943 465 974 et
494 934 694 990 gravitas,
718 942 760 974 et
782 933 981 974 severitas
1004 933 1191 973 oratoria
1220 932 1426 973 minuitur
1455 934 1520 973 1115

86 991 448 1032 -exornationibus
467 992 764 1045 30frequente1
782 990 917 1031 colloc
922 990 1027 1031 atis:
1048 1000 1091 1030 et
1112 1004 1197 1030 non
1217 989 1346 1030 modo
1361 989 1523 1030 tollitur

95 1048 328 1089 0061011115
354 1048 540 1099 dicendi,
571 1048 642 1088 sed
665 1047 896 1088 offenditur
929 1060 1098 1110 quoque
1122 1047 1164 1086 in
1195 1046 1405 1101 ejusmodi
1428 1061 1522 1087 ora-

96 1104 213 1146 tione
235 1105 427 1146 auditor·
419 1137 429 1156 ,
460 1114 685 1160 propterea
713 1104 827 1159 quod
850 1112 914 1144 est
936 1105 979 1143 in
1004 1103 1068 1143 1115
1090 1103 1209 1158 lepos
1232 1116 1274 1144 et
1297 1103 1522 1155 festivitas,

95 1176 182 1202 11011
212 1161 414 1218 dignitaS,
440 1176 577 1216 neque
607 1160 990 1216 Ρι116111·1111(10.31
1012 1160 1170 1210 Quare,
1193 1175 1289 1213 quae
1313 1169 1411 1201 sunt
1434 1175 1567 1211 amq,

96 1218 166 1282 pla.
185 1228 229 1259 et
247 1195 437 1274 pulchia,
456 1219 527 1259 diu
542 1218 708 1273 placere
731 1226 932 1281 possunt:
957 1231 1052 1271 quae
1072 1216 1213 1271 lepida
1236 1225 1279 1256 et
1297 1217 1522 1269 concinna,

95 1275 183 1316 cito
225 1275 419 1316 satietate
456 1275 650 1315 afficiunt
698 1274 865 1315 aurium
905 1288 1076 1314 sensum
1116 1273 1523 1315 fastidiosissimum.

97 1332 197 1379 Quo
229 1332 358 1373 modo
392 1331 537 1387 igitur,
561 1332 595 1372 si
625 1332 774 1372 crebro
804 1331 872 1371 his
906 1331 1134 1386 generibus
1164 1339 1346 1381 utemur,
1371 1330 1523 1386 puerili

96 1389 336 1430 videbimur
355 1388 598 1429 elocutione
619 1388 846 1429 delectari:
870 1364 932 1428 it?
918 1402 931 1427 ι
953 1388 986 1428 51
1015 1401 1108 1427 ralo
1129 1386 1203 1427 has
1223 1387 1522 1428 interseremus

93 1445 408 1496 exornationes,
430 1454 474 1485 et
495 1446 537 1485 in
560 1460 688 1486 causa
711 1454 802 1486 tota
823 1444 940 1485 varie
964 1444 1272 1500 dispergemus,
1295 1444 1522 1486 commode

92 1502 324 1543 luminibus
345 1502 559 1543 distinctis
582 1502 885 1543 illustrabimus
906 1502 1160 1542 orationem.

150 1559 373 1614 Silbjectio
396 1568 474 1610 est,
500 1574 598 1600 cum
630 1560 943 1614 interrooamus
965 1559 1244 1609 adversarios,
1267 1567 1341 1599 aut
1363 1558 1518 1614 quaeri-
1529 1561 1580 1596 33

90 1629 186 1656 mus
209 1616 304 1672 ipsi,
334 1616 437 1672 quid
460 1617 514 1657 ab
537 1616 633 1667 illis,
655 1625 729 1656 aut
754 1616 859 1671 quid
883 1623 1034 1657 contra
1055 1630 1132 1656 nos
1155 1615 1241 1656 dici
1265 1616 1422 1671 possit:
1447 1615 1519 1656 de-

92 1673 191 1714 inde
218 1673 470 1728 subjicimus
504 1674 562 1724 id,
593 1673 707 1729 quod
738 1673 823 1714 dici
857 1681 1043 1728 opoltet,
1065 1675 1106 1704 32
1119 1681 1194 1713 aut
1223 1687 1309 1713 non
1332 1681 1521 1729 oportet,

91 1739 166 1770 aut
186 1731 310 1771 nobis
332 1730 582 1785 adjumento
604 1731 797 1771 futuium
821 1730 889 1780 sit,
909 1738 984 1770 aut
1013 1729 1250 1770 offutuium
1274 1730 1355 1770 illis
1374 1744 1397 1771 e
1418 1745 1523 1772 con-

92 1786 236 1837 trario,
259 1787 341 1828 1106
371 1788 526 1829 modo:
551 1788 714 1834 Quaero
745 1787 892 1843 igitur,
916 1787 1028 1827 unde
1052 1787 1132 1827 iste
1155 1795 1242 1827 tam
1266 1787 1524 1842 pecuniosus

90 1843 146 1884 sit
171 1843 323 1886 factus.
386 1843 593 1900 Ampium
626 1844 935 1900 patrimonium
969 1844 1167 1885 relictum
1200 1846 1290 1886 est?
1315 1852 1359 1885 at
1391 1844 1524 1900 patris

130 1986 171 2017 26
183 1984 260 2016 Fide
267 1990 398 2025 captum
408 1986 596 2025 malorum]
614 1986 784 2017 Malorum

89 2028 169 2058 mihi
184 2037 310 2068 semper
331 2032 517 2068 suspectum
539 2029 614 2058 fuit.
660 2028 784 2068 Captus

87 2075 139 2100 est
165 2069 228 2100 fide
253 2069 394 2110 publiea,
419 2075 536 2101 contra
561 2080 658 2109 quarn
683 2071 784 2100 inter-

88 2112 192 2142 fectus
211 2117 273 2148 est,
289 2122 363 2142 cum
378 2122 417 2142 ea
430 2113 532 2142 fretus
557 2112 595 2142 de
620 2113 783 2153 Capitolio

88 2154 311 2185 descendisset.
367 2153 490 2191 Fidem,
527 2164 626 2194 quam
652 2161 784 2186 senatus

88 2195 232 2233 dederat,
256 2206 323 2226 non
342 2200 456 2236 putem
479 2197 543 2227 dici
569 2206 661 2236 posse
675 2197 784 2237 fidem

90 2240 260 2269 malorum.
319 2239 386 2268 Ser.
414 2244 448 2269 et
474 2238 546 2269 edd.
574 2239 718 2277 quidam,
744 2244 782 2269 ut

93 2282 182 2314 1474.
199 2283 290 2314 1475.
303 2281 398 2311 Junt.
413 2280 536 2311 habent
549 2279 708 2322 majorem
722 2291 782 2311 na-

89 2326 142 2352 tu:
156 2324 342 2371 primusque
352 2323 482 2353 induxit
490 2323 592 2353 Aldus
606 2325 711 2354 malm
714 2333 780 2354 um.

89 2365 250 2410 Suspieari
264 2366 345 2406 coepi
354 2369 522 2395 auctorem
533 2366 695 2405 scripsisse
710 2376 780 2396 ma-

80 2404 208 2447 joram,
234 2407 294 2438 int.
323 2412 523 2445 nostrorum,
557 2407 643 2446 quod
668 2411 781 2438 noster

88 2447 204 2480 addere
218 2459 285 2480 non
300 2450 406 2487 solet3
428 2449 502 2479 inde
517 2449 712 2489 glossatores
727 2449 782 2480 ad-

89 2490 204 2522 didisse
217 2496 310 2522 natu.
355 2491 416 2522 Sed
431 2491 568 2522 fortasse
581 2496 692 2522 totum
707 2501 782 2532 spu-

87 2533 172 2564 rium
199 2538 258 2564 est.
303 2534 343 2564 In
363 2543 445 2572 seqq.
468 2533 523 2563 alii
559 2534 682 2565 habent
706 2544 782 2574 per-

76 2574 180 2614 fidia,
190 2585 253 2615 per
265 2578 377 2613 scelus,
392 2575 445 2606 alii
457 2576 599 2616 perfidia
612 2581 643 2606 et
657 2578 768 2607 scelus.

130 2618 170 2650 27
184 2617 382 2649 Domesticos
397 2618 563 2657 parietes]
589 2618 781 2649 Oudendor-

90 2658 160 2698 pins
180 2660 315 2699 conjicit
335 2661 418 2690 dom.
434 2664 588 2699 penates.-
604 2661 691 2699 quod
704 2670 781 2691 sane

89 2700 248 2731 efficacius
261 2701 344 2732 foret
356 2714 363 2720 ·
356 2703 530 2742 parentzs
538 2706 599 2732 1111
609 2702 648 2733 de
662 2707 780 2733 matre.

131 2744 170 2773 28
205 2742 399 2783 Sulpicium,
427 2744 515 2799 σαί]
544 2744 781 2785 Mss.p1ures,

89 2784 189 2815 etiam
204 2784 292 2825 Lips.
307 2790 341 2816 et
363 2785 434 2816 edd.
455 2796 504 2826 pr.
506 2784 684 2826 pleraeque
706 2786 782 2817 Sul—

83 2826 181 2865 picio,
196 2828 267 2856 cui:
280 2827 365 2866 quod
376 2827 520 2858 defendit
533 2828 715 2858 Gronovius
729 2839 784 2858 ex-

89 2868 198 2909 emplo
214 2877 280 2901 non
291 2870 369 2901 satis
377 2869 493 2900 simili:
507 2874 541 2900 et
556 2870 628 2902 edd.
646 2873 736 2905 1474.
750 2875 784 2902 et

826 1984 960 2016 Mediol.
987 1995 1035 2026 pr.
1057 1989 1188 2016 servant
1213 1986 1415 2026 Βαίρὶσὶαηω
1439 1985 1527 2025 quod

826 2032 860 2058 et
872 2028 988 2057 melius
1004 2033 1097 2068 puto.

870 2072 909 2103 29
930 2069 1011 2100 Cum
1030 2071 1065 2099 in
1086 2071 1224 2100 veritate
1244 2068 1412 2108 dicemus]
1438 2069 1524 2100 Cum

827 2111 970 2141 dicemus
987 2112 1026 2142 de
1045 2122 1121 2143 vera
1144 2122 1268 2149 caussa,
1284 2122 1352 2142 non
1371 2111 1410 2142 de
1424 2111 1523 2149 fictis,

828 2158 865 2183 ut
880 2155 914 2184 in
929 2154 1141 2185 declamando
1157 2155 1214 2184 816.
1230 2154 1280 2184 fit.

868 2199 910 2226 30
936 2195 1134 2236 Frequenter
1156 2195 1339 2234 collocatis]
1373 2195 1522 2226 Oudend.

827 2237 861 2268 in
885 2237 1010 2268 duobus
1031 2248 1090 2269 ser.
1115 2237 1235 2279 reperit
1260 2238 1401 2268 collatis.-
1423 2238 1468 2268 sic
1488 2243 1523 2268 et

825 2280 873 2310 ed.
899 2283 988 2315 1474.
1010 2290 1077 2310 non
1092 2282 1191 2311 benc:
1218 2280 1251 2310 id
1270 2284 1381 2310 ortum
1401 2290 1418 2310 e
1433 2290 1522 2310 com-

823 2322 941 2362 pendio
969 2323 1157 2362 scripturae:
1173 2321 1372 2361 fi-equenter
1397 2323 1523 2352 collatis

823 2369 918 2401 esset,
935 2374 1056 2405 magno
1072 2374 1210 2395 numero
1235 2365 1268 2394 in
1283 2374 1350 2394 uno
1371 2363 1443 2394 loco
1463 2374 1521 2404 po-

822 2407 909 2437 sitis:
926 2407 1012 2445 quod
1024 2411 1074 2437 est
1087 2418 1106 2437 a
1119 2407 1285 2437 sententia
1300 2407 1456 2436 alienum.

868 2451 904 2479 31
921 2448 1049 2489 Quare,
1072 2459 1142 2489 quoe
1170 2448 1271 2488 sunu]
1309 2449 1426 2489 ‚Quare
1452 2450 1521 2478 sine

825 2491 924 2521 dubio
939 2491 1094 2521 vitiosum
1113 2495 1170 2521 est.
1215 2490 1293 2521 Non
1313 2490 1366 2520 hic
1380 2494 1430 2520 est
1444 2500 1521 2520 con-

826 2533 928 2563 clusio
943 2543 981 2563 ex
995 2533 1261 2563 antecedentibus
1273 2544 1283 2569 ;
1297 2532 1352 2562 sed
1368 2533 1452 2562 ratio
1466 2532 1521 2563 fir-

826 2584 918 2605 mans
941 2575 1039 2605 dicta.
1091 2575 1176 2605 Puto
1202 2578 1370 2605 auctorem
1399 2574 1522 2605 dedisse

823 2618 949 2657 quippe,
962 2621 1020 2647 aut
1033 2627 1135 2657 quare
1148 2617 1333 2647 delendum.

866 2661 906 2690 32
918 2660 988 2690 Aac
996 2669 1058 2689 non
1070 2658 1216 2699 oportet]
1241 2659 1430 2689 Delevimus
1439 2659 1525 2698 quod

824 2705 899 2741 post
924 2705 996 2737 aut,
1022 2701 1061 2732 de
1089 2710 1249 2732 consensu
1275 2700 1436 2731 librorum
1460 2710 1520 2730 scr.

825 2743 1065 2783 plerorumque.
1081 2753 1157 2774 mox
1180 2753 1239 2783 pro
1253 2747 1315 2773 aut
1335 2743 1423 2773 nobis
1435 2742 1522 2772 vide-

826 2791 882 2815 tur
908 2785 1082 2825 legendum
1106 2786 1186 2825 quid
1207 2785 1315 2815 nobis.-
1341 2794 1418 2815 nam
1443 2784 1523 2814 alias

827 2827 941 2858 modus
970 2828 1155 2865 verborum,
1172 2826 1337 2869 ficturum
1364 2827 1420 2865 sit,
1455 2835 1523 2857 non

827 2870 990 2901 convenit.
