1945 3235
560 156 746 195 LIBER
786 156 1109 195 SECUNDUS.
1482 160 1558 202 371

115 261 438 319 perciperent-ur
470 262 643 303 auribus
676 269 751 302 aut
783 261 1064 316 cogitatione,
1100 260 1134 300 si
1174 261 1303 302 etiam
1334 261 1559 304 oculorum

116 320 492 361 commendatione
514 319 667 359 animis
691 318 980 368 traderentur3
1012 328 1059 358 ut
1080 332 1145 358 res
1171 333 1324 370 caecas,
1346 331 1390 360 et
1408 321 1462 361 ab
1484 320 1559 361 ad-

116 388 288 431 spectus
303 377 475 432 jndicio
497 385 695 426 remotaS,
717 375 1006 416 conformatio
1029 375 1244 431 quaedam,
1267 385 1310 415 et
1333 376 1492 433 imago,
1514 386 1558 418 et

115 433 255 489 figura
276 435 337 475 ita
367 443 548 484 notaret,
571 442 618 473 ut
639 447 689 473 ea
711 447 807 487 quae
830 432 1067 488 cogitando
1095 433 1325 488 complecti
1348 448 1433 474 non
1458 449 1556 490 pos-

115 505 270 542 semus,
295 491 502 532 intuendo
521 490 641 546 quasi
665 499 920 530 teneremus.
956 489 1070 530 ‘2His
1092 498 1236 530 autern
1259 489 1408 531 formis
1427 502 1555 546 atque
1566 496 1642 530 358

112 549 382 605 corporibus,
405 549 517 589 sicut
548 547 764 597 omnibus,
797 562 893 601 quae
929 548 1007 587 sub
1040 547 1292 603 adspectum
1328 548 1555 600 3veniunt,

112 606 368 648 admonetur
389 605 596 646 memoria
618 613 763 644 nostra
785 615 915 659 atque
936 605 1177 646 excitatur:
1210 605 1282 645 sed
1314 605 1419 645 locis
1446 621 1555 661 opus

110 672 191 705 est.
214 664 375 704 etenim
396 677 552 718 corpus
575 661 758 718 intelligi
793 662 884 702 sine
916 662 1012 703 loco
1046 677 1132 702 non
1167 672 1324 718 potest.
1347 677 1478 717 quare
1501 677 1555 704 ne

110 719 156 761 in
191 735 236 762 re
267 730 371 762 nota
403 729 446 760 et
480 719 734 776 pervulgata
755 719 914 760 multus
942 729 986 760 et
1015 719 1200 760 insolens
1231 720 1326 771 sim,
1352 720 1457 761 locis
1490 729 1555 761 est

99 778 317 819 mendum
341 776 502 828 multis,
536 776 786 828 illustribus,
811 777 1055 833 explicatis,
1079 777 1261 818 modicis
1295 777 1552 831 intervallis;

107 834 371 892 imaginibus
405 844 549 876 autem
583 835 826 890 agentibus,
860 835 1045 885 acribus,
1080 835 1313 890 insignitis,
1348 850 1444 890 quae
1479 851 1554 877 oc-¹

105 906 288 944 currere,
310 892 589 948 celeriterque
619 901 841 947 pereutere
863 892 1054 933 animum
1078 893 1259 948 possint.
1323 893 1466 939 Quam
1489 892 1553 933 fa-

105 950 308 992 cultatem
345 959 388 991 et
425 950 680 990 exercitatio
712 949 861 1002 dabit3
900 964 954 990 ex
986 965 1071 1005 qua
1100 950 1368 991 consuetudo
1408 951 1552 1006 gigni-

105 1015 197 1059 tur3
220 1009 297 1048 4et
319 1007 523 1048 similium
547 1008 775 1048 verborum
799 1022 1006 1048 conversa
1039 1015 1082 1048 et
1108 1007 1336 1048 immutata
1363 1008 1550 1060 casibus,

104 1074 178 1106 aut
201 1065 398 1106 traducta
416 1079 470 1105 ex
494 1074 614 1120 parte
636 1064 688 1106 ad
719 1079 854 1120 genus
876 1065 1058 1115 notatio,
1086 1073 1128 1105 et
1152 1066 1276 1105 unius
1300 1065 1418 1106 verbi
1442 1066 1550 1106 ima-

104 1122 220 1178 gine,
245 1123 376 1163 totius
400 1123 623 1163 sententiae
648 1121 913 1173 informatio,
946 1125 963 1152 ⁵
981 1122 1157 1178 pictoris
1184 1122 1410 1178 cujusdam
1433 1138 1549 1164 sum-

102 1180 163 1220 mi
187 1180 352 1221 ratione
373 1188 417 1221 et
434 1179 580 1231 modo,
604 1179 837 1220 formarum
861 1179 1064 1220 varietate
1086 1180 1203 1220 locos
1222 1180 1545 1236 distinguentis,

104 1237 190 1278 Sed
214 1238 442 1278 verborum
474 1237 693 1287 memoria,
717 1237 843 1292 6quae
874 1237 1012 1278 minus
1046 1247 1111 1278 est
1140 1237 1265 1278 nobis
1294 1237 1628 1290 necessaria,88

101 1294 266 1350 maj0re
298 1295 538 1351 imaginum
569 1295 774 1335 varietate
802 1294 1098 1351 distinguitur.
1132 1295 1268 1335 multa
1296 1296 1412 1336 enim
1446 1306 1634 1344 sunt359

101 1353 247 1403 verba,
279 1367 393 1407 quae,
429 1352 550 1408 quasi
583 1351 768 1402 articuli,
795 1361 1062 1393 connectunt
1098 1353 1291 1393 membra
1323 1353 1546 1405 orationis,

100 1412 119 1443 7
143 1424 241 1465 quae
264 1409 439 1450 formari
463 1409 744 1450 similitudine
773 1409 888 1450 nulla
918 1419 1119 1465 possunt:
1151 1424 1299 1451 eorum
1330 1410 1548 1467 fingendae

101 1468 228 1508 nobis
251 1476 350 1508 sunt
373 1468 598 1523 imagines,
625 1467 783 1523 quibus
817 1481 985 1523 semper
1017 1478 1203 1508 utamur.
1267 1467 1429 1509 Rerum
1459 1483 1548 1509 me-

99 1525 239 1565 moria
270 1526 445 1581 propria
476 1533 541 1565 est
579 1524 787 1565 oratoris:
827 1539 922 1565 eam
961 1525 1174 1581 8singulis
1209 1526 1400 1580 personis
1439 1527 1550 1567 bene

98 1582 251 1637 positis
273 1591 423 1623 notare
444 1596 686 1638 possumus,
719 1591 766 1621 ut
789 1582 1021 1623 sententias
1047 1582 1326 1638 imaginibus,
1349 1583 1544 1625 ordinem

97 1639 204 1681 locis
237 1639 668 1695 comprehendamus
729 1639 882 1694 Neque
903 1654 1048 1681 verum
1080 1650 1159 1691 est,
1181 1640 1297 1695 quod
1320 1641 1375 1681 ab
1398 1641 1546 1682 inerti·
1556 1640 1636 1676 360

99 1697 178 1737 bus
201 1697 375 1748 dicitur,
398 1697 585 1752 opprimi
618 1697 872 1737 memoriam
905 1697 1145 1754 imaginum
1177 1697 1380 1753 pondere,
1402 1710 1446 1739 et
1467 1700 1546 1739 ob-

99 1755 259 1795 scurari
282 1755 413 1795 etiam
433 1755 491 1804 id,
522 1754 637 1809 quod
657 1768 732 1810 per
755 1768 798 1794 se
821 1764 974 1795 natura
997 1764 1140 1796 tenere
1163 1755 1391 1811 potuisset.
1444 1755 1547 1798 Vidi

97 1811 214 1852 eni'm
235 1826 318 1868 ego
339 1826 528 1853 summos
550 1812 759 1862 homines,
782 1820 825 1852 et
843 1812 990 1853 divina
1007 1828 1141 1869 prope
1162 1813 1385 1864 memoria,
1409 1812 1548 1854 Athe-

97 1868 163 1909 nis
185 1868 526 1921 9Charmadam,
561 1869 605 1910 in
634 1869 753 1920 Asia,
777 1883 905 1924 quem
943 1870 1084 1912 vivere
1114 1870 1244 1911 hodie
1276 1871 1412 1922 aiunt,
1446 1872 1547 1912 Sce-

839 2031 901 2064 est,
918 2028 995 2067 qnia
1007 2029 1120 2059 omnia
1132 2029 1231 2059 verba
1245 2028 1285 2059 ab
1300 2028 1426 2068 origine
1439 2030 1545 2070 prima

136 2029 156 2060 2
180 2027 246 2058 His
267 2031 379 2058 autem
392 2026 518 2066 formis
540 2031 637 2066 atque
656 2027 796 2067 eorpori-

841 2080 908 2100 rem
938 2081 1129 2110 corpoream
1160 2076 1195 2100 et
1223 2071 1411 2101 sensibilem
1437 2072 1544 2113 expri-

97 2069 167 2109 bus]
186 2069 354 2109 Intellige,
370 2070 484 2099 formis
500 2071 675 2110 corporeis.

138 2115 156 2142 3
166 2113 422 2152 veniunt—opus
431 2111 490 2150 est]
505 2112 653 2141 Primum
663 2111 734 2141 edd.
748 2121 796 2151 pr.

96 2164 210 2185 omnes
224 2155 362 2186 babent:
387 2155 444 2184 sed
464 2155 539 2184 locis
562 2164 639 2193 opus
662 2158 720 2191 est,
738 2163 796 2193 pro

95 2197 212 2236 quibus
226 2196 328 2227 Aldus
350 2197 437 2227 sedes
451 2206 529 2236 opus
544 2201 590 2227 est
604 2196 703 2226 dedit.
750 2196 799 2226 Ea

92 2237 192 2269 lectio
207 2238 336 2269 videtur
348 2239 436 2269 faeta
450 2248 518 2269 esse
531 2249 548 2269 e
560 2239 664 2275 libris,
681 2240 715 2269 in
728 2239 798 2277 qui-

93 2281 153 2311 bus
175 2286 260 2311 esset
281 2281 436 2312 omissum
458 2281 494 2310 in
518 2283 605 2319 loeis,
630 2281 716 2311 utin
731 2281 796 2311 Ms.

92 2323 131 2354 E.
156 2325 210 2363 qui
233 2323 332 2354 habet
351 2324 407 2353 sed
430 2333 507 2363 opus
531 2328 586 2354 est.
632 2323 795 2354 Locorum

92 2366 227 2396 verbum
243 2366 412 2406 proprium
428 2371 478 2395 est
493 2367 527 2396 in
541 2366 603 2396 hac
618 2375 662 2396 re.
691 2366 795 2396 Dein-

93 2408 132 2438 de
147 2408 180 2439 in
193 2409 266 2439 edd.
285 2418 332 2448 pr.
349 2412 422 2448 post
437 2409 571 2438 veniunt
585 2407 654 2438 haec
670 2407 794 2438 addun-

92 2456 162 2481 tur:
187 2451 383 2481 admonetur
395 2451 554 2480 memoria
568 2455 681 2481 nostra
697 2454 795 2489 atque

91 2494 268 2530 excitatur,
297 2492 413 2523 deinde
443 2493 603 2532 sequitur,
631 2493 687 2523 sed
719 2493 794 2523 Iocis

93 2543 171 2574 opus
192 2540 248 2565 est.
293 2535 343 2565 Ea
357 2545 457 2574 quare
480 2535 600 2566 omissa
618 2535 698 2571 sint,
726 2545 792 2565 non

94 2578 206 2608 video:
232 2587 291 2607 nee
305 2577 458 2607 videntur
479 2578 590 2617 spuria
604 2587 681 2608 esse.
725 2576 793 2607 Ne—

93 2629 156 2657 que
183 2620 272 2649 enim
301 2620 370 2649 sine
398 2619 448 2649 his
473 2620 673 2659 intelligitur
699 2620 791 2656 satis,

90 2671 189 2701 qnare
204 2661 359 2692 addatur:
375 2663 460 2692 sicat
474 2663 633 2697 omnious,
649 2671 719 2701 quoe
732 2663 791 2692 ειιό

90 2707 261 2743 aspectam:
271 2704 415 2734 veniunt.
439 2704 527 2743 Ergo
541 2705 758 2735 restituimus.

130 2749 153 2776 4
174 2750 205 2776 et
223 2747 384 2776 similium
402 2747 589 2787 verborum]
618 2747 691 2777 Hoc
713 2756 791 2777 con·

86 2788 240 2827 jungitur
249 2798 328 2818 cum
343 2790 544 2820 exercitatio.
577 2791 698 2820 Sensus
720 2793 789 2819 est:

90 2840 148 2869 per
161 2830 409 2870 etymologiam,
431 2841 504 2870 quae
526 2836 579 2862 est
590 2833 726 2867 notatio,
742 2831 794 2862 vel

90 2873 233 2902 nominis
248 2873 360 2912 ipsius,
383 2872 434 2902 vel
449 2875 619 2914 conjugati
640 2873 794 2914 alicujuS‚

840 2117 950 2149 munt,
967 2112 1052 2143 unde
1069 2115 1177 2152 imago
1193 2112 1267 2143 duci
1283 2118 1403 2153 potest,

882 2157 900 2185 5
918 2156 1054 2194 pictoris
1078 2154 1254 2195 cujusdam
1271 2156 1407 2196 summi]
1433 2157 1544 2197 Quare

841 2197 981 2227 addatur
1001 2200 1134 2234 summi,
1153 2208 1220 2228 non
1245 2198 1347 2228 video.
1392 2200 1544 2240 Cogitavi

840 2249 982 2270 summa.
1026 2240 1111 2270 Eece
1126 2240 1172 2270 sic
1184 2240 1285 2271 habet
1300 2242 1363 2271 Ms.
1379 2241 1417 2272 Ε.

883 2282 904 2312 6
926 2292 996 2322 quoe
1020 2283 1131 2312 minus
1153 2288 1200 2313 est
1225 2284 1314 2313 nohis
1340 2283 1539 2324 necessaria]

837 2323 979 2364 Nempe,
1002 2325 1079 2364 quia
1097 2325 1196 2355 verba
1220 2332 1299 2356 sunt
1322 2326 1355 2355 in
1376 2331 1542 2366 potestate

837 2367 990 2404 oratoris,
1006 2372 1052 2405 et,
1077 2377 1153 2397 cum
1169 2377 1218 2398 res
1233 2369 1356 2406 subest,
1376 2368 1477 2401 facile.
1487 2369 1540 2400 oc-

838 2414 990 2440 currunt.

879 2454 897 2484 7
929 2460 999 2490 quae
1022 2450 1176 2491 formari
1210 2452 1425 2483 similitudine
1461 2453 1536 2493 &c.]

835 2491 976 2533 Nempe,
1001 2494 1078 2532 quia
1092 2498 1170 2523 sunt
1185 2495 1283 2524 modo
1302 2495 1491 2532 relationeS,
1505 2502 1539 2526 et

836 2543 885 2565 res
897 2536 1100 2575 exprimunt,
1114 2546 1187 2575 quae
1197 2537 1339 2576 intelligi
1355 2537 1453 2567 modo
1467 2548 1540 2578 pos-

835 2582 925 2607 sunt.

878 2623 896 2650 8
918 2619 1059 2658 singulis
1070 2620 1216 2659 personis
1230 2620 1307 2650 bene
1317 2620 1444 2660 pos-istis]
1465 2622 1540 2653 Hoc

834 2661 912 2700 quid
925 2662 981 2698 sit,
998 2662 1084 2692 disce
1097 2662 1138 2692 ad
1154 2663 1278 2693 Heren.
1295 2662 1358 2699 111,
1376 2666 1427 2693 20.

875 2707 896 2737 9
923 2703 1161 2744 Charmadam]
1184 2705 1377 2744 Vulgatum·
1388 2705 1539 2737 Charmi-

833 2745 919 2781 dem,
935 2746 1079 2785 primum
1095 2747 1220 2777 editum
1245 2751 1296 2777 est
1316 2748 1350 2777 in
1377 2747 1438 2778 Ed.
1455 2748 1548 2777 Gra:

835 2797 910 2818 nov.
921 2798 980 2828 pro
996 2788 1210 2826 Carneadem,
1220 2789 1307 2828 quod
1326 2789 1449 2820 habent
1467 2799 1537 2819 om-

838 2839 895 2860 nes
910 2830 992 2861 Edd.
1004 2831 1198 2870 superiores,
1212 2842 1250 2862 ex
1263 2832 1453 2870 conjectura
1467 2831 1538 2861 Sal-

837 2873 931 2903 masii
953 2873 1120 2908 etdonsii,
1142 2883 1259 2914 nempe
1281 2884 1322 2904 ex
1339 2874 1396 2904 Or.
1417 2874 1464 2904 16.
1481 2873 1535 2904 ubi

88 2924 185 2954 aquo
200 2915 326 2944 {acilius
343 2915 523 2954 reperiatur
537 2917 658 2956 imago.
694 2916 794 2948 Ratio
838 2915 947 2945 editur
978 2915 1213 2948 Charmidem.-
1248 2916 1304 2946 sed
1327 2916 1430 2947 etiam
1457 2916 1537 2947 Mss.

751 2957 877 2999 Bb2
