1945 3235
681 135 937 176 TOPICA.
1456 139 1531 178 581

81 237 324 294 tuissemus,
361 255 415 284 ex
453 237 596 283 edicto
629 243 865 285 secundum
903 255 972 282 eas
1012 240 1180 283 tabulas
1219 243 1534 299 possessionem

76 295 184 348 dari,
215 314 320 355 quas
353 299 387 340 is
418 300 690 352 instituisset,
711 301 781 342 cui
814 298 1061 340 testamenti
1094 299 1227 340 factio
1258 301 1374 342 nulla
1404 312 1532 344 esset.

78 353 162 396 Sed
186 355 304 398 locus
328 356 400 399 hic
421 357 560 415 magis
583 359 633 400 ad
660 355 973 413 conjecturales
996 370 1161 406 causas,
1186 372 1283 411 quae
1306 369 1531 401 versantur

76 411 121 452 in
138 413 335 468 judiciiS,
357 415 496 457 valet:
529 430 628 456 cum
649 415 873 470 quaeritur,
897 413 1002 469 quid
1026 423 1102 454 aut
1133 414 1202 465 sit,
1226 423 1300 455 aut
1321 418 1526 469 evenerit,

73 481 149 511 ant
172 471 366 514 futurum
389 473 458 525 sit,
481 482 570 523 aut,
591 473 695 528 qnid
719 472 898 514 omnino
918 471 1009 512 fieri
1034 472 1184 528 possit.
1244 470 1305 512 At
1325 472 1407 513 loci
1431 475 1526 530 qui·
1546 468 1608 515 12

72 526 172 569 dem
202 529 338 585 ipsius
371 529 510 571 forma
531 530 626 570 talis
648 539 727 571 est.
787 529 1009 570 Admonet
1040 539 1185 570 autem
1216 528 1289 570 hic
1321 529 1454 582 locus,
1478 539 1584 573 ut51

72 596 306 639 quaeratur,
329 588 432 644 quid
463 596 563 628 ante
596 602 699 639 rein,
722 588 828 643 quid
849 602 949 628 cum
972 602 1030 639 re,
1053 587 1157 643 quid
1186 596 1286 643 post
1315 601 1404 628 rem
1427 602 1526 629 eve-

71 643 199 685 nerit,
260 645 383 686 Nihil
407 645 488 686 hoc
510 645 565 686 ad
589 645 689 700 jus;
722 648 760 677 58
775 646 827 687 ad
855 645 1127 696 Ciceronem,
1152 645 1351 700 inquibat
1373 645 1525 687 Gallus
1538 658 1568 688 p.
1586 652 1657 690 22².-

70 711 231 752 noster,
255 702 289 743 si
311 701 407 757 quis
439 703 492 744 ad
514 717 613 744 eum
638 703 721 744 tale
743 703 847 758 quid
870 703 1088 754 retulerat,
1112 714 1160 743 ut
1181 703 1234 744 de
1265 702 1383 744 facto
1404 718 1524 759 quae-
1536 701 1566 721 ὃ·

70 769 247 800 reretur.
273 771 317 800 tu
345 769 488 801 tamen
522 762 700 817 patiere,
728 761 893 802 nullum
925 776 950 801 a
980 776 1049 801 me
1082 761 1185 801 artis
1217 761 1429 802 institutae
1462 761 1526 803 lo-

69 830 168 856 cum
192 817 428 873 praeteriri3
463 833 530 869 ne,
553 819 585 859 si
612 818 735 870 nibil,
758 819 839 860 nisi
863 818 978 874 quod
1010 818 1063 859 ad
1097 830 1139 859 te
1169 819 1397 873 pertineat,
1421 820 1524 860 scri-

68 873 258 916 bendum
281 876 460 932 putaris,
483 877 667 918 nimium
690 887 732 917 te
755 891 898 917 amare
919 876 1106 917 videare.
1168 876 1247 917 Est
1279 877 1412 933 igitur
1433 892 1524 919 ma-

66 944 155 987 gna
174 947 229 974 ex
262 943 383 989 parte
414 934 534 975 locus
567 935 638 976 hic
663 935 890 985 oratorius,
919 949 1004 975 non
1028 934 1159 976 modo
1190 949 1277 976 non
1303 935 1525 990 juriscon-

66 989 293 1042 sultorum,
316 993 389 1034 sed
421 1007 475 1033 ne
511 992 869 1049 pbilosophorum
894 992 1085 1048 quidem.
1147 991 1263 1033 Ante
1294 1007 1383 1034 rem
1406 994 1521 1035 enim
1536 1002 1585 1036 52

66 1058 335 1103 quaeruntur,
376 1066 474 1107 quae
526 1051 629 1091 talia
669 1061 783 1102 sunt,
825 1059 1072 1106 apparatus,
1113 1049 1345 1106 colloquia,
1386 1050 1522 1103 locus,

64 1107 421 1160 ³9constitutum,
452 1108 718 1150 convivium.
779 1108 891 1150 Cum
924 1123 967 1148 re
998 1119 1158 1160 autem,
1189 1109 1349 1166 pedum
1380 1110 1520 1166 crepi—

68 1172 152 1215 tus,
186 1167 391 1222 strepitus
423 1166 664 1218 hominum,
687 1181 918 1224 corporum
938 1167 1121 1218 umbrae,
1153 1177 1195 1207 et
1227 1168 1260 1208 si
1284 1167 1387 1222 qnid
1410 1167 1526 1223 ejus-

62 1221 198 1263 modi.
259 1224 321 1266 At
351 1234 451 1281 post
481 1239 586 1275 rem,
616 1227 760 1276 rubor,
799 1224 948 1280 pallor,
983 1225 1204 1276 titubatio,
1240 1226 1338 1266 60et
1367 1224 1401 1266 si
1437 1240 1524 1280 qua

61 1278 147 1320 alia
176 1280 302 1337 signa
332 1283 679 1324 conturbationis
711 1291 754 1323 et
785 1282 1091 1324 conscientiae:
1124 1291 1334 1338 praeterea
1368 1284 1524 1324 restin-

61 1346 157 1378 ctus
189 1339 320 1394 ignis,
353 1340 521 1397 gladius
559 1351 777 1392 cruentuS‚
813 1349 1057 1396 ceteraque,
1093 1354 1192 1396 quae
1228 1340 1521 1397 suspicionem

60 1393 166 1436 facti
189 1408 370 1453 possunt
393 1413 580 1440 movere.

118 1453 338 1511 Deinceps
360 1465 426 1497 est
447 1456 566 1497 locus
589 1455 915 1498 dialecticorum
947 1456 1148 1513 proprius
1169 1471 1225 1498 ex
1248 1471 1517 1513 consequen·
1529 1472 1578 1507 53

56 1510 189 1563 tibus,
212 1522 256 1554 et
277 1514 650 1566 antecedentibus,
669 1524 713 1556 et
735 1514 1094 1570 repugnantibus,
1116 1516 1190 1570 qui
1210 1515 1341 1556 etiam
1364 1517 1418 1556 ab
1441 1515 1516 1557 ad-

49 1568 218 1625 junctis
241 1570 372 1629 longe
392 1571 586 1613 diversus
609 1581 688 1613 est.
720 1586 818 1613 nam
852 1572 1072 1627 adjuncta,
1096 1573 1148 1613 de
1179 1574 1337 1629 quibus
1370 1573 1514 1630 paullo

55 1636 156 1668 ante
178 1629 345 1671 dictum
367 1638 447 1682 est,
468 1645 555 1674 non
580 1645 748 1688 semper
769 1630 1000 1672 eveniunt:
1034 1631 1346 1687 consequentia
1368 1641 1513 1673 autem

53 1699 238 1742 semper.
300 1686 365 1729 Ea
394 1689 509 1730 enim
542 1689 640 1730 dico
663 1689 988 1744 consequentia,
1020 1703 1117 1744 quae
1150 1704 1240 1731 rem
1272 1690 1514 1731 necessario

52 1757 392 1800 consequuntur.
411 1746 602 1803 itemque
621 1756 664 1788 et
682 1747 984 1788 antecedentia
1002 1756 1045 1787 et
1064 1748 1366 1804 repugnantia.
1386 1748 1515 1803 quid-

51 1802 157 1857 quid
180 1803 296 1845 enim
328 1805 547 1847 antecedit
570 1820 788 1861 quamque
819 1819 924 1857 rem,
948 1805 991 1847 id
1013 1805 1208 1847 cohaeret
1229 1821 1329 1846 cuin
1362 1820 1406 1847 re
1438 1821 1511 1847 ne-

51 1861 264 1904 cessario:
295 1871 339 1903 et
369 1863 580 1920 quidquid
613 1873 842 1920 repugnat,
874 1862 917 1904 id
949 1863 1165 1918 ejusmodi
1186 1874 1266 1915 est,
1294 1873 1341 1905 ut
1363 1863 1510 1905 eohae-

51 1932 143 1960 rere
177 1933 414 1976 numquam
447 1921 596 1977 possit.
658 1921 772 1962 Cum
803 1921 1022 1977 tripartito
1056 1921 1193 1978 igitur
1222 1922 1508 1963 distribuatur
1528 1925 1591 1973 13

48 1974 169 2018 locus
202 1976 288 2029 hic,
310 1979 354 2019 in
377 1980 746 2031 consecutionem,
778 1979 1136 2031 antecessionem,
1158 1980 1508 2036 repugnantiam,

47 2035 291 2090 reperiendi
320 2038 566 2093 argumenti
597 2037 716 2079 locus
749 2037 935 2094 simplex
967 2047 1046 2089 est,
1079 2038 1293 2079 tractandi
1333 2038 1508 2094 triplex.

46 2106 147 2133 nam
169 2093 274 2149 quid
297 2093 490 2147 interest,
512 2111 610 2137 cum
634 2095 719 2137 hoc
741 2095 957 2146 sumseris,
982 2096 1209 2151 pecuniam
1235 2105 1507 2137 numeratam

46 2150 215 2192 mulieri
238 2152 401 2203 deberi,
425 2154 496 2195 cui
524 2154 580 2194 sit
601 2168 729 2194 omne
761 2163 991 2210 argentum
1013 2153 1220 2209 legatum,
1246 2163 1390 2195 utrum
1425 2153 1509 2196 hoc

45 2209 178 2251 modo
209 2210 442 2252 concludas
476 2221 806 2268 argumentum:
840 2212 886 2253 Si
922 2212 1106 2268 pecunia
1136 2211 1321 2268 signata,
1354 2226 1510 2269 argen-

45 2276 138 2308 tum
161 2276 251 2320 est;
284 2267 427 2325 legata
448 2279 512 2310 est
545 2269 726 2311 mulieri.
758 2278 823 2310 est
854 2279 1000 2311 autem
1032 2270 1218 2326 pecunia
1240 2269 1412 2326 signata
1442 2284 1509 2311 ar·-

43 2336 241 2380 gentum.
273 2325 417 2382 legata
447 2327 596 2383 igitur.
654 2327 726 2375 An
758 2327 831 2369 illo
854 2328 1015 2370 modo?
1048 2327 1094 2368 Si
1126 2337 1351 2369 numerata
1377 2341 1510 2384 pecu-

42 2383 129 2435 nia,
161 2398 249 2425 non
281 2394 347 2425 est
374 2384 543 2441 legata3
575 2400 660 2426 non
694 2394 759 2427 est
790 2394 1016 2427 numerata
1047 2385 1233 2442 pecunia
1261 2395 1508 2442 argentum.

41 2450 107 2482 est
139 2451 284 2487 autem
321 2453 547 2484 numerata
576 2444 763 2500 pecunia
800 2453 1046 2500 argentum.
1077 2443 1224 2499 legata
1262 2443 1397 2499 igitur
1427 2452 1509 2484 est.

43 2498 113 2540 An
145 2499 217 2542 illo
240 2501 400 2543 modo?
444 2501 547 2543 Non
580 2512 624 2543 et
654 2501 848 2559 legatum
881 2510 1111 2559 argentum
1140 2510 1220 2553 est,
1243 2512 1286 2542 et
1320 2515 1408 2544 non
1443 2511 1510 2541 est

83 2661 122 2690 58
155 2659 202 2689 ad
233 2659 418 2693 Ciceronem
446 2661 595 2701 inquibat
629 2660 750 2692 Gallus
792 2665 906 2692 tutum
921 2661 1123 2698 convivium,
1138 2660 1222 2691 item
1235 2658 1307 2690 edd.
1325 2658 1416 2689 Med.
1431 2657 1506 2689 Aid.

41 2701 161 2741 noster]
189 2702 210 2732 i.
227 2713 255 2733 e.
272 2703 313 2733 ad
327 2711 506 2741 oratorem,
525 2705 592 2744 qui,
609 2713 684 2734 cum
709 2703 749 2734 de
791 2704 889 2735 Junt.
907 2703 994 2743 qnod
1009 2709 1060 2734 est
1081 2714 1099 2734 e
1115 2702 1284 2744 s5mbolis.
1296 2702 1329 2731 id
1348 2711 1416 2732 non
1431 2711 1510 2731 con-

36 2745 126 2774 sacto
150 2748 322 2783 quaeritur,
346 2757 385 2777 ea
411 2747 509 2778 debet
531 2747 749 2779 considerare.
791 2746 1012 2777 temnendum
1027 2745 1171 2777 videtur.
1188 2745 1249 2776 Ed.
1269 2744 1355 2776 Ven-
1377 2744 1510 2775 inscitu-

38 2787 105 2818 Ma.
118 2787 160 2817 V.
176 2787 276 2819 habet
289 2789 464 2829 inquiebat.
793 2793 866 2820 tum
880 2790 1078 2820 convivium.

81 2832 122 2863 59
144 2832 372 2869 constitutum,
395 2832 593 2872 convivium]
626 2831 750 2863 Comei-
836 2833 878 2863 60
901 2837 931 2865 et
946 2833 1051 2873 siqua
1066 2832 1137 2863 alsa
1153 2830 1194 2872 8.]
1211 2829 1279 2863 ΜΞ.
1294 2830 1416 2862 seilicet
1431 2839 1508 2871 quw

36 2877 148 2903 tatum
174 2873 254 2912 'quid
279 2884 309 2907 v,
325 2875 359 2906 in
384 2875 498 2905 Clave.
524 2884 584 2905 nee
601 2875 749 2905 multum
795 2875 842 2905 lia
854 2885 881 2906 s.

34 2915 145 2946 differt
161 2926 180 2947 a
199 2915 282 2948 loco.
326 2917 490 2953 Betthius
502 2918 617 2960 jnmth
631 2919 751 2950 consti-

708 2966 832 3016 Ppss
