1914 3220
654 99 1109 157 PRAEFATIO.
1546 121 1615 155 xv

186 229 428 292 omnium
457 230 753 301 plurimum
781 231 884 284 hoc
912 232 964 284 in
995 249 1190 303 genere
1218 232 1439 284 sensisse
1461 251 1525 285 ac
1546 233 1622 285 vi-

184 312 325 366 disse
349 315 520 386 reperi
546 316 885 370 Lambimtm:
927 317 1024 388 qui
1051 325 1105 370 et
1131 334 1278 388 saepe
1312 335 1380 368 ex
1408 316 1511 369 hac
1536 336 1620 369 ra·-

182 399 329 452 tione
372 401 561 473 corrigi
604 411 817 455 textum
871 403 1070 456 voluit:
1122 402 1215 455 sed
1270 411 1455 455 tamen
1506 422 1618 455 non

179 495 506 550 constanter,
548 497 610 541 ut
652 507 753 541 nec
796 489 917 550 alii;
973 496 1167 559 estque
1205 489 1289 540 vel
1333 507 1497 552 nuno,
1529 489 1614 541 vel

178 570 279 631 erit
304 571 622 643 aliquandO,
651 575 746 627 ubi
785 576 965 646 plures
994 592 1090 646 per
1131 573 1473 645 disciplinam
1520 575 1616 627 bo-

177 672 371 710 norum
398 659 777 730 magistrorum
803 661 929 714 huic
959 660 1097 732 parti
1126 659 1390 731 analogiae
1429 659 1614 712 latinae

175 742 389 799 adsueti
414 745 658 801 homines
683 748 1116 808 admirabuntur,
1143 746 1277 799 vitia
1314 746 1427 817 ejus
1454 765 1614 817 gene-

176 827 245 880 ris
273 831 448 884 multa
473 851 540 885 ex
568 852 632 886 eo
660 852 854 905 genere
886 833 1098 887 tamdiu
1127 850 1160 884 a
1187 831 1510 886 doctissimis
1537 834 1613 886 vi-

173 914 242 967 ris
269 934 371 969 nec
409 919 801 982 animadversa,
828 937 930 972 nec
967 927 1211 971 correcta
1251 937 1382 972 esse.
1463 918 1614 973 Nam

175 1017 306 1053 ecce
350 1006 639 1074 praeclarus
668 1006 755 1058 ille
797 1005 1070 1064 Victo-riu&
1098 1004 1186 1057 ille
1217 1002 1490 1057 Ciceronis
1533 1022 1618 1056 so·-

175 1087 422 1157 spitator,
465 1087 623 1163 hujus
676 1092 749 1143 rei
800 1090 1016 1143 inscitia
1064 1089 1232 1142 etiam
1277 1090 1409 1143 vitia
1449 1090 1612 1142 inter-

173 1173 307 1226 dum
347 1177 705 1247 grammatica
741 1175 1025 1247 adspersit,
1061 1182 1124 1228 ut
1168 1174 1239 1227 ad
1278 1174 1405 1227 Div.
1445 1174 1613 1239 VIII,

176 1267 259 1314 14.
307 1280 435 1314 cum
476 1281 574 1334 pro
621 1271 853 1315 certetur
899 1262 953 1314 in
1007 1260 1115 1314 Ms.
1163 1262 1446 1333 reperisset
1505 1283 1614 1315 cer-

169 1354 343 1409 netur,
388 1348 537 1400 verbi
577 1348 849 1420 elegantia
889 1347 1079 1419 majori
1121 1354 1302 1400 motus
1354 1347 1408 1400 id
1463 1365 1608 1401 rece-

171 1433 280 1502 pit:
337 1453 447 1487 non
485 1436 628 1488 male
673 1453 784 1506 qua
825 1434 1052 1487 verbum
1096 1435 1357 1497 cernendi,
1400 1433 1492 1486 sed
1534 1435 1610 1486 vi-

169 1519 303 1572 tiose
331 1520 385 1572 in
413 1522 566 1575 verbi
602 1522 793 1584 forma,
831 1537 959 1572 cum
1001 1537 1114 1571 esse
1151 1519 1343 1573 saltem
1382 1519 1606 1574 deberet

168 1614 431 1659 cernatur.
512 1606 644 1660 Non
675 1606 851 1659 multo
893 1605 1046 1657 aliter
1087 1605 1291 1658 accidit
1329 1606 1386 1657 in
1412 1623 1608 1678 genere

165 1692 463 1746 venustatis
514 1702 571 1746 et
620 1692 1022 1754 concinnitati3‚
1077 1692 1609 1762 conjunctarumque

163 1777 442 1832 virtutum.
523 1778 676 1832 Nam
704 1778 803 1833 etsi
830 1778 943 1853 ejus
968 1777 1176 1830 facilior
1196 1796 1382 1831 sensus
1409 1787 1508 1841 est,
1527 1778 1604 1830 fa-

163 1862 317 1917 cilius
337 1865 522 1927 etiam,
551 1865 594 1918 si
621 1863 757 1936 quid
785 1863 900 1916 vitii
927 1881 994 1916 ea
1020 1864 1167 1916 bona
1192 1865 1498 1928 macularit,
1517 1865 1606 1935 ju-

162 1948 386 2014 dicium,
409 1951 560 2022 quod
586 1960 640 2004 et
661 1949 950 2023 praeceptis
983 1944 1258 2002 Ciceronis
1296 1948 1463 2021 ipsius
1491 1950 1603 2021 regi

163 2044 371 2107 potest3
435 2045 623 2090 tamen
682 2036 959 2089 neminem
1016 2035 1126 2088 fere
1176 2035 1233 2087 in
1288 2054 1354 2088 eo
1406 2054 1604 2108 genere

162 2121 495 2175 emendandi
535 2129 849 2176 constanter
875 2130 1149 2174 versatum
1187 2121 1387 2192 reperi:
1427 2139 1603 2174 unum

160 2207 312 2260 illum
331 2226 510 2262 rursus
533 2207 888 2270 Lambinum,
907 2206 1080 2259 virum
1098 2207 1302 2261 solertis
1328 2207 1531 2279 ingenii
1547 2217 1605 2262 et

160 2294 506 2366 philosophia
531 2295 672 2348 bene
698 2293 930 2356 subacti,
948 2292 1120 2365 magis
1137 2294 1361 2347 caeteris.
1410 2293 1603 2365 Atque

159 2380 248 2433 ille
289 2383 455 2434 etiam
492 2382 718 2434 Victoria
761 2381 973 2451 aliquot
1011 2380 1161 2443 lociS,
1190 2380 1379 2451 aliquo
1416 2380 1603 2444 etiam,

160 2465 228 2517 ad
251 2466 489 2540 Philipp.
511 2467 580 2530 V,
601 2467 654 2531 6,
676 2467 834 2520 valde
861 2484 1068 2539 aspere,
1086 2466 1356 2519 inscitiam
1385 2465 1600 2537 elegan-

160 2551 248 2605 tiae
275 2553 457 2606 latinee
484 2555 811 2626 exprobrat;
852 2571 979 2606 eum
997 2552 1101 2624 ipsi
1128 2552 1380 2614 vicissim,
1398 2571 1432 2604 a
1455 2550 1602 2604 Gru-

161 2647 270 2692 tero
296 2640 558 2712 inprimis,
586 2640 821 2693 audacia
846 2640 901 2692 in
930 2638 1249 2711 corrigendo
1276 2638 1597 2711 objiciatur:

158 2733 215 2777 et
232 2744 359 2779 cum
381 2726 620 2779 maxime
650 2725 870 2778 evidens
892 2744 973 2778 res
1000 2733 1098 2788 est,
1119 2725 1348 2796 quidam
1376 2726 1594 2779 dicunt:

157 2811 472 2883 reciperem,
501 2813 544 2865 si
570 2812 689 2866 libri
717 2813 990 2883 juvarent.
1072 2810 1196 2865 Nec
1224 2819 1410 2866 tamen
1434 2830 1597 2883 nega·
1621 2830 1625 2832 ·
