1914 3220
629 122 1084 179 PRAEFATIO.
1449 120 1577 173 xxix

147 269 354 330 'paucas
381 266 537 310 notas
572 256 803 327 scripsit,
842 256 896 307 in
935 255 1359 308 orationesvero
1389 253 1581 305 nullas.

147 345 343 415 Atque
393 343 560 395 etiam
609 342 664 393 in
719 340 982 411 exemplis
1034 337 1192 392 editis
1256 339 1582 408 usurpandis

149 446 276 480 eum
302 427 481 481 minus
511 427 827 498 diligentem
855 425 1036 487 fuisse,
1063 442 1227 495 supra
1250 431 1305 475 et
1330 422 1436 474 alio
1462 422 1584 475 loco

150 513 278 568 dixi.
347 512 548 584 Reperi
576 513 761 574 etiam,
790 529 915 565 eum
944 509 1218 563 interdum
1245 509 1585 580 conjecturas

150 617 292 661 suaS,
319 598 419 651 etsi
449 616 643 669 parum
671 596 966 657 evidenteS,
1003 595 1058 647 in
1087 603 1298 648 textum
1327 594 1588 656 intulisse,

151 684 294 738 utin
323 702 451 756 epp.
480 685 550 737 ad
580 683 707 736 Div.
737 682 846 746 IX,
880 681 962 735 16.
991 675 1086 733 ubi
1112 682 1339 734 verbum
1363 681 1588 751 famam,

151 770 268 822 sola
302 772 619 841 conjectura
657 769 875 830 ductus,
899 784 1002 838 ‘pro
1045 766 1365 835 offensionem
1401 767 1591 829 edidit,

140 875 283 909 vcum
319 855 628 909 idverbum
662 855 716 906 in
746 851 951 907 Codice
983 851 1260 905 Medicaeo
1297 871 1406 906 non
1440 871 1593 925 repe-

154 944 334 996 risset:
375 941 655 995 exciderat
701 940 867 1010 culpa
910 938 1142 990 librarii:
1181 939 1337 1011 cujus
1383 940 1457 993 rei
1502 940 1595 993 de-

155 1028 284 1081 inde
329 1045 457 1080 eum
504 1026 778 1098 poenituit.
855 1024 1046 1095 Atque
1090 1024 1177 1077 ille
1226 1026 1378 1078 locus
1429 1027 1595 1080 etiam

158 1113 502 1166 confirmavit
534 1112 919 1183 suspicionem,
947 1110 1237 1180 aliquoties
1272 1111 1405 1163 mihi
1447 1113 1597 1165 obla-

161 1206 293 1261 tam,
333 1216 462 1251 cum
490 1197 712 1259 diceret,
740 1196 950 1267 aliquid
987 1204 1086 1248 aut
1121 1196 1176 1247 in
1214 1196 1363 1248 nullo
1393 1195 1601 1251 Codice

161 1283 364 1354 scripto
404 1300 538 1345 esse,
581 1291 678 1336 aut
712 1283 768 1335 in
801 1282 1074 1344 omnibuS,
1109 1281 1164 1334 id
1208 1282 1276 1334 ad
1312 1300 1402 1334 eos
1435 1283 1603 1335 modo

162 1369 449 1439 pertinere,
477 1368 576 1421 etsi
606 1363 930 1440 perpaucoS,
957 1384 1096 1438 quos
1123 1355 1322 1439 ipsein
1349 1369 1603 1422 manibus

161 1453 456 1507 habuisset.
499 1452 652 1506 Nam
680 1455 751 1507 ad
772 1454 926 1507 illum
953 1445 1138 1506 lOcum
1166 1453 1317 1516 dicit,
1343 1454 1398 1506 in
1427 1454 1606 1525 prima

162 1549 419 1594 notarum
446 1540 704 1603 editione,
731 1541 961 1593 verbum
1000 1539 1322 1609 ‹ffensionem
1358 1540 1415 1592 in
1452 1541 1603 1593 nullo

163 1625 302 1678 libro
342 1625 545 1696 scripto
584 1644 732 1679 esse:
786 1625 842 1682 in
881 1644 1026 1678 nova
1064 1626 1441 1697 castigatione,
1479 1643 1609 1678 cum

156 1712 483 1783 opinionem
520 1712 668 1764 illam
710 1730 867 1764 suam
907 1721 963 1765 et
1004 1714 1397 1767 correctionem
1442 1720 1613 1765 retra-

169 1807 304 1860 ctat,
349 1798 526 1850 solum
574 1786 1375 1863 Medicaeum-vcommemorass
1418 1818 1452 1852 a
1498 1817 1611 1870 quo

169 1884 428 1937 inductus
456 1883 635 1946 fuerit,
662 1890 725 1936 ut
752 1902 951 1936 novam
979 1884 1271 1937 lectionem
1298 1885 1619 1957 conjectura

160 1978 459 2040 quaereret,
488 1968 640 2040 quod
669 1969 740 2021 ab
755 1976 834 2021 seo
869 1968 925 2021 id
951 1970 1181 2022 verbum
1205 1970 1453 2024 abesset:
1513 1969 1619 2024 Ca-

172 2056 433 2110 merarius
479 2055 584 2107 hoc
631 2055 799 2107 etiam
850 2054 907 2107 in'
942 2073 1020 2107 'eo
1064 2056 1433 2127 reprehendit,
1476 2057 1617 2129 jure,

166 2143 327 2214 quod
355 2142 411 2194 in
437 2140 710 2193 nonnullis
729 2140 881 2212 justo
909 2140 1031 2211 plus
1053 2130 1302 2195 tribuerit
1320 2143 1466 2196 libris
1491 2143 1619 2207 suiS,

175 2239 232 2284 et
260 2230 417 2301 plura
443 2236 636 2281 contra
662 2226 925 2279 usitatam
965 2234 1021 2280 et
1045 2228 1328 2300 vulgatam
1366 2230 1423 2282 in
1460 2230 1619 2283 editis

175 2315 470 2368 lectionem
497 2312 833 2384 exquisierit,
850 2312 1120 2367 'affectato
1142 2314 1489 2385 antiquitatis
1511 2325 1622 2369 stu-

177 2400 289 2463 dio,
320 2408 376 2453 et
418 2400 707 2453 verborum
742 2399 1148 2453 insolentiorem
1183 2401 1528 2472 scripturam,
1560 2409 1625 2455 ut

180 2487 361 2556 apisci,
390 2488 529 2548 hoca,
546 2485 787 2556 flamma,
815 2486 1097 2547 conlocare,
1125 2487 1425 2557 eaprobare,
1453 2485 1622 2548 OsteS,

181 2573 550 2643 rapueriscere,
577 2572 676 2624 διο.
706 2572 987 2642 receperit.

212 2700 217 2703 .
259 2654 516 2709 Ceterum
564 2674 796 2709 errorem
844 2656 932 2708 hic
978 2676 1185 2721 meum,
1223 2659 1279 2711 in
1333 2675 1502 2729 quem
1555 2656 1628 2709 ab

186 2740 302 2794 aliis
328 2741 587 2794 inductus
626 2759 766 2803 sum,
794 2741 1057 2813 corrigere
1098 2742 1371 2795 convenit.
1449 2742 1630 2812 Repe-

186 2844 360 2879 reram
399 2827 699 2881 editionem
726 2824 1103 2880 Victorianam
1141 2827 1443 2883 secundam
1481 2845 1630 2882 com·
