1914 3220
617 146 1071 203 PR'AEFATIO.
1497 137 1550 190 iil

124 295 216 331 ma
268 287 348 331 est
392 278 447 330 in
494 278 718 330 scientia
765 278 1094 349 singulorum
1147 272 1449 332 verborum,
1497 277 1553 321 et

124 362 404 433 phrasinm
431 370 547 415 tum
586 363 848 425 omnium,
878 372 994 415 tum
1035 356 1277 431 inprimis
1315 352 1551 423 exquisi-

125 448 340 509 tiorum,
366 456 420 499 et
448 447 653 518 aliquid
684 445 913 519 propriae
943 438 1429 498 commendationis
1458 436 1550 488 ha-

123 531 388 593 bentium,
416 531 500 598 vel
528 550 561 583 a
587 550 658 594 re,
687 550 856 602 quam
893 529 1220 601 exprimant,
1248 525 1332 577 vel
1364 542 1396 574 a
1429 539 1548 592 pro-

124 615 240 686 prio
268 616 512 685 quodam
534 635 634 668 usu
655 636 666 668 :
706 616 875 668 altera
896 624 1080 667 autem
1102 613 1155 664 in
1179 607 1429 679 analogia
1451 605 1548 656 lin-

120 718 243 771 guae
285 700 486 763 latinae,
514 702 570 766 in⁴
611 701 829 773 singulis
871 699 1063 762 verbis,
1102 694 1458 767 inprimisque
1494 689 1550 740 in

120 792 306 837 eorum
343 785 724 838 variandorum
761 782 1253 853 struendorumque
1279 777 1462 838 modO,
1489 782 1553 827 ut

120 886 190 921 ne
223 869 376 939 quid,
405 870 874 940 quemadmodum
910 870 1026 941 ipse
1066 866 1256 920 Cicero
1284 859 1550 936 praecipit,

119 953 173 1005 in
195 954 499 1024 generibUS,
521 955 752 1018 casibus,
775 955 1008 1008 numeris
1031 961 1200 1023 atque
1221 950 1386 1003 etiam
1413 955 1550 1000 tem-

119 1038 340 1109 poribus
368 1047 424 1091 et
449 1039 623 1092 modis
651 1039 936 1111 discrepet.
995 1037 1145 1090 Nam
1173 1037 1228 1089 in
1261 1034 1434 1106 primo
1459 1050 1547 1104 ge-

119 1141 245 1176 nere
270 1124 562 1194 saepissime
584 1124 786 1177 accidit
808 1142 904 1195 per
923 1123 1191 1176 inscitiam
1210 1119 1546 1172 librariorum

120 1216 176 1260 et
202 1207 334 1261 vitio
357 1216 659 1260 creatorum
681 1216 1062 1269 correctorum,
1089 1215 1152 1259 ut
1175 1206 1335 1258 verba
1357 1202 1547 1272 exqui—

119 1292 316 1354 sitiora,
343 1299 397 1345 et
425 1311 530 1344 non
560 1293 781 1364 vulgata
801 1293 871 1345 ad
913 1311 1100 1345 omnes
1128 1310 1273 1352 USUS,
1304 1306 1547 1341 commu-

119 1386 361 1430 tarentur
384 1377 438 1429 in
473 1378 682 1431 notiora
718 1387 772 1431 et
806 1378 1142 1449 pervulgata,
1169 1376 1254 1427 vel
1296 1393 1352 1426 re
1388 1371 1549 1444 subji-

120 1461 315 1525 ciente,
362 1462 446 1515 vel
495 1462 846 1516 similitudine
887 1463 1073 1533 aliqua
1114 1461 1411 1532 scripturae,
1463 1456 1548 1508 vel

118 1545 357 1617 denique
389 1547 575 1618 glossis
611 1548 925 1619 adscriptis:
969 1565 1095 1618 quae
1122 1546 1288 1598 debet
1315 1543 1546 1596 Criticus

118 1630 201 1683 vel
227 1631 486 1684 librorum
524 1632 752 1685 aliorum
779 1633 1009 1696 indiciis,
1037 1632 1122 1684 vel
1154 1632 1317 1684 etiam
1346 1627 1548 1700 ingenii

118 1716 332 1769 solertia
363 1717 639 1789 indagare,
668 1725 722 1770 et
757 1717 980 1770 reddere
1013 1716 1263 1776 domino;
1303 1714 1358 1767 id
1397 1712 1547 1784 quod

117 1801 281 1853 etiam
311 1820 456 1873 saepe
494 1820 527 1855 a
558 1802 741 1857 multis
779 1803 987 1855 factum
1023 1801 1298 1873 reperitur.
1380 1798 1448 1851 Ei
1485 1797 1550 1849 si-

116 1885 243 1938 mile
270 1893 353 1939 est
378 1886 530 1950 illud,
559 1888 711 1957 quod
747 1889 800 1939 in
835 1885 1077 1940 formulis
1113 1884 1392 1957 loquendi,
1421 1900 1547 1953 quae

118 1970 198 2022 vel
241 1978 420 2024 tractu
465 1972 724 2043 temporis
766 1971 969 2025 vitiatae
1012 1982 1206 2033 essent,
1244 1970 1325 2021 vel
1369 1987 1403 2021 a
1443 1985 1547 2020 ser-

116 2074 278 2108 mone
304 2056 642 2110 librariorum
672 2066 728 2110 et
759 2067 1121 2110 correctorum
1160 2056 1547 2125 discreparent,

116 2147 213 2193 aut
243 2140 508 2195 haberent
539 2142 746 2213 aliquid
786 2142 1175 2214 ambiguitatis,
1204 2141 1245 2193 si
1278 2158 1404 2192 cum
1442 2138 1546 2189 hoc

117 2235 579 2298 compararentur,
608 2246 754 2299 saepe
781 2228 866 2279 vel
901 2226 1253 2288 fiuctuarunt,
1282 2232 1338 2277 et
1363 2223 1548 2275 incon-

117 2318 320 2364 stantes
335 2311 575 2365 fuerunt:
606 2311 785 2365 Veluti
803 2331 929 2364 cum
949 2312 1133 2364 Latini
1155 2329 1220 2362 ex
1244 2308 1547 2361 imitatione

118 2394 437 2449 Graecorum
457 2397 613 2449 habeo
637 2416 733 2469 pro
754 2399 853 2450 scio
874 2397 1125 2458 dixerint,
1148 2414 1245 2448 non
1266 2394 1421 2446 habeo
1449 2411 1547 2464 pro

114 2481 297 2544 nescz'O,
325 2490 387 2534 ut
413 2492 467 2534 et
495 2484 635 2534 deest
660 2484 802 2545 milei,
827 2499 1004 2553 eaque
1032 2481 1196 2534 verba
1223 2480 1290 2531 ad
1322 2478 1548 2531 modum

119 2565 375 2618 Graecum
401 2568 861 2639 conjungerentur
880 2586 1006 2620 cum
1027 2567 1179 2637 quod,
1200 2576 1262 2617 ut
1291 2564 1346 2615 ἐκ
1374 2561 1482 2633 ἔχω,
1511 2562 1550 2625 δ’,

116 2674 156 2700 τι
184 2648 237 2701 ἂν
267 2651 385 2714 εἴπω,
415 2652 614 2704 librarii
642 2670 707 2704 ex
734 2652 929 2707 notiori
956 2651 1188 2706 formida
1213 2650 1396 2711 nese-ic),
1424 2648 1552 2719 qnid

115 2737 301 2799 dicam,
331 2746 430 2788 aut
462 2737 543 2789 sui
581 2737 837 2789 sermonis
872 2755 1038 2798 more,
1066 2737 1240 2789 fecere
1277 2750 1422 2804 saepe
1450 2751 1548 2784 non

114 2821 271 2873 habeo
324 2822 453 2891 quid
503 2823 686 2883 dicam,
731 2821 952 2875 fallente
1004 2821 1167 2874 etiam
1222 2817 1551 2889 compendio

787 2925 814 2957 a
845 2912 876 2958 2
