1945 3235
348 138 426 174 200
817 136 896 175 DE
926 135 1309 175 INVENTIONE

351 238 534 280 vitulum
572 239 780 282 immolari
822 256 908 283 non
952 241 1122 283 licebat.
1186 242 1482 298 Imprudentes
1520 242 1646 299 legi8‚
1679 256 1778 287 cum

350 297 555 347 exissent,
577 297 757 339 vitulum
781 298 1123 340 immolaverunt.
1155 298 1439 343 Accusantur.
1488 298 1678 342 Intentio
1699 311 1778 352 est,

354 353 547 394 Vitulnm
579 354 830 402 immolastis
859 355 897 396 ei
921 355 1016 406 deo,
1039 357 1107 397 cui
1140 371 1224 397 non
1256 356 1425 398 licebat.
1486 355 1695 412 Depulsio
1715 366 1781 401 est

354 410 398 451 in
420 412 695 453 concessione
716 413 870 468 posita.
914 411 1045 454 Ratio
1066 424 1145 463 est,
1169 413 1344 454 Nescivi
1368 427 1452 454 non
1474 413 1614 455 licere.
1655 415 1780 465 Infir-

353 468 487 509 matio
519 479 596 519 est,
627 469 804 520 Tamen,
842 470 1047 524 quoniam
1080 470 1218 511 fecisti
1252 471 1367 525 quod
1398 485 1483 512 non
1522 471 1692 524 licebat,
1723 487 1779 514 ex

354 524 448 580 lege
486 526 696 582 supplicio
726 527 882 582 dignus
913 540 973 567 es.
1031 527 1250 569 Judicatio
1284 538 1362 578 est,
1395 527 1506 569 Cum
1545 528 1587 569 id
1617 527 1782 580 fecerit,

355 582 469 637 quod
503 598 588 623 non
621 583 874 639 oportuerit,
912 594 955 624 et
993 584 1035 625 id
1070 600 1155 626 non
1188 594 1384 640 oportere
1422 585 1634 636 nescierit,
1673 586 1784 628 sitne

294 641 343 677 96
356 639 566 696 supplicio
588 640 768 696 dignus?
801 640 935 681 Casus
967 651 1109 682 autem
1140 642 1344 683 inferetur
1374 643 1417 683 in
1447 643 1783 695 concessionem,

354 712 451 738 cum
475 697 836 738 demonstrabitur
864 698 1007 753 aliqua
1027 698 1210 741 fortunae
1234 700 1296 740 vis
1320 699 1528 741 voluntati
1551 700 1784 750 obstitisse,

354 764 403 794 ut
433 755 474 794 in
503 754 605 795 hac:
639 754 751 796 Cum
776 755 1114 796 Lacedaemoniis
1142 756 1253 797 wlex
1277 767 1401 808 esset,
1424 768 1486 808 ut,
1509 757 1668 800 hostias
1699 757 1782 799 nisi

353 811 406 851 ad
429 811 685 852 sacrificium
703 812 918 867 quoddam
938 813 1150 854 redemtor
1172 814 1438 869 praebuisset,
1456 814 1640 871 capitale
1657 824 1782 866 esset,

354 867 514 908 hostias
537 869 585 919 is,
607 869 680 924 qui
708 869 957 919 redemerat,
979 885 1077 911 cum
1101 870 1298 912 sacrificii
1321 871 1410 912 dies
1433 873 1623 924 instaret,
1647 873 1690 914 in
1712 886 1783 913 ur-

354 925 450 965 bem
483 940 535 966 ex
571 941 674 981 agro
705 927 843 982 coepit
881 940 1020 979 agere.
1052 936 1143 968 tum
1173 929 1316 969 subito
1351 929 1518 985 magnis
1552 929 1781 971 commotis

354 983 680 1038 tempestatibus
710 983 865 1024 fluvius
902 982 1078 1024 Eurotas
1108 985 1157 1034 is,
1192 986 1263 1040 qui
1301 997 1473 1042 propter
1510 986 1784 1031 Laccdaemo-

355 1053 452 1080 nem
477 1041 585 1091 fluit,
609 1040 669 1081 ita
689 1055 871 1097 magnus
893 1050 936 1081 et
964 1041 1190 1083 vehemens
1217 1041 1354 1083 factus
1376 1053 1454 1094 est,
1475 1053 1524 1084 ut
1544 1058 1595 1085 eo
1618 1044 1783 1085 traduci

296 1101 345 1137 5³7
359 1097 544 1138 victimae
586 1097 701 1138 nullo
732 1098 860 1139 modo
897 1109 1084 1153 possent.
1146 1098 1394 1151 Redemtor,
1432 1115 1519 1142 suae
1554 1101 1785 1142 voluntatis

313 1149 630 1196 b·ostendex1dae
663 1170 804 1206 causa,
835 1155 996 1196 hostias
1028 1157 1255 1197 constituit
1289 1172 1436 1198 omnes
1469 1158 1513 1198 in
1545 1157 1683 1210 litore,
1722 1168 1783 1209 ut,

353 1212 425 1265 qui
451 1222 564 1252 trans
588 1213 747 1254 flumen
769 1223 924 1264 essent,
947 1213 1088 1254 videre
1110 1226 1297 1269 possent.
1338 1215 1450 1256 Cum
1473 1229 1620 1256 omnes
1641 1215 1784 1256 studio

353 1269 445 1322 ejus
477 1270 661 1310 subitam
696 1271 885 1311 fluminis
924 1271 1266 1326 magnitudinem
1298 1272 1455 1313 scirent
1485 1272 1615 1314 fuisse
1649 1273 1783 1328 impe-

352 1326 559 1378 dimento,
584 1337 724 1368 tamen
747 1327 919 1382 quidam
953 1329 1106 1383 capitis
1137 1329 1432 1370 arcessierunt.
1493 1329 1683 1371 Intentio
1705 1338 1784 1380 est,

354 1381 540 1434 Hostiae,
571 1399 675 1439 quas
706 1384 891 1425 debuisti
923 1386 975 1426 ad
1008 1386 1278 1436 sacrificium,
1306 1398 1464 1442 praesto
1485 1402 1571 1428 non
1595 1387 1782 1430 fuerunt.

354 1439 565 1496 Depulsio
588 1451 666 1492 est,
688 1442 922 1483 concessio.
967 1442 1112 1493 Ratio,
1139 1443 1313 1484 Flumen
1337 1444 1450 1485 enim
1475 1445 1618 1485 subito
1641 1458 1782 1492 accre-

352 1497 428 1548 vit,
451 1507 494 1538 ct
515 1513 564 1539 ea
586 1513 630 1539 re
651 1499 815 1540 traduci
840 1514 924 1539 non
950 1510 1194 1555 potuerunt.
1244 1500 1483 1543 Infirmatio
1505 1512 1583 1553 est,
1605 1500 1784 1552 Tamen,

351 1555 569 1609 quoniam,
591 1557 705 1610 quod
738 1556 805 1597 lex
831 1556 972 1610 jubet,
996 1558 1158 1599 factum
1185 1573 1268 1598 non
1293 1567 1371 1607 est,
1394 1559 1605 1615 supplicio
1627 1559 1783 1614 dignus

351 1626 410 1652 es.
468 1611 690 1654 Judicatio
711 1623 790 1663 est,
814 1614 926 1655 Cum
959 1614 1000 1655 in
1023 1630 1073 1656 ea
1100 1630 1142 1656 re
1176 1615 1387 1656 redemtor
1421 1620 1618 1657 ¹⁴contra
1644 1616 1783 1671 legem

355 1668 518 1719 feccrit,
540 1685 624 1725 qua
657 1671 696 1711 in
731 1685 773 1711 re
805 1671 946 1712 studio
968 1671 1060 1727 ejus
1083 1673 1225 1713 subita
1247 1673 1435 1713 fluminis
1458 1673 1675 1714 obstiterit
1695 1687 1784 1713 ma-

271 1726 551 1781 312gnitudo,
574 1727 841 1784 supplic-ione
867 1728 1022 1784 dignus
1053 1730 1134 1771 sit?
1168 1730 1452 1770 Necessitudo
1482 1740 1626 1771 autem
1656 1728 1785 1771 infer-

292 1805 341 1838 93
357 1795 436 1834 tur,
466 1799 564 1825 cum
601 1787 639 1826 vi
670 1785 854 1840 quadam
888 1800 982 1826 reus
1018 1786 1075 1837 id,
1105 1787 1221 1842 quod
1255 1787 1418 1838 fecerit,
1452 1787 1603 1829 fecisse
1636 1785 1783 1828 defen-

352 1841 480 1892 ditur,
513 1842 594 1883 lroc
626 1843 779 1884 modo:
816 1843 903 1883 Lex
936 1855 999 1883 est
1037 1845 1150 1899 apud
1186 1844 1396 1895 Rhodios,
1431 1854 1492 1895 ut,
1526 1844 1560 1884 si
1597 1859 1682 1900 qua
1715 1858 1783 1885 ro-

351 1908 482 1939 strata
503 1899 543 1939 in
569 1911 704 1956 portu
726 1900 845 1941 navis
867 1900 1131 1956 deprehensa
1151 1902 1219 1951 sit,
1244 1900 1499 1957 publicetur.
1561 1901 1671 1942 Cum
1694 1915 1784 1942 ma-

349 1969 435 2009 gna
463 1955 505 1996 in
539 1957 625 1997 alto
656 1968 886 2013 tempestas
916 1968 1051 2009 csset3
1083 1959 1144 1999 vis
1181 1968 1418 2009 ventorum,
1449 1959 1596 1999 invitis
1626 1959 1782 2008 nautiS,

350 2012 621 2054 Rhodiorum
643 2015 687 2055 in
712 2024 881 2070 portum
910 2016 1052 2055 navim
1074 2016 1235 2071 coegit.
1297 2017 1502 2062 Quaestor
1530 2015 1675 2056 navim
1706 2030 1783 2071 po-

347 2069 433 2124 puli
459 2081 599 2112 vocat.
661 2071 795 2112 Navis
818 2072 1016 2113 dominus
1045 2083 1175 2128 negat
1206 2073 1413 2128 publicari
1437 2081 1648 2128 oportere.
1709 2072 1783 2113 In-

350 2127 484 2167 tentio
502 2138 580 2178 est,
605 2127 808 2169 Rostrata
830 2129 948 2169 navis
979 2129 1020 2169 in
1046 2139 1171 2184 portu
1194 2129 1457 2185 deprehensa
1478 2138 1556 2171 est.
1619 2128 1782 2185 Depul-

348 2183 411 2224 sio
433 2194 511 2234 est,
534 2185 769 2226 concessio.
831 2185 976 2236 Ratio,
1000 2186 1053 2226 Vi
1084 2196 1128 2226 et
1161 2187 1397 2227 necessario
1429 2201 1574 2226 sumus
1608 2187 1652 2227 in
1682 2201 1780 2242 por-

348 2248 439 2280 tum
461 2242 615 2282 coacti.
678 2242 917 2283 Infirmatio
947 2251 1024 2293 est,
1061 2243 1220 2284 §avim
1250 2259 1303 2284 cx
1335 2244 1428 2300 lege
1456 2252 1598 2284 tamen
1632 2243 1780 2300 populi

347 2311 439 2337 esse
462 2308 646 2354 oportet.
693 2299 913 2341 Judicatio
936 2310 1014 2350 est,
1038 2299 1150 2341 Cum
1173 2310 1399 2341 rostratam
1421 2301 1565 2342 navim
1588 2300 1631 2341 in
1654 2309 1782 2357 portu

347 2354 654 2410 deprehensam
697 2357 765 2397 lex
809 2357 1053 2412 publicarit,
1095 2372 1279 2413 cumque
1326 2358 1421 2399 haec
1458 2358 1594 2409 nayis,
1635 2357 1782 2399 invitis

349 2411 503 2462 nautis,
535 2413 574 2453 vi
608 2414 874 2469 tempestatis
906 2414 949 2455 in
984 2424 1154 2469 portum
1187 2414 1386 2470 conjecta
1419 2415 1498 2466 sit3
1528 2425 1781 2470 oporteatne

288 2474 337 2507 99
349 2482 439 2509 eam
466 2469 687 2525 publicari.
741 2470 909 2511 Horum
933 2472 1061 2512 trium
1085 2486 1289 2527 generum
1311 2471 1472 2512 idcirco
1495 2484 1626 2512 unum
1651 2471 1694 2512 in
1717 2471 1790 2513 lo-’

348 2540 445 2566 cnm
476 2527 734 2568 contulimus
767 2528 979 2584 exempla,
1009 2529 1125 2584 quod
1160 2532 1194 2559 ¹5
1209 2528 1358 2570 similis
1388 2529 1432 2569 in
1461 2543 1511 2570 ea
1544 2529 1780 2585 praeceptio

393 2633 429 2660 13
454 2631 525 2660 Les
549 2636 639 2667 esset,
666 2637 703 2662 ut
728 2634 847 2663 hostias
872 2632 946 2672 Sam]
977 2633 1041 2663 Hic
1129 2637 1166 2664 14
1193 2634 1313 2665 Contra
1341 2636 1445 2673 legem
1467 2632 1617 2673 fecerit]
1663 2632 1780 2664 Delevi

347 2671 426 2702 Mss.
449 2673 594 2713 plerique
608 2680 641 2703 et
658 2674 728 2704 cdd.
751 2682 832 2705 vett.
854 2675 978 2705 addunt
990 2680 1040 2711 ut,
1082 2677 1220 2716 aliquid,
1240 2676 1326 2716 quod
1339 2677 1374 2707 in
1385 2676 1447 2707 hac
1461 2676 1568 2706 forma
1580 2675 1687 2706 latina
1701 2684 1780 2713 con-

345 2715 430 2744 sieut
454 2716 567 2745 (livero
590 2715 656 2756 ipse
678 2717 825 2755 loquitur·
845 2728 871 2747 c.
895 2720 947 2747 32.
968 2718 1040 2747 init.
1083 2719 1222 2749 suetudo
1237 2719 1377 2759 respuit:
1401 2723 1435 2748 et
1449 2719 1573 2749 abesta
1586 2717 1695 2748 Schol.
1709 2718 1779 2749 Ou-

346 2756 435 2786 (Jass.
451 2764 483 2786 vt
500 2758 562 2787 Gu.
583 2761 606 2787 l.
632 2768 697 2788 non
720 2759 854 2795 habent,
878 2759 932 2789 scd
956 2760 1041 2790 idem
1083 2760 1238 2800 dendorp.
1254 2761 1308 2800 qui
1323 2765 1356 2791 et
1369 2761 1495 2801 probat.
1518 2760 1598 2791 Mox
1612 2769 1671 2800 pro
1685 2760 1780 2790 obsti-

346 2799 408 2828 Gu.
426 2799 459 2829 in
475 2800 538 2829 sine
553 2810 628 2837 esse,
644 2810 710 2830 non
725 2806 812 2831 esset.
840 2802 936 2841 Quod
951 2802 1041 2832 Cice·
1084 2803 1160 2832 terit
1174 2802 1238 2832 Ms.
1253 2804 1342 2834 cass.
1358 2802 1456 2833 habet
1472 2803 1643 2833 obsisteret.

345 2841 575 2872 roniusitatius
587 2848 649 2881 est,
662 2843 696 2873 in
711 2842 930 2875 inavara-tate
944 2844 1041 2874 libro-
1131 2847 1166 2874 15
1190 2845 1316 2875 Similis
1336 2846 1372 2875 in
1392 2855 1431 2876 ea
1447 2845 1618 2884 praeceptio
1644 2853 1778 2883 argum.

345 2890 431 2920 rum,
447 2884 587 2924 praetuli.
1076 2887 1256 2927 traditura]
1282 2888 1324 2919 Ia
1346 2897 1384 2918 ea
1405 2896 1449 2918 sc.
1475 2896 1596 2927 genera
1619 2886 1780 2926 exquisita
