1914 3220
298 152 425 203 xxvi
789 152 834 206 P
845 153 973 209 RAE
985 153 1240 211 FATIO.

365 279 624 334 Proxima
663 299 791 353 quae
843 293 927 338 est
975 283 1120 347 huic,
1174 285 1496 339 Bas-ileensis
1550 287 1726 358 prima

288 366 462 418 Ambr.
493 364 804 430 Cratandri,
831 388 878 421 a.
911 373 1053 423 1528
1079 369 1114 421 f.
1150 369 1319 423 tribu-s
1359 366 1725 427 voluminibus

285 459 492 513 curata,
532 460 587 504 et
627 452 746 522 ipsa
789 453 943 505 basin
982 454 1112 507 fecit
1147 453 1427 519 Aldinam,
1473 456 1627 527 cujus
1667 450 1725 512 et

283 535 528 588 ordinem
555 537 612 589 in
637 537 971 590 orationibus
1003 539 1227 609 recepit,
1256 558 1383 592 cum
1422 540 1478 593 in
1520 540 1725 594 Rheto-

280 620 401 673 ricis
440 621 585 675 libris
625 630 862 675 veterem
891 619 1054 675 Radia·
1078 633 1358 688 servasset,
1385 626 1482 696 qui
1508 625 1721 699 Topica

277 713 335 758 et
364 703 688 758 Partitiones
715 705 861 759 libris
889 706 959 760 de
981 705 1210 761 Oratore
1238 710 1551 780 praeposuit.
1607 710 1716 764 Sed

276 808 343 843 ea
369 790 552 843 multis
581 790 740 843 rebus
768 789 1032 844 Aldinam
1060 792 1245 846 vincit.
1295 792 1447 847 Nam
1476 794 1716 866 primum

274 875 442 928 habet
480 875 657 929 multa
694 893 837 928 nova
863 884 919 929 et
958 878 1241 948 praecipua
1279 897 1391 950 prae
1431 879 1716 952 superiori-

274 961 376 1013 bus
404 959 567 1014 bona.
624 959 851 1013 Praefuit
876 959 926 1013 ei
953 961 1210 1015 curandae
1239 960 1410 1015 „Miclu
1431 963 1712 1027 Bentinus,

268 1043 350 1096 vir
373 1045 573 1097 eximia
599 1044 874 1097 literarum
912 1044 1156 1108 scientia,
1185 1045 1239 1099 in
1279 1046 1402 1118 ipsa
1425 1046 1530 1101 hac
1557 1046 1712 1102 Cice-

266 1128 492 1181 roniana
518 1128 875 1200 castigatione
899 1138 1162 1183 mortuus.
1221 1130 1593 1202 Posteaquam
1621 1152 1711 1186 ve-

263 1231 324 1265 ro
351 1211 640 1267 Cratandri
671 1213 984 1267 institutum
1023 1215 1405 1288 pervulgatum
1446 1234 1544 1288 per
1570 1215 1710 1271 Ger-

260 1299 504 1352 maniam
531 1306 630 1362 est,
672 1298 830 1369 plura
855 1308 914 1352 et
937 1299 1153 1371 egregia
1178 1300 1227 1354 ei
1266 1301 1509 1354 subsidia
1543 1301 1708 1355 missa

257 1391 401 1437 sunt.
479 1381 639 1437 Conr.
668 1384 756 1437 ille
782 1384 1143 1456 Peutingerus
1169 1385 1316 1440 misit
1346 1386 1559 1458 aliquot
1586 1405 1704 1440 ora-

255 1468 469 1522 tionum
497 1487 596 1541 pro
623 1468 810 1522 Flacco
838 1478 894 1523 et
931 1470 986 1522 in
1019 1469 1304 1534 Vatinium,
1333 1472 1406 1525 ab
1433 1471 1701 1544 Hierony-

252 1573 331 1607 mo
372 1551 600 1608 Rorarz‘o
639 1562 897 1626 acceptas
937 1555 1212 1626 reliquias,
1256 1556 1699 1628 venerandaeque

250 1641 536 1694 vetustatis
576 1641 925 1712 exemplaria.
1003 1640 1394 1704 HartmannuS,
1427 1640 1461 1696 J
1470 1639 1604 1695 Ctus
1639 1650 1697 1695 et

249 1723 519 1797 Principis
564 1724 801 1779 Palatini
842 1726 914 1779 ab
961 1726 1097 1779 actis
1144 1726 1380 1789 secretis,
1421 1723 1694 1779 Codicum

249 1810 796 1883 Heidelbergensium
834 1829 996 1864 usum
1040 1810 1372 1882 impetravit,
1415 1828 1513 1882 per
1551 1827 1692 1881 quos

244 1896 489 1968 pluribus
533 1897 664 1949 locis
703 1914 887 1949 veram
932 1895 1224 1949 lectionem
1264 1895 1572 1948 restitutam
1612 1895 1692 1951 ait

242 1982 517 2034 Bentinus.
596 1981 747 2034 Alios
775 1981 992 2034 codices
1032 1979 1463 2033 subministravit
1492 1978 1576 2032 Jo.
1604 1979 1689 2032 Si-

238 2068 479 2129 charcluS,
509 2067 639 2119 alios
662 2065 966 2119 Cratander
987 2065 1124 2136 ipse,
1150 2082 1215 2118 ea
1243 2064 1313 2117 de
1340 2082 1508 2116 causa
1531 2081 1686 2135 pere-

237 2153 497 2224 grinatus,
557 2169 666 2204 non
733 2150 911 2222 parvis
974 2148 1266 2220 impendiis
1318 2157 1681 2220 compararat.

235 2237 530 2291 Accessere
557 2236 724 2289 etiam
751 2254 843 2288 sex
872 2234 1122 2306 Epistola?
1158 2235 1231 2286 ad
1261 2232 1514 2296 Brutum,
1546 2252 1681 2287 non-

234 2322 368 2375 dum
407 2332 536 2375 ante
562 2320 740 2374 editae.
820 2317 946 2372 Nec
971 2318 1048 2371 illi
1077 2316 1307 2371 Codices
1347 2317 1477 2370 levis
1517 2318 1678 2388 pretii

231 2415 399 2460 erant.
480 2406 632 2459 Nam
666 2405 723 2458 hi
764 2404 987 2457 fuerunt
1022 2404 1133 2456 fere
1172 2401 1403 2456 Codices
1445 2401 1677 2456 Germa-

231 2510 443 2553 norum,
485 2509 623 2562 quos
661 2488 935 2543 Victorius
969 2487 1160 2542 ceteris
1197 2487 1442 2539 meliores
1482 2487 1674 2558 appel-

228 2578 339 2635 lat3
379 2595 507 2629 usus
546 2576 635 2628 ille
674 2574 779 2628 hac
817 2573 1074 2637 editione,
1101 2591 1168 2626 ex
1209 2588 1325 2643 qua
1361 2571 1562 2625 multas
1597 2571 1669 2625 le-

228 2663 434 2716 ctiones
473 2661 558 2714 vel
598 2669 799 2723 textus,
826 2659 912 2712 vel
950 2656 1224 2730 marginiS‚
1263 2656 1488 2728 recepit,
1527 2672 1668 2728 quas

224 2749 388 2820 vulgo
424 2745 495 2799 ab
534 2763 602 2798 eo
640 2744 816 2816 primo
858 2744 1032 2797 editas
1078 2749 1295 2815 putant.
1374 2739 1498 2794 Nec
1540 2758 1666 2794 vero

224 2833 484 2887 Bentinus
511 2828 658 2893 fecit,
686 2829 837 2900 quod
866 2827 957 2881 alii
981 2828 1243 2889 fecerant,
1269 2833 1348 2888 ut,
1377 2825 1527 2897 quod
1555 2825 1661 2898 ipsi
