1914 3220
639 146 827 192 LIBER
853 153 1094 192 PRIMUS.
1552 148 1593 191 ,5

143 257 275 302 'moda
306 258 588 317 proferemus,
621 258 831 315 inopiam,
865 258 1159 308 solitudinem,
1189 256 1506 300 calamitatem:
1550 266 1596 300 et

145 320 181 360 si
204 320 438 369 orabimus,
462 326 510 357 ut
542 316 670 357 nobis
702 317 789 357 sint
811 315 1002 368 auxilio3
1035 316 1162 356 simul
1192 316 1484 365 ostendemus,
1518 330 1595 358 nos

145 376 188 417 in
213 377 306 417 aliis
330 390 450 432 spem
482 373 671 415 noluisse
705 374 878 414 habere.
940 372 1012 414 Ab
1042 373 1383 414 adversariorum
1414 387 1598 428 persona

148 433 442 475 benivolentia
474 432 736 487 captabitur,
777 431 811 472 si
837 445 910 471 eos
938 431 981 471 in
1017 432 1181 481 odium,
1209 431 1252 470 in
1285 430 1510 480 invidiam,
1551 431 1595 471 in

145 491 484 533 contemtionem
523 489 803 530 adducemus,
877 488 929 529 In
964 489 1112 529 odium
1144 488 1375 544 rapiemus,
1410 487 1443 527 si
1478 487 1597 541 quod

144 564 293 591 eorum
324 560 490 603 spurce,-
525 547 723 602 superbe,
759 546 1002 601 perfidiose,
1033 546 1278 597 crudeliter,
1311 544 1595 598 confidenter,

144 606 371 655 malitiose,
395 604 613 659 flagitiose
626 603 792 645 factum
813 603 1095 660 proferemus.
1147 603 1195 644 In
1220 603 1429 644 invidiam
1453 602 1596 642 trahe·

142 679 252 714 mus,
264 663 297 703 si
314 662 416 714 vim,
427 661 461 701 si
478 662 733 717 potentiam,
748 662 1000 712 factionem,
1013 661 1203 712 divitias,
1217 659 1596 712 incontinentiam,

143 720 432 770 nobilitatem,
475 719 710 771 clientelas,
743 719 998 775 hospitium,
1038 719 1327 770 sodalitatem,
1361 717 1596 759 affinitates

143 777 483 822 adversariorum
508 777 791 833 proferemus,
822 786 866 818 et
900 777 966 819 his
990 776 1255 832 adjumentis
1286 776 1440 832 magis,
1464 789 1598 830 quam

143 836 326 877 veritate
346 849 420 876 eos
451 835 671 877 confidere
694 835 950 890 aperiemus.
1014 834 1066 875 Iu
1089 834 1430 876 contemtionem
1456 832 1595 875 addu-

141 908 304 944 cemus,
327 897 361 933 si
385 892 600 945 inertiam,
629 893 866 949 ignaviam,
890 893 1115 945 desidiam,
1137 892 1356 934 luxuriam
1389 895 1430 924 98
1445 891 1596 932 adver-

141 951 353 992 sariorum
376 950 660 1007 proferemus.
721 949 793 992 Ab
816 951 1065 992 auditorum
1094 965 1279 1008 persona
1301 948 1598 991 benivolentia

115 1018 122 1021 “
140 1008 386 1065 colligetur,
402 1009 435 1050 si
456 1023 521 1050 res
540 1023 689 1049 eorum
711 1007 896 1060 fortiter,
921 1009 1152 1065 sapienter,
1166 1017 1405 1059 mansuete,
1425 1005 1597 1063 magni-

139 1065 223 1108 fiee
239 1067 460 1122 judicatas
483 1066 774 1123 proferemus:
799 1075 842 1107 et
865 1067 915 1117 si,
929 1082 1027 1122 quae
1051 1066 1104 1107 de
1119 1066 1169 1106 iis
1189 1065 1473 1116 existimatio,
1496 1079 1596 1120 quae

133 1123 294 1181 judicii
325 1124 598 1181 exspectatio
623 1125 692 1175 sit,
716 1124 973 1179 aperiemus.
1034 1126 1074 1158 99
1088 1123 1159 1164 Ab
1194 1124 1321 1164 rebus
1345 1123 1448 1179 ipsis
1477 1122 1596 1163 beni—

143 1182 290 1225 volum
323 1182 561 1224 efficiemus
593 1182 850 1233 auditorem,
882 1183 916 1223 si
948 1190 1141 1223 nostram
1175 1195 1351 1223 causam
1376 1180 1595 1223 laudando

140 1240 415 1292 extollemus,
434 1240 778 1281 adversariorum
802 1255 878 1296 per
899 1239 1242 1281 contemtionem
1265 1238 1573 1294 deprimemus.

199 1298 419 1354 Deinceps
446 1298 498 1339 de
528 1297 821 1340 insinuatione
853 1301 895 1329 30
907 1297 1188 1354 aperiendum
1221 1305 1301 1338 est.
1362 1295 1465 1337 Tria
1494 1303 1618 1339 sunt.

138 1363 352 1413 tempora,
383 1356 542 1412 quibus
573 1355 843 1412 31principio
876 1357 939 1397 uti
971 1371 1059 1397 non
1091 1369 1335 1412 possumUS,
1366 1369 1464 1410 quae
1495 1353 1630 1396 dili-9

137 1424 292 1472 genter
310 1422 411 1455 sunt
441 1413 773 1455 consideranda:
816 1423 891 1455 aut
922 1429 1022 1455 cum
1054 1423 1226 1469 turpem
1256 1426 1431 1454 causam
1462 1411 1639 1455 habe—¹9·

137 1487 250 1524 mus,
281 1472 366 1513 hoc
387 1481 467 1523 est,
490 1486 591 1513 cum
623 1472 716 1529 ipsa
738 1486 803 1512 res
822 1472 1015 1514 animum
1038 1471 1248 1514 auditoris
1279 1486 1304 1510 a
1337 1469 1462 1511 nobis
1494 1469 1597 1511 alie·

137 1539 236 1582 nat3
279 1539 354 1571 aut
384 1545 484 1571 cum
516 1529 685 1571 animus
717 1530 926 1572 auditoris
959 1544 1185 1586 persuasus
1218 1528 1389 1569 videtur
1418 1541 1511 1568 esse
1542 1527 1598 1574 ab

135 1587 207 1641 iis,
229 1589 303 1644 qui
327 1597 428 1629 ante
449 1597 602 1630 contra
632 1588 838 1629 dixerunt
859 1606 869 1640 3
901 1600 976 1630 aut
999 1603 1100 1630 cum
1129 1586 1321 1629 defessus
1344 1595 1408 1626 est
1431 1600 1503 1626 eos
1527 1598 1603 1626 au-

138 1645 313 1698 diendo,
336 1646 411 1703 qni
434 1656 534 1687 ante
557 1646 777 1688 dixerunt.
839 1647 883 1688 Si
904 1661 1035 1688 causa
1057 1644 1371 1702 turpitudinem
1404 1643 1605 1695 habebit,

137 1704 330 1745 exordiri
350 1705 588 1761 poterimus
611 1703 679 1745 his
699 1705 940 1746 rationibus
963 1722 972 1746 ι
1005 1719 1111 1755 rem,
1135 1718 1222 1744 non
1246 1702 1493 1754 homincm3
1525 1710 1601 1741 aut

136 1761 376 1813 hominem,
390 1777 478 1803 non
496 1777 582 1803 rem
606 1763 790 1818 spectari
804 1773 1026 1821 oportere:
1052 1775 1140 1802 non
1156 1761 1325 1818 placere
1337 1760 1464 1801 nobis
1479 1759 1599 1815 ipsis,

138 1835 238 1875 quae
262 1820 378 1861 facta
407 1820 607 1861 dicantur
621 1821 675 1861 ab
695 1820 964 1871 adversariis,
987 1829 1031 1861 et
1054 1834 1146 1860 csse
1166 1819 1361 1875 indigna,
1380 1826 1456 1858 aut
1480 1816 1601 1858 nefa-

137 1878 217 1919 ria.
281 1876 453 1919 Deinde
485 1893 585 1919 cum
608 1878 683 1919 diu
715 1893 805 1919 rem
836 1880 1101 1927 auxerilnruS,
1125 1876 1233 1918 nihil
1265 1875 1404 1916 simile
1426 1890 1451 1916 a
1472 1875 1600 1924 nobis

135 1934 306 1977 factum
320 1935 622 1987 ostendemus3
647 1946 721 1976 aut
740 1936 983 1992 aliquorum
1000 1935 1221 1991 judicium
1236 1933 1290 1975 de
1309 1933 1439 1974 simili
1455 1947 1600 1984 causa,

137 2001 213 2034 aut
245 1993 297 2034 de
328 1993 493 2044 eadem,
526 2003 601 2035 aut
631 1994 684 2035 de
714 1995 897 2046 minore,
929 2003 1006 2035 aut
1035 1993 1088 2034 de
1118 1992 1284 2049 majore
1315 1990 1600 2047 proferemus.

138 2049 313 2093 Deinde
334 2050 388 2092 ad
411 2062 603 2098 nostram
626 2066 801 2098 causam
824 2052 1093 2108 pedetentim
1124 2049 1395 2099 accedemus,
1418 2058 1461 2089 et
1480 2048 1600 2089 simi-

135 2108 365 2151 litudinem
397 2108 685 2151 conferemus.
748 2109 861 2151 Item
893 2110 928 2151 si
960 2109 1234 2165 negabimUS,
1258 2122 1337 2149 nos
1363 2107 1416 2147 de
1447 2106 1599 2147 adver-

136 2168 272 2218 sariis,
295 2176 370 2208 aut
392 2167 445 2208 de
475 2167 620 2223 aliqua
642 2183 686 2209 re
716 2168 925 2219 dicturos,
947 2178 991 2208 et
1024 2177 1170 2208 tamen
1199 2164 1372 2207 occulte
1402 2164 1598 2205 dicemus

124 2227 177 2257 ,32
191 2224 494 2280 interjectione
526 2226 771 2267 verborum.
835 2227 881 2268 Si
915 2240 1140 2282 persuasus
1171 2225 1344 2265 auditor
1375 2221 1520 2273 fuerit,
1554 2222 1596 2263 id
1612 2232 1661 2264 10

134 2295 214 2334 est,
235 2283 268 2324 si
287 2283 426 2324 oratio
439 2283 780 2325 adversariorum
795 2284 1067 2326 auditoribus
1085 2280 1416 2329 fidemAfecerit:
1440 2284 1600 2335 (neque

134 2342 251 2383 enim
271 2355 358 2382 non
382 2340 510 2382 facile
533 2342 642 2382 scire
663 2342 919 2398 poterimus,
942 2341 1151 2398 quoniam
1173 2355 1262 2381 non
1281 2353 1428 2380 sumus
1448 2339 1600 2388 nescii,

130 2399 293 2454 quibus
316 2400 443 2439 rebus
467 2398 573 2440 fides
606 2399 698 2440 fieri
719 2399 854 2441 soleat
874 2402 905 2451 :)
928 2414 1034 2456 ergo
1058 2399 1092 2440 si
1116 2398 1247 2440 fidem
1279 2396 1442 2438 factam
1473 2404 1602 2453 puta-

135 2455 294 2509 bimus,
318 2456 384 2498 his
408 2471 486 2499 nos
509 2457 636 2499 rebus
667 2458 985 2501 insinuabimus
1008 2457 1062 2499 ad
1080 2470 1255 2499 causam
1274 2472 1283 2498 ς
1316 2454 1369 2496 de
1392 2468 1459 2507 eo,
1482 2453 1600 2513 quod

177 2595 218 2626 ‘23
240 2593 546 2635 Adversnrmm]
586 2594 725 2627 Secutus
753 2604 840 2634 sum,
887 2589 1064 2631 scribendi,
1081 2603 1141 2624 nec
1155 2591 1254 2633 hujus
1270 2591 1427 2624 auctoris.

132 2637 220 2677 quod
234 2637 343 2678 plures
357 2638 440 2675 Mss.
457 2643 490 2669 et
506 2638 577 2669 edd.
598 2643 680 2670 vett.
703 2639 841 2677 habent,
930 2641 967 2668 31
995 2637 1167 2677 Principio
1188 2637 1239 2667 uti
1253 2645 1286 2666 n.
1304 2635 1356 2675 μ]
1384 2635 1406 2665 i.
1421 2644 1450 2664 e.
1473 2632 1599 2666 exordii

133 2689 194 2720 pro
209 2689 334 2710 eorum.
358 2680 559 2720 Utrumque,
572 2682 600 2712 si
616 2682 756 2719 abesset,
773 2690 842 2712 uon
886 2688 1007 2721 genere
1015 2679 1163 2719 e0,quod
1171 2678 1370 2720 prooemium
1380 2675 1515 2713 dicitur,
1526 2679 1596 2707 c.4:

135 2721 366 2754 desiderarem.
885 2724 942 2754 Sed
964 2723 1190 2754 insinuatione
1213 2721 1325 2758 modo,
1350 2718 1449 2760 ἰφὸὂῳ,
1464 2729 1495 2749 v.
1521 2720 1597 2750 init.

178 2766 219 2798 29
241 2764 290 2795 Ab
302 2775 331 2796 r.
344 2765 381 2806 22]
408 2765 461 2796 Sic
476 2766 556 2798 Mss.
571 2777 624 2808 ap.
641 2767 792 2798 Oudend.
810 2770 846 2798 et
889 2776 917 2797 c.
933 2769 963 2800 7.
1592 2790 1594 2792 v

135 2806 186 2839 ed·
208 2810 298 2841 1474-
931 2811 973 2840 322
999 2807 1228 2851 Inteojectione
1248 2804 1447 2846 verborum]
1472 2804 1493 2834 i.
1509 2813 1600 2844 spar-

178 2852 220 2882 30
246 2849 468 2890 Aperiendum
491 2853 563 2893 est.]
595 2853 648 2883 Sic
670 2852 740 2884 fere
763 2852 844 2884 Mss,
889 2851 1003 2891 gend&
1018 2850 1155 2881 subinde
1170 2851 1288 2888 verbis,
1299 2850 1416 2889 quibus
1430 2846 1598 2885 intelliga-

134 2890 186 2922 ed.
205 2894 295 2926 1474.
319 2892 408 2923 Med.
422 2894 520 2926 sunt.
536 2896 610 2927 Ald.
628 2896 686 2926 δίο.
726 2895 848 2926 Forma
889 2899 947 2924 tur
962 2895 1002 2925 ab
1025 2893 1291 2932 attendentibus,
1305 2891 1393 2931 quod
1407 2899 1468 2922 uos
1490 2889 1599 2921 dictu-

133 2935 368 2976 aperiundum,
396 2944 465 2969 non
492 2943 544 2970 est
580 2938 681 2978 hujus
714 2938 847 2980 generis
892 2946 944 2969 ros
959 2937 1166 2979 neg-avimus?

827 2986 904 3023 33
