1945 3235
16 2925 26 3080 mmm-aa
17 2886 24 2919 ,ις

687 112 961 154 BRUTUS.
1473 117 1548 155 441

101 220 266 264 Atticae
288 219 506 273 dictionis,
528 228 571 263 et
591 219 713 276 quasi
736 218 964 260 sanitatem
983 216 1194 274 perderet,
1213 232 1262 259 ac
1283 216 1403 274 loqui
1424 232 1550 275 paene

101 279 355 321 dedisceret.
416 278 535 321 Hinc
565 276 749 318 Asiatici
780 285 970 318 oratores
1002 289 1088 316 non
1119 275 1424 317 contemnendi
1451 276 1548 331 qui-

101 336 201 377 dem
224 352 302 379 nec
323 336 554 387 celeritate,
578 351 656 377 nec
677 334 819 390 copia,
842 333 915 374 sed
936 347 1088 390 parum
1109 331 1243 388 pressi
1266 341 1309 372 et
1329 333 1458 373 nimis
1481 348 1546 374 re-

103 394 360 437 dundantes.
414 394 576 435 Rhodii
599 394 801 443 saniores,
823 400 866 432 et
887 389 1136 432 Atticorum
1159 388 1398 430 similiores.
1460 391 1542 433 Sed
1557 404 1606 440 52

103 451 158 493 de
181 452 348 494 Graecis
379 452 600 494 hactenus,
621 450 782 491 etenim
812 449 908 490 haec
939 449 1034 505 ipsa
1056 447 1237 489 forsitan
1267 445 1430 488 fuerint
1458 462 1547 490 non

102 510 358 551 necessaria.

160 566 274 608 Tum
308 567 484 617 Brutus,
506 565 597 607 Ista
619 579 735 617 vero,
770 563 927 620 inquit,
949 578 1078 620 quam
1110 562 1350 604 necessaria
1375 560 1551 615 fuerint,

101 638 193 666 non
214 624 339 666 facile
371 623 577 665 dixerim:
606 623 804 678 jucunda
832 632 947 664 certe
968 621 1074 663 mihi
1106 620 1296 671 fuerunt,
1319 634 1460 675 neque
1482 635 1551 661 so-

101 680 193 724 lum
213 695 301 722 non
322 681 466 738 longa,
490 681 563 722 sed
584 681 716 722 etiam
738 680 948 731 breviora,
971 694 1102 735 quam
1125 678 1291 719 vellem.
1353 677 1550 734 Optime,

102 740 304 794 inquam:
337 739 413 779 sed
448 738 668 780 veniamus
698 740 752 781 ad
781 748 966 789 nostrOS,
998 737 1052 778 dc
1085 737 1241 791 quibus
1275 735 1452 777 difficile
1484 745 1551 777 est

104 797 199 853 plus
231 795 485 852 intelligere,
521 811 651 852 quam
688 806 899 852 quantum
930 810 986 837 ex
1014 795 1308 835 monumentis
1340 793 1548 849 suspicari

102 854 218 895 licet.
281 853 392 900 Quis
423 855 540 895 enim
573 862 698 911 putet
727 864 801 896 aut
831 853 1094 896 celeritatem
1124 851 1290 908 ingenii
1326 850 1374 892 L.
1411 851 1548 893 Bruto
1565 851 1635 901 14

103 911 178 962 illi,
200 911 441 953 nobilitatis
459 922 611 954 vestrae
634 912 837 970 principi,
859 911 1069 953 defuisse?
1093 909 1234 966 quide
1255 917 1391 949 matre
1408 909 1547 950 suavi·
1561 922 1612 958 53

103 969 215 1010 anda
235 983 291 1011 ex
322 970 496 1011 oraculo
519 970 734 1027 Apollinis
767 981 857 1012 tam
878 977 1004 1011 acute
1025 976 1262 1024 arguteque
1296 966 1550 1022 conjecerit.

102 1027 178 1083 qui
207 1041 420 1070 summam
442 1029 715 1085 prudentiam
745 1027 1018 1069 simulatione
1050 1025 1247 1067 stultitiae
1281 1024 1453 1066 texerit.
1476 1025 1553 1082 qui

103 1085 454 1142 potentissimum
479 1101 641 1144 regem,
664 1085 888 1128 clarissimi
913 1085 1026 1141 regis
1057 1083 1208 1135 filium,
1231 1082 1461 1139 expulerit,
1490 1083 1554 1124 ci-

103 1143 385 1200 vitatemque,
424 1153 632 1202 perpetuo
674 1144 901 1186 dominatu
941 1142 1182 1192 liberatam,
1224 1141 1553 1197 magistratibus

103 1201 272 1253 annuis,
295 1202 744 1258 legibusjudiciisque
765 1201 1035 1252 devinxerit3
1067 1201 1142 1256 qui
1164 1198 1343 1255 collegae
1372 1214 1449 1240 suo
1473 1199 1555 1240 im-

102 1260 274 1314 perium
294 1261 583 1317 abrogaverit,
605 1268 654 1301 ut
674 1275 698 1301 e
719 1260 898 1302 civitate
919 1258 1073 1315 regalis
1093 1257 1282 1299 nominis
1297 1257 1554 1314 memoriam

105 1316 288 1358 tolleret.
311 1319 427 1373 quod
459 1327 576 1359 certe
597 1318 711 1359 effici
744 1333 832 1359 non
855 1318 1082 1374 potuisset,
1104 1315 1187 1357 nisi
1223 1324 1335 1356 esset
1357 1315 1554 1356 oratione

104 1388 370 1431 persuasum.
429 1376 637 1417 Videmus
659 1376 764 1417 item
783 1375 932 1432 paucis
953 1374 1076 1416 annis
1095 1381 1196 1431 post
1218 1387 1339 1429 reges
1359 1382 1551 1425 exactos,
1565 1394 1618 1430 54

105 1447 206 1473 cum
225 1432 371 1490 plebes
393 1448 528 1490 prope
550 1434 688 1490 ripam
707 1433 889 1476 Anienis
908 1433 962 1475 ad
986 1432 1162 1474 tertium
1184 1431 1433 1472 milliarium
1450 1446 1555 1472 con-

104 1490 298 1541 sedisset,
320 1504 505 1547 eumque
525 1502 735 1544 montem,
756 1491 832 1547 qui
854 1491 985 1532 Sacer
1005 1490 1245 1546 appellatus
1267 1498 1347 1541 est,
1368 1503 1558 1544 occupa-

103 1547 251 1600 visset,
280 1547 350 1589 M.
384 1548 607 1590 Valerium
640 1550 898 1590 dictatorem
926 1548 1112 1590 dicendo
1146 1547 1360 1589 sedavisse
1392 1547 1557 1588 discor-

104 1605 212 1658 dias,
244 1606 370 1661 eique
402 1607 459 1648 ob
492 1621 587 1648 eam
619 1621 709 1648 rem
740 1606 927 1648 honores
966 1605 1254 1661 amplissimos
1286 1604 1474 1656 habitos,
1513 1615 1560 1645 et

104 1677 205 1704 eum
227 1664 415 1721 primum
438 1664 495 1705 ob
524 1679 619 1706 eam
647 1665 788 1722 ipsam
810 1678 983 1706 causam
1019 1663 1268 1705 Maximum
1295 1677 1387 1703 esse
1408 1661 1558 1718 appel-

105 1719 256 1762 latum.
319 1720 388 1762 Ne
410 1721 460 1763 L.
483 1722 702 1765 Valerium
724 1723 900 1779 quidem
924 1721 1139 1772 Potitum,
1161 1721 1348 1762 arbitror
1368 1734 1457 1760 non
1479 1718 1558 1761 ali-

105 1778 212 1833 quid
249 1779 442 1835 potuisse
477 1780 676 1832 dicendo,
711 1781 786 1838 qui
829 1788 930 1837 post
964 1777 1296 1821 decemviralem
1330 1777 1556 1829 invidiam,

106 1835 278 1891 plebem
300 1836 343 1877 in
358 1846 500 1892 patres
522 1837 762 1890 incitatam,
777 1838 945 1894 legibus
959 1846 1003 1878 et
1026 1836 1312 1878 concionibus
1333 1835 1419 1876 suis
1436 1835 1556 1876 miti-

107 1894 289 1949 gaverit.
351 1894 586 1937 Possumus
607 1895 803 1952 Appium
827 1895 1060 1937 Claudium
1090 1893 1299 1950 suspicari
1330 1893 1618 1944 disertum,55

106 1951 211 2006 quia
226 1961 420 1994 senatum
430 1953 614 2008 jamjam
634 1954 905 2005 inclinatum,
924 1969 950 1994 a
972 1952 1129 2007 Pyrrhi
1144 1966 1250 2008 pace
1263 1951 1555 1992 revocaverit:

106 2023 335 2064 possumus
352 2010 404 2052 C.
420 2011 682 2064 Fabricium,
702 2013 804 2068 quia
822 2012 878 2052 sit
900 2010 953 2052 ad
971 2010 1189 2066 Pyrrhum
1210 2009 1263 2050 de
1284 2008 1470 2064 captivis
1492 2023 1560 2049 re-

106 2068 364 2122 cuperandis
383 2069 537 2109 missus
561 2078 725 2112 orator:
757 2068 1178 2119 Ti.Coruncanium,
1198 2067 1314 2122 quod
1333 2081 1389 2107 ex
1412 2066 1561 2123 ponti-

107 2123 240 2165 ficum
263 2126 588 2168 commentariis
601 2127 731 2183 longe
752 2127 988 2184 plurimum
1008 2126 1184 2182 ingenio
1208 2124 1390 2166 valuisse
1414 2124 1560 2165 videa-

110 2190 204 2224 tur:
239 2182 319 2224 Μ’.
343 2183 541 2236 Curium,
565 2186 682 2241 quod
703 2186 737 2226 is
762 2186 961 2226 tribunus
995 2184 1147 2240 plebis,
1172 2183 1387 2238 interrege
1410 2181 1559 2238 Appio

110 2239 258 2292 Caeco,
280 2242 439 2283 diserto
458 2242 647 2294 bomine,
670 2243 849 2284 comitia
865 2251 1017 2284 contra
1031 2242 1146 2298 leges
1160 2240 1362 2292 habente,
1385 2255 1485 2281 cum
1506 2240 1558 2281 de
1570 2251 1604 2282 b.

108 2297 233 2354 plebe
249 2301 288 2330 ‘28
305 2299 526 2341 consulem
554 2315 642 2342 non
676 2301 935 2357 accipiebat,
957 2309 1101 2357 patres
1123 2308 1223 2340 ante
1245 2307 1442 2340 auctores
1466 2297 1559 2338 fieri

108 2357 325 2413 co'e'gerit3
347 2361 387 2393 29
401 2358 514 2413 quod
540 2358 624 2399 fuit
642 2373 942 2415 permagnum,
957 2359 1150 2399 nondum
1162 2357 1258 2413 lege
1273 2355 1443 2397 Maenia
1458 2355 1559 2396 lata.

112 2414 235 2456 Licet.
261 2415 423 2470 aliquid
456 2416 588 2457 etiam
621 2417 674 2457 de
708 2416 775 2457 M.
801 2416 977 2472 Popillii
1011 2415 1187 2471 ingenio
1222 2413 1449 2469 suspicari,
1482 2412 1556 2468 qui
1573 2419 1626 2455 56

112 2487 211 2514 cum
234 2473 384 2515 consul
405 2483 531 2526 esset,
553 2474 792 2530 eodemque
827 2485 1021 2531 tempore
1044 2471 1305 2515 sacrificium
1336 2470 1563 2527 publicum

112 2637 265 2668 Lambini
281 2638 365 2669 ratio
375 2639 476 2670 etiam
490 2638 579 2669 bona
590 2642 653 2675 est,
669 2642 703 2668 et
720 2638 812 2669 Cice·
898 2639 939 2672 ‘29
962 2637 1046 2676 quod
1057 2635 1132 2674 fuit
1145 2633 1387 2677 permagnum]
1420 2635 1474 2665 Sic
1496 2633 1563 2665 Ms.

111 2681 200 2710 ronis
230 2681 457 2712 consuetudini
489 2682 710 2712 consentiens.
757 2681 812 2711 In-
859 2690 925 2720 reg.
944 2679 1155 2719 nonsnerit:
1181 2678 1269 2718 quod
1283 2678 1407 2708 dudum
1429 2678 1476 2707 sic
1491 2686 1565 2706 cor-

113 2724 211 2753 terim
227 2733 266 2753 ex
278 2723 327 2753 ed.
339 2723 421 2754 ven.
436 2724 543 2754 addidi
559 2729 600 2754 et.
855 2732 1015 2753 rexerant.
1039 2732 1106 2752 non
1129 2722 1219 2752 enim
1234 2722 1273 2751 de
1289 2731 1325 2751 re
1347 2721 1476 2751 incerta
1497 2728 1564 2748 ser-

114 2770 116 2772 ’
156 2767 195 2796 28
227 2765 402 2805 consulem]
435 2766 488 2797 Sic
511 2777 570 2807 pro
595 2767 738 2797 consules
762 2776 812 2796 re-
855 2775 910 2795 mo
919 2771 981 2802 est,
999 2775 1058 2795 nec
1075 2765 1266 2795 dubitanter
1281 2763 1397 2794 Cicero
1414 2770 1564 2802 pronun-

112 2809 226 2848 scripsi
248 2819 265 2838 e
280 2808 344 2838 Ms.
360 2818 428 2848 reg.
450 2809 500 2839 ed.
518 2809 595 2840 Ald.
615 2809 710 2840 Junt.
736 2819 813 2839 nam
856 2809 932 2839 ciat.
979 2807 1147 2837 Librarius
1162 2804 1373 2846 secitfueri‘t,
1388 2806 1466 2846 quia
1479 2805 1563 2846 pra}-

112 2859 200 2880 unus
228 2850 343 2881 consul
371 2851 410 2881 de
442 2851 536 2891 plebe
566 2856 696 2884 creatus
726 2856 812 2891 erat,
855 2850 943 2882 cedit
957 2850 1112 2889 οοὲςῄενὲι.

112 2903 213 2933 quem
225 2902 292 2924 non
308 2893 500 2935 accipiebat.
