1945 3235
703 126 992 166 ORATOR.
1506 137 1582 171 543

128 232 195 276 bis
219 248 438 276 sacrorum
460 231 664 275 alienatio
686 231 777 284 fiat,
799 231 954 272 docere
976 228 1207 293 honestum
1229 240 1318 277 est:
1351 237 1369 266 5
1383 239 1451 289 (ut
1471 245 1536 278 est
1551 239 1583 289 z)

124 292 284 347 quibus
306 293 400 349 ipsa
421 306 540 333 sacra
561 290 737 331 retineri
758 287 1020 342 defendique
1043 297 1224 343 possmt‚
1244 305 1330 333 non
1351 292 1581 336 honestum

128 351 225 391 est?
269 349 331 391 At
360 350 435 405 jus
474 348 734 406 profitentur
769 347 915 396 etiam,
951 345 1026 399 qui
1057 345 1280 389 nesciunt:
1304 349 1585 407 6eloquentia
1599 355 1672 390 145

128 417 289 460 autem,
313 407 375 449 illi
409 407 506 463 ipsi,
529 406 604 462 qui
636 403 858 446 consecuti
882 411 996 453 sunt,
1026 410 1169 443 tamen
1208 417 1251 444 se
1282 405 1422 448 valere
1460 410 1585 452 dissi-

124 465 309 517 mulam,
345 476 571 521 propterea
610 462 726 518 quod
757 460 1022 517 7prudentia
1058 459 1310 502 hominibus
1347 474 1470 518 grata
1505 478 1584 521 est,

125 521 277 579 lingua
299 532 515 578 suspecta.
576 520 696 560 Num
722 518 858 575 igitur
887 527 963 559 aut
992 518 1125 559 latere
1146 519 1394 576 eloquentia
1416 533 1586 578 potest:

127 581 147 611 ⁸
170 589 246 621 aut
281 581 340 632 id,
372 580 490 635 quod
522 575 782 628 dissimulat,
817 575 1000 632 effugit:
1034 586 1108 617 aut
1139 587 1204 618 est
1244 578 1499 634 periculum,
1533 597 1587 623 ne
1601 596 1632 628 b.

125 638 224 692 quis
247 647 372 694 putet
394 637 437 677 in
460 649 621 691 magna
642 645 732 675 arte
755 644 798 675 et
821 634 1026 691 gloriosa,
1040 642 1166 691 turpe
1188 650 1280 676 esse
1304 636 1458 679 docere
1482 639 1588 681 alios

125 695 187 748 id,
209 695 326 751 quod
359 693 439 749 ipsi
463 692 595 734 fuerit
624 691 980 734 honestissimum
1003 691 1195 734 discere?
1226 693 1293 735 Ac
1315 693 1498 738 fortasse
1519 712 1590 739 ce-
1605 706 1677 740 146

126 753 208 793 teri
232 752 457 794 tectiores:
492 765 575 807 ego
599 765 768 807 semper
789 764 859 792 me
880 749 1085 790 didicisse
1107 765 1197 806 prae
1219 766 1289 792 me
1308 753 1401 795 tuli.
1434 758 1454 789 9
1469 755 1591 803 Quid

125 810 243 851 enim
275 823 461 866 possem,
483 823 584 850 cum
608 817 653 850 et
683 808 920 850 abfuissem
951 806 1215 860 adolescens,
1238 818 1282 851 et
1312 810 1468 854 horum
1501 822 1591 855 stu-

124 867 297 909 diorum
320 882 450 909 causa
470 880 588 908 mare
611 868 875 918 transissem,
897 874 942 906 et
962 865 1226 908 doctissimis
1248 867 1502 912 hominibus
1525 886 1590 913 re-

124 923 236 967 ferta
266 925 420 967 domus
452 934 580 976 esset,
609 934 653 965 et
682 924 837 979 aliquae
873 923 1055 964 fortasse
1091 925 1280 966 inessent
1313 926 1357 967 in
1392 943 1590 971 sermone

124 993 275 1025 nostro
298 984 594 1025 doctrinarum
625 985 772 1025 notae?
805 995 991 1036 cumque
1015 981 1146 1038 vulgo
1170 984 1333 1040 scripta
1359 996 1508 1028 nostra
1528 988 1589 1028 le-

124 1051 346 1098 gerentur,
367 1041 685 1083 dissimularem
707 1055 776 1081 me
798 1039 1029 1081 didicisse?
1063 1043 1101 1070 ¹0
1118 1040 1237 1087 Quid
1261 1052 1366 1095 erat,
1390 1059 1466 1085 cur
1488 1060 1588 1101 pro-

123 1100 288 1151 barem,
309 1100 390 1141 nisi
411 1099 526 1156 quod
547 1113 699 1155 parum
720 1098 903 1139 fortasse
925 1096 1223 1154 profeceram?
1257 1100 1388 1147 Quod
1409 1117 1506 1143 cum
1527 1104 1588 1145 ita
1599 1094 1670 1144 43

123 1157 202 1199 sit:
236 1167 381 1199 tamen
413 1172 477 1209 ea,
508 1172 606 1213 quae
639 1170 768 1212 supra
798 1156 916 1198 dicta
946 1164 1060 1208 sunt,
1098 1156 1194 1212 plus
1228 1157 1273 1198 in
1308 1159 1587 1216 disputando,

122 1230 255 1270 quam
288 1231 352 1267 ea,
383 1215 436 1257 de
474 1215 634 1271 quibus
671 1214 903 1256 dicendum
938 1223 1018 1265 cst,
1056 1213 1286 1271 dignitatis
1326 1217 1586 1261 habuerunt.

125 1265 196 1314 D‘e
227 1275 369 1315 verbis
401 1274 517 1315 enim
549 1272 880 1329 componendis,
903 1281 947 1312 et
979 1272 1032 1312 de
1063 1271 1239 1328 syllabis
1270 1277 1587 1332 propemodum
1604 1288 1678 1326 147

123 1331 449 1373 dinumerandis
480 1340 524 1371 et
545 1330 822 1372 dimetiendis
854 1330 1105 1385 loquemur:
1140 1345 1237 1386 quae
1270 1333 1440 1376 etiamsi
1473 1345 1589 1389 sunt,

122 1389 252 1431 sicuti
274 1389 382 1431 mihi
405 1388 621 1440 videntur,
638 1388 893 1439 necessaria,
914 1398 1059 1428 tamen
1083 1388 1195 1430 fiunt
1217 1392 1589 1447 magnificentius,

122 1462 255 1503 quam
276 1447 502 1490 docentur.
564 1445 644 1488 Est
665 1446 709 1488 id
733 1446 913 1488 omnino
938 1459 1101 1497 verum,
1125 1448 1197 1489 sed
1222 1450 1397 1505 proprie
1431 1451 1473 1492 in
1505 1452 1590 1494 hoc

123 1504 298 1547 dicitur.
329 1520 431 1547 nam
453 1505 651 1546 omnium
672 1518 931 1561 magnarum
954 1504 1129 1556 artium,
1153 1506 1268 1547 sicut
1289 1508 1509 1561 arborum,
1532 1510 1592 1551 al-

123 1562 267 1605 titudo
298 1578 377 1604 nos
402 1563 615 1615 delectat;
648 1563 813 1604 radices
846 1562 1088 1618 stirpesque
1119 1577 1208 1605 non
1240 1564 1370 1607 item:
1406 1568 1478 1609 sed
1501 1583 1593 1610 esse

122 1620 197 1662 illa
226 1621 318 1662 sine
350 1621 417 1663 his
448 1636 534 1662 non
569 1629 729 1677 potest.
792 1619 871 1662 Me
894 1628 1054 1672 autem,
1079 1620 1169 1663 sive
1204 1625 1591 1681 pervagatissimus

123 1677 196 1720 ille
217 1693 380 1731 versus,
404 1679 479 1735 qui
507 1689 639 1730 vetat,

333 1749 463 1784 Artem
477 1749 616 1797 pudere
629 1749 815 1797 proloqui,
838 1760 948 1797 quam
957 1748 1128 1798 jactites,

129 1816 443 1859 ¹¹dissimulare
473 1831 561 1859 non
595 1817 712 1870 sinit,
736 1817 842 1873 quin
870 1817 1083 1871 delecter3
1116 1819 1206 1861 sive
1240 1828 1364 1861 tuum
1397 1822 1590 1865 studium

125 1873 212 1916 hoc
233 1890 259 1916 a
279 1890 349 1917 me
371 1875 574 1917 volumen
596 1875 835 1932 expressit:
862 1885 1007 1918 tamen
1029 1877 1105 1929 eis,
1129 1893 1237 1933 quos
1259 1878 1423 1934 aliquid
1446 1895 1591 1938 repre-

125 1932 336 1975 hensuros
369 1933 633 1990 suspicabar,
665 1933 1016 1991 respondendum
1047 1934 1146 1977 fuit.
1209 1936 1378 1983 Quodsi
1402 1952 1467 1989 ea,
1490 1953 1587 1995 quae
1605 1949 1678 1984 148

127 1990 237 2041 dixi,
260 2006 349 2032 non
372 1991 433 2033 ita
453 2000 620 2034 essent:
644 1991 741 2047 quis
765 2000 910 2034 tamen
933 2008 977 2034 se
1000 2002 1089 2034 tam
1107 1994 1264 2036 durum
1287 2005 1590 2053 agrestemque

125 2050 356 2105 praeberet,
378 2050 452 2106 qui
484 2050 598 2091 hanc
626 2049 736 2091 mihi
767 2065 856 2091 non
887 2050 1008 2093 daret
1041 2052 1226 2104 veniam,
1259 2062 1321 2104 ut,
1345 2068 1446 2095 cum
1479 2070 1590 2098 meae

128 2106 324 2149 forenses'
341 2117 468 2160 artes,
490 2116 535 2149 et
556 2107 749 2150 actiones
771 2108 960 2165 publicae
984 2110 1293 2163 concidissent,
1312 2126 1400 2153 non
1423 2126 1493 2154 me
1515 2122 1591 2155 aut

171 2225 190 2253 5
213 2228 252 2254 ut
265 2223 347 2264 εδει]
375 2223 450 2254 Hoc
464 2227 515 2255 est
529 2223 679 2255 additum
694 2234 714 2254 a
727 2224 835 2261 Rivio,

881 2225 1057 2257 manifeste
1079 2226 1236 2257 vitiosus:
1262 2228 1342 2268 quid
1360 2229 1447 2260 enim
1463 2239 1592 2270 possem

128 2269 170 2297 ut
190 2266 310 2307 opinor
331 2277 371 2297 ex
393 2267 444 2297 ed.
466 2267 550 2298 Ven.
573 2269 608 2298 in
630 2277 695 2306 qua
717 2266 838 2298 delevit

879 2269 1168 2300 —dc'ssimularem
1189 2280 1242 2301 me
1257 2271 1316 2301 &c.
1342 2271 1406 2302 Sed
1425 2273 1593 2313 corrigen-

127 2318 247 2340 manus
269 2308 379 2347 docta,
394 2316 429 2340 et
450 2319 511 2350 pro
530 2320 569 2340 eo
591 2309 722 2350 scripsit
743 2311 783 2348 si,
798 2314 838 2341 ut

128 2350 171 2382 ad
181 2352 356 2391 sequentia
374 2353 553 2393 pertineat.
597 2352 676 2383 Non
691 2362 838 2384 necessa-

128 2394 177 2424 rio
192 2399 372 2435 receptum.
418 2395 521 2426 Uncis
536 2395 665 2425 inclusi.

170 2438 191 2468 6
212 2439 396 2478 eloquentia
418 2442 688 2469 antem—tamen
706 2448 738 2469 se
751 2440 838 2470 vale-

127 2489 165 2509 re
178 2479 415 2520 dissimulant]
441 2482 495 2511 Sic
517 2482 571 2512 hie
594 2481 685 2511 locus
706 2482 840 2513 exhibe-

129 2526 187 2552 tur
201 2522 235 2553 iu
250 2523 322 2553 edd.
336 2525 419 2555 Ven.
438 2524 528 2555 Med.
545 2523 619 2555 Ald.
637 2524 734 2554 dunt.
749 2525 837 2564 quod

130 2565 240 2595 nescio
263 2576 322 2596 cur
336 2571 506 2599 mutatum
527 2567 571 2598 sit
594 2567 628 2597 in
643 2566 787 2607 vulgatis
802 2569 836 2598 in

128 2608 502 2647 eloquentiam—tamen
524 2620 564 2640 ea
587 2620 620 2640 se
640 2611 751 2641 valere
774 2611 837 2642 dis-

127 2650 300 2681 simulant.

881 2310 913 2341 di
933 2311 1110 2353 multiplex
1130 2313 1216 2343 ratio
1238 2318 1301 2350 est,
1320 2324 1381 2344 nec
1405 2316 1487 2346 certi
1515 2316 1592 2355 quid

881 2354 952 2384 sine
981 2355 1072 2386 libris
1098 2365 1167 2386 esse
1193 2360 1316 2396 potest.
1362 2357 1451 2388 Nam
1481 2364 1593 2398 potest

881 2397 1001 2437 corrigi
1015 2410 1021 2427 :
1046 2398 1141 2439 Quid
1153 2400 1240 2429 enim
1260 2400 1395 2439 (omisso
1405 2401 1593 2441 possem)—

882 2440 1150 2472 (insimularent.-
1180 2443 1280 2472 item:
1313 2442 1386 2484 ‚Qui
1408 2445 1496 2474 enim
1515 2455 1594 2485 pos—

882 2484 1202 2515 sem—dissimulare
1219 2488 1279 2515 &c.

925 2528 962 2556 lo
985 2526 1080 2567 Quid
1098 2532 1185 2565 erat,
1210 2537 1270 2558 cur
1286 2529 1479 2568 probarem]
1517 2529 1592 2560 Hoc

879 2578 1008 2608 quoque
1035 2571 1090 2600 vix
1112 2578 1239 2601 rectum
1264 2576 1324 2601 est.
1346 2572 1512 2603 Strebaeus
1539 2573 1592 2603 in-

879 2616 1085 2651 terpretatur
1099 2612 1223 2650 locum,
1246 2618 1406 2654 tanquam
1429 2615 1493 2645 sit:
1518 2617 1591 2656 quis

882 2658 968 2691 erat,
983 2656 1038 2684 eni
1047 2657 1224 2695 probarem
1236 2657 1252 2686 ,7
1267 2657 1354 2696 quod
1369 2667 1466 2688 nemo
1482 2658 1589 2690 bonus

173 2696 191 2726 7
210 2694 406 2735 prudentia]
431 2694 509 2727 Var.
522 2695 622 2726 lectio
637 2696 672 2726 in
686 2694 737 2726 ed.
753 2695 837 2727 Ven.
874 2697 976 2737 judex
993 2698 1120 2738 probet.
1165 2699 1217 2729 An
1232 2699 1314 2731 fuit:
1339 2700 1420 2740 quid
1429 2707 1516 2739 erat,
1528 2712 1589 2742 quo
1605 2710 1608 2716 '

126 2735 302 2775 pudentia.

174 2781 192 2809 8
217 2783 279 2809 (ιἰιέ
302 2779 349 2816 id,
370 2781 455 2820 quod
473 2782 674 2818 dissimulat,
697 2780 832 2823 effugit]

131 2830 193 2853 ser.
210 2821 452 2862 dissimulatur,
467 2823 601 2865 effugit,
617 2835 662 2856 sc.
682 2825 836 2856 notitiam

133 2863 321 2895 hominum.

173 2910 194 2940 9
217 2906 312 2948 ‚Quid
325 2908 409 2939 enim
426 2910 568 2952 possem]
595 2911 659 2942 Hic
682 2910 775 2942 locus
789 2917 839 2942 est

875 2740 1053 2779 probarem
1065 2742 1081 2771 ?

928 2785 960 2813 ll
986 2784 1196 2815 dissimulare
1217 2796 1250 2816 n.
1272 2796 1297 2817 s.
1327 2788 1405 2826 quin
1433 2786 1585 2826 delecter]

880 2825 958 2855 Non
977 2831 1057 2867 puto
1073 2828 1118 2858 sic
1140 2828 1335 2860 Ciceronem
1351 2830 1485 2860 dedisse.
1503 2829 1588 2860 Edd.

881 2868 965 2900 Ven.
989 2870 1082 2901 Med.
1113 2871 1202 2911 Lips.
1230 2873 1285 2911 qui
1314 2872 1459 2903 delectet.
1491 2871 1588 2903 Unde

883 2911 1038 2952 colligam
1050 2924 1059 2943 :
1083 2915 1163 2954 quid
1175 2915 1318 2945 delectet.
1534 2937 1540 2940 -
