1945 3235
327 89 377 128 72
809 84 886 124 AD
922 84 1302 125 HERENNIUM

329 188 475 244 magni
500 188 607 244 ejus,
661 188 703 230 ui
728 189 890 231 discere
913 189 1016 240 vult,
1040 199 1184 232 utrum
1208 203 1341 230 unum
1365 188 1526 241 omnia,
1543 204 1597 231 an
1621 188 1772 232 omnia

329 246 561 295 nemiuem,
585 201 656 286 seii
691 245 804 286 aliud
837 247 968 288 alium
1005 257 1127 303 putet
1157 246 1362 302 consequi
1387 261 1526 302 posse.
1587 248 1632 289 Si
1650 248 1769 289 enim

329 303 504 359 putabit
535 317 659 359 posse
690 303 837 344 omnia
868 319 997 360 penes
1031 319 1162 345 uuum
1194 305 1443 355 consistere,
1475 303 1566 360 ipse
1595 318 1769 361 quoque

331 359 381 400 ad
406 360 601 402 omnium
625 359 786 402 nitetur
811 361 1084 403 facultatem:
1118 363 1183 402 sin
1209 361 1250 402 id
1271 361 1534 418 desperabit,
1554 360 1598 402 in
1620 363 1770 418 paucis

329 431 374 457 se
404 417 639 459 exercebit.
673 418 775 474 ipsis
809 419 923 459 enim
959 428 1188 460 contentus
1220 418 1317 459 erit.
1351 433 1430 459 nee
1464 418 1636 470 mirum,
1667 432 1767 461 cum

331 475 421 530 ipse
452 489 593 531 praece
629 485 693 516 tor
724 476 826 516 ariis
857 476 1004 516 onmia
1034 491 1163 533 penes
1197 490 1327 516 unum
1360 475 1544 531 reperire
1573 490 1660 518 non
1691 490 1772 533 po-

282 541 311 572 b.
331 532 475 573 tuerit.
543 531 596 572 Al
617 533 698 572 atis.
733 532 866 588 igitur
904 533 1114 589 exemplis
1149 548 1173 573 a
1208 533 1391 584 Catone,
1425 549 1450 573 a
1480 532 1708 585 Gracchis,
1743 547 1769 573 a

335 589 485 639 Laelio,
517 605 541 629 a
572 589 793 645 Scipione,
825 589 982 641 Galba,
1018 590 1219 641 Porcina,
1249 590 1422 640 Crasso,
1456 588 1666 642 Antonio,
1700 604 1771 632 ce-

332 647 545 702 terisque;
579 647 680 686 item
704 648 856 687 sumtis
880 647 973 688 aliis
1004 662 1029 688 a
1049 648 1206 703 poetis,
1223 657 1267 689 et
1290 648 1564 688 historiarum
1588 647 1773 703 scripto-

331 705 462 753 ribus,
507 717 679 744 necesse
710 705 805 755 erit,
839 719 954 756 eum,
988 706 1061 760 qui
1095 705 1246 755 discet,
1286 705 1341 745 ab
1375 705 1577 746 omnibus
1615 714 1768 760 putare

294 761 492 810 Somnia,
515 761 569 801 ab
589 776 675 801 uuo
700 776 836 817 pauca
860 762 932 803 vix
957 763 1148 818 potuisse
1171 762 1296 802 sumi.
1359 762 1518 813 Quare,
1537 766 1576 796 37
1589 762 1622 803 si
1642 761 1769 803 unius

332 817 513 872 alicujus
536 832 627 858 csse
650 833 693 859 se
721 819 902 859 similem
935 820 1036 859 satis
1064 819 1257 870 habebit,
1280 822 1320 850 38
1344 820 1528 873 [onmia]
1556 833 1653 875 quae
1677 833 1770 860 om-

331 890 405 915 nes
436 874 680 925 habuerint,
703 875 839 916 solum
872 876 1031 916 habere
1064 891 1108 916 se
1131 890 1255 932 posse
1276 876 1459 918 diffidet.
1482 892 1586 933 ergo
1618 875 1771 918 inutile

330 943 393 973 est
413 933 467 982 ei,
489 934 564 988 qui
594 933 758 974 discere
784 933 888 983 vult,
911 936 952 967 39
967 947 1068 984 non,
1093 942 1258 989 putare,
1282 948 1416 975 unum
1449 948 1575 990 posse
1607 934 1769 975 omnia.

330 991 370 1019 ⁴⁰
384 989 525 1045 Igitur
547 1003 674 1030 nemo
707 991 750 1030 in
774 989 886 1031 hane
909 989 1120 1031 incideret
1151 990 1419 1046 opinionem,
1443 992 1477 1032 si
1500 992 1555 1032 ab
1574 1005 1661 1033 uno
1692 1005 1770 1033 ex-

327 1047 470 1103 empla
491 1047 759 1089 sumsissent.
782 1062 896 1089 nune
926 1047 1009 1088 hoc
1030 1048 1143 1104 signi
1167 1055 1247 1098 est,
1270 1047 1387 1104 ipsos
1409 1048 1512 1089 artis
1536 1049 1768 1104 scriptores

327 1118 411 1144 non
437 1113 625 1160 putasse,
660 1120 793 1146 unum
820 1105 1012 1161 potuisse
1036 1105 1080 1146 in
1114 1105 1316 1146 omnibus
1346 1105 1603 1147 elocutionis
1637 1106 1772 1162 parti-

328 1162 406 1202 bus
440 1162 617 1213 enitere,
639 1164 846 1218 quoniam
879 1177 1018 1218 neque
1053 1177 1129 1203 sua
1163 1161 1450 1218 protulerunt,
1473 1177 1612 1220 neque
1642 1163 1770 1215 unius

325 1218 524 1274 alicujus,
547 1228 622 1260 aut
653 1220 840 1277 denique
867 1220 1067 1271 duorum,
1099 1219 1172 1261 sed
1203 1220 1258 1260 ab
1293 1221 1496 1262 omnibus
1525 1220 1772 1262 oratoribus

324 1286 368 1316 et
388 1277 530 1332 poetis
553 1277 754 1334 exempla
773 1287 1031 1319 sumserunt.
1094 1276 1278 1328 Deinde,
1299 1277 1333 1318 si
1356 1278 1452 1334 quis
1477 1278 1594 1330 velit,
1617 1286 1770 1330 artem,

324 1333 634 1386 demonstrare,
654 1335 763 1376 nihil
786 1335 987 1392 prodesse
1009 1334 1063 1376 ad
1085 1335 1354 1386 discendum,
1377 1350 1465 1377 non
1487 1335 1599 1377 male
1622 1344 1770 1377 utatur

324 1390 408 1432 hoe
440 1391 709 1447 adjumento,
746 1393 862 1447 quod
901 1407 1011 1433 unus
1045 1406 1195 1433 omnes
1233 1393 1337 1433 artis
1377 1402 1519 1450 partes
1562 1393 1771 1450 consequi

327 1462 454 1490 nemo
477 1450 683 1506 potuerit.
747 1450 878 1496 Quod
901 1450 1036 1506 igitur
1050 1449 1180 1505 juvat
1209 1464 1359 1491 eorum
1391 1451 1619 1503 rationem,
1639 1454 1677 1482 41
1694 1450 1770 1507 qui

327 1506 507 1548 omnino
531 1507 782 1564 improbant
804 1517 956 1559 artem,
976 1507 1033 1558 id,
1048 1522 1135 1548 non
1159 1507 1389 1548 ridiculum
1411 1517 1490 1560 est,
1510 1508 1652 1564 ipsum
1666 1508 1771 1550 scri-

328 1571 497 1619 ptorem
519 1566 622 1606 artis
645 1579 722 1606 suo
738 1565 909 1620 judicio
932 1565 1244 1622 comprobare?
1279 1564 1397 1622 Ergo
1419 1566 1474 1606 ab
1492 1580 1580 1607 uno
1599 1579 1771 1606 sumen-

303 1620 382 1670 ‚da
415 1619 548 1663 fuisse
577 1622 805 1664 docuimus
839 1622 1052 1679 exempla,
1086 1623 1119 1663 si
1152 1636 1320 1679 semper
1351 1622 1523 1664 aliunde
1551 1636 1769 1664 sumeren-

278 1665 314 1713 (Ἰ
330 1687 412 1719 tur.
473 1679 605 1721 Nune
623 1680 802 1722 omnino
825 1680 1010 1731 aliunde,
1031 1680 1092 1721 sic
1113 1679 1420 1736 intelligemuS‚
1443 1680 1652 1722 sumenda
1679 1694 1770 1723 non

291 1734 474 1778 9fuisse.
537 1736 733 1780 Primum
755 1738 965 1789 omnium,
997 1737 1112 1793 quod
1136 1737 1190 1778 ab
1222 1737 1324 1779 artis
1356 1738 1567 1794 scriptore
1596 1737 1773 1779 affertur

326 1793 590 1851 exemplum,
612 1798 654 1828 42
675 1795 728 1836 de
761 1794 955 1851 ejusdem
989 1794 1175 1835 artifieio
1208 1795 1338 1836 debet
1371 1809 1486 1848 esse3
1517 1810 1620 1846 non,
1642 1804 1705 1847 ut,
1736 1795 1771 1837 si

325 1850 421 1907 quis
444 1866 679 1908 purpuram
710 1861 785 1894 aut
818 1852 932 1893 aliud
963 1852 1189 1908 quippiam
1224 1853 1412 1893 vendens
1435 1853 1566 1904 dicat,
1594 1852 1726 1894 Sume
1747 1868 1774 1894 a

325 1922 421 1959 me3
445 1909 517 1950 sed
538 1909 667 1965 hujus
687 1910 937 1966 exemplum
957 1909 1130 1951 aliunde
1144 1910 1325 1966 rogabo,
1341 1910 1508 1966 tibique
1526 1910 1768 1952 ostendam.

322 1968 363 1996 43
377 1965 422 2007 Si
446 1980 610 2009 merces
637 1967 720 2023 ipsi
752 1969 825 2023 qui
862 1967 1103 2017 venditant,
1134 1967 1306 2008 aliunde
1339 1967 1588 2024 exemplum
1611 1967 1770 2025 quaeri-

323 2030 416 2065 tent
440 2023 555 2066 aliud
579 2025 760 2078 mereis;
793 2034 867 2066 aut
901 2025 936 2065 si
968 2038 1145 2066 acervos
1177 2038 1221 2065 se
1250 2024 1400 2066 dicant
1433 2025 1568 2067 tritici
1591 2024 1766 2077 habere,

362 2162 401 2193 37
419 2159 457 2190 Si
471 2162 570 2191 unius
583 2160 727 2203 alicujus
740 2171 844 2192 essese
856 2160 1022 2201 similem]
1067 2159 1167 2192 tibus.
1212 2162 1332 2193 Sensus
1357 2162 1494 2202 requirit
1514 2162 1690 2201 enimvero,
1713 2166 1774 2195 aut

322 2200 470 2242 Plerique
485 2203 558 2233 libri
582 2203 708 2234 addunt
728 2214 773 2240 se,
797 2204 883 2243 quod
904 2204 939 2234 in
957 2203 1025 2233 vul·
1069 2203 1210 2234 similem
1226 2205 1438 2244 particulam.

320 2245 405 2282 gatis
421 2255 488 2275 non
503 2251 566 2282 est,
582 2245 637 2276 sed
651 2245 716 2276 alio
737 2246 792 2276 am
817 2245 900 2277 loco.
938 2246 1024 2277 Prae-
1109 2249 1147 2277 41
1173 2247 1244 2288 Qui
1265 2249 1395 2278 omni-‘no
1421 2247 1608 2288 improbant
1633 2245 1768 2287 arcem]

320 2287 383 2316 tuli
402 2297 478 2319 eum
492 2288 615 2325 locum,
631 2299 729 2328 quem
745 2288 886 2320 libenter
907 2295 1025 2319 auctor
1068 2289 1120 2319 Sic
1141 2289 1205 2320 Ms.
1221 2290 1308 2330 apud
1322 2289 1407 2321 Oud.
1431 2289 1502 2321 edd.
1523 2290 1613 2325 1474.
1629 2289 1768 2323 Mediol.

321 2335 352 2359 tt
367 2329 421 2360 alii
439 2331 514 2360 huie
530 2331 717 2371 pronomini
733 2331 919 2371 adsignant.
1067 2340 1117 2371 pr.
1138 2335 1228 2366 1475.
1245 2337 1344 2364 reete.
1359 2333 1472 2371 Vulgo
1481 2332 1673 2373 improbent.

365 2375 403 2402 33
425 2373 559 2409 Omnia,
574 2383 644 2412 quoe
665 2383 775 2404 onmes
797 2374 870 2414 δια]
901 2374 1024 2405 Omnia

319 2414 388 2443 sine
402 2414 500 2445 dubio
515 2417 663 2456 spurium
673 2421 719 2446 est
733 2428 740 2444 ·.
754 2416 810 2446 sed
821 2417 898 2455 quia
910 2423 1024 2447 omnes

322 2456 395 2486 libri
411 2456 546 2493 habent,
561 2459 653 2488 uncis
672 2457 767 2488 niodo
785 2459 914 2490 inclusi.

360 2503 402 2533 ’39
419 2500 509 2536 Non,
520 2506 655 2540 putare,
670 2510 773 2530 unum
791 2501 866 2541 δια]
905 2502 956 2532 Sic
972 2502 1022 2532 in-

322 2543 487 2580 roi-punxi,
512 2552 552 2572 ne
575 2544 646 2582 quis
670 2543 805 2579 haereat,
829 2551 866 2574 ut
890 2544 1022 2585 quibus-

319 2583 395 2613 dam
411 2584 540 2614 accidit.

360 2629 401 2655 40
417 2625 529 2663 {uritur
544 2637 637 2657 nemo
658 2628 692 2657 in
716 2630 801 2658 ham
822 2628 941 2659 inc-lde(
955 2628 1018 2670 ομ]

323 2668 484 2698 Incidere!
508 2679 566 2708 pro
590 2671 708 2700 incidet
723 2671 836 2711 scripti
851 2671 949 2702 multi
966 2672 1022 2702 ha-

1107 2376 1150 2405 42
1165 2374 1220 2406 De
1233 2373 1304 2416 ejus
1315 2375 1457 2416 artificio
1470 2375 1559 2406 debet
1572 2374 1661 2415 essm]
1679 2372 1770 2404 Olim

1067 2418 1180 2457 putavi
1215 2418 1317 2457 ipsius
1350 2427 1419 2449 esse
1454 2416 1641 2457 legendum.
1681 2424 1771 2447 nunc

1066 2459 1198 2499 praetuli
1213 2461 1356 2501 <jusdem
1370 2471 1388 2491 e
1403 2460 1467 2491 Ms.
1482 2459 1577 2490 voss.

1106 2504 1147 2532 43
1171 2502 1210 2533 Si
1247 2503 1582 2543 merces—quoeritent
1623 2500 1773 2542 mercia]

1064 2544 1150 2574 Puto
1173 2545 1290 2576 melius
1314 2555 1383 2576 esse
1405 2554 1558 2582 mercem,
1581 2544 1670 2583 quod
1687 2543 1768 2575 Mss.

1064 2586 1174 2626 plures
1196 2587 1283 2628 apud
1304 2587 1455 2618 Oudend.
1478 2586 1619 2624 habent3
1643 2586 1720 2626 quia
1733 2590 1769 2617 et

1066 2629 1241 2669 singularis
1276 2631 1438 2669 sequitur:
1476 2628 1573 2669 idque
1600 2627 1700 2670 recipi
1733 2627 1769 2659 in

1066 2676 1196 2702 textum
1219 2671 1375 2703 volebant
1397 2673 1503 2702 Graev.
1525 2675 1560 2702 et
1574 2670 1661 2702 Oud.
1705 2670 1767 2701 Sed

317 2710 409 2746 brut,
425 2717 456 2739 et
474 2709 544 2741 edd.
561 2720 638 2742 ante
654 2712 841 2743 Juntinam.
885 2714 948 2744 Sed
969 2715 1017 2745 ita
1061 2721 1136 2756 post
1158 2716 1329 2754 quoen'tent
1352 2714 1455 2745 delevi
1477 2714 1584 2751 aliud,
1606 2712 1694 2753 quod
1714 2718 1765 2744 est

317 2753 545 2791 corrigendum
575 2756 659 2784 foret
688 2757 788 2785 etiarn
815 2756 886 2786 sine
914 2756 1015 2787 libris.
1059 2757 1218 2794 alienum,
1240 2761 1371 2788 secutus
1391 2757 1472 2787 Mss.
1492 2761 1528 2788 et
1538 2755 1610 2787 edd.
1625 2765 1675 2797 pr.
1687 2760 1765 2786 ante

319 2797 357 2823 Ar
376 2805 435 2826 nee
451 2797 556 2832 igitur
572 2803 697 2827 rectum
713 2807 781 2827 esse
798 2803 924 2838 potest;
949 2808 1017 2829 non
1062 2799 1193 2832 Aldum.
1239 2799 1318 2832 Post
1332 2799 1404 2831 dedi
1419 2803 1480 2830 aut
1492 2799 1520 2830 si
1534 2809 1574 2831 ex
1586 2797 1659 2830 edd.
1674 2807 1723 2838 pr.

316 2838 403 2867 enim
423 2839 472 2868 hii:
488 2838 609 2877 aliquid
624 2838 792 2878 colligitur
803 2851 820 2870 e
833 2841 1019 2881 preceden-
