1945 3235
755 117 1038 158 ORATOR.
1542 122 1620 157 523

164 237 280 275 nem,
304 224 348 266 in
370 225 489 266 omni
505 225 638 266 verbo
653 224 800 281 posuit
822 231 996 264 acutam
1020 234 1188 271 vocem,
1204 235 1281 262 nec
1305 237 1391 263 una
1415 223 1620 279 plus,nec

165 296 191 322 a
213 292 431 337 postrema
452 283 617 339 syllaba
636 286 678 314 43
692 282 804 323 ultra
826 281 997 322 tertiam
1015 295 1023 320 z
1050 293 1136 333 quo
1159 279 1298 334 magis
1318 291 1516 322 naturam
1538 282 1618 323 du-

166 353 259 380 cem
275 341 327 382 ad
352 342 520 382 aurium
539 340 804 396 Voluptatem
827 346 1030 393 sequatur
1044 335 1270 377 industria.
1301 336 1367 377 Ac
1387 339 1505 379 vocis
1527 339 1622 395 qui·
1636 354 1687 391 59

167 397 264 438 dem
292 399 464 440 bonitas
487 399 678 455 optanda
701 408 779 438 est.
811 411 898 437 non
933 404 999 435 est
1027 394 1142 434 enim
1181 393 1224 434 in
1260 394 1401 435 nobis.
1434 397 1504 436 sed
1538 407 1624 438 tra-

167 456 318 506 ctatio,
352 468 482 512 atque
506 472 605 498 usus
630 456 671 496 in
695 455 836 496 nobis.
900 452 1017 509 Ergo
1041 451 1111 492 ille
1144 451 1344 508 princeps
1375 454 1560 494 variabit
1581 466 1626 495 et

164 515 381 567 mutabit;
412 529 561 557 omnes
595 526 815 563 sonorum,
849 522 941 552 tum
978 510 1223 561 intendens,
1256 519 1346 553 tum
1380 510 1622 563 remittens,

165 583 448 628 persequetur
470 572 652 627 gradus:
686 570 888 625 idemque
921 578 1043 610 motu
1077 569 1138 609 sic
1162 579 1321 619 utetur,
1346 567 1453 608 nihil
1479 579 1525 608 ut
1556 583 1626 609 su-

169 631 305 685 persit
327 631 368 671 in
402 640 542 686 gestu.
603 628 752 669 Status
783 638 950 669 erectus
985 636 1028 668 et
1059 626 1222 668 celsus:
1268 641 1385 667 rarus
1420 626 1626 678 incessus,

165 701 246 728 nec
269 687 330 729 ita
354 687 528 743 longus:
562 686 763 727 excursio
789 686 1024 735 moderata,
1047 698 1183 739 eaque
1216 698 1333 726 rara:
1366 682 1483 724 nulla
1514 683 1624 725 mol-

167 744 262 786 litia
279 745 514 796 cervicum,
536 744 665 786 nullae
698 744 882 801 argutiae
915 743 1171 799 digitorum,
1194 757 1280 782 non
1313 742 1366 783 ad
1398 756 1626 783 numerum

169 802 376 844 articulus
408 803 590 845 cadens:
628 812 782 844 trunco
810 801 950 858 magis
986 809 1080 841 toto
1101 815 1145 841 se
1174 800 1266 856 ipse
1304 800 1548 851 moderans,
1582 811 1627 841 et

167 860 280 901 virili
303 860 486 902 laterum
511 861 716 912 flexione,
752 860 916 902 brachii
951 858 1223 916 projectione
1253 858 1295 899 in
1331 858 1626 899 contentioni-

167 918 263 970 bus,
287 919 589 961 contractione
620 919 661 960 in
696 919 898 960 remissis.
965 917 1119 957 Vultus
1153 931 1268 968 vero,
1290 916 1363 971 qui
1389 916 1690 970 secundun160

169 991 321 1018 vocem
357 977 592 1034 plurimum
632 988 790 1034 potest,
821 985 1031 1032 quantam
1072 974 1197 1016 affert
1234 984 1324 1015 tum
1349 974 1626 1030 dignitatem,

168 1043 261 1075 turn
288 1038 587 1078 venustatem?
621 1036 662 1076 in
696 1051 782 1091 quo
815 1049 915 1076 cum
946 1033 1159 1084 effeceriS,
1194 1048 1247 1073 ne
1277 1032 1381 1088 quid
1412 1033 1625 1089 ineptum,

169 1104 245 1134 aut
268 1093 516 1135 vultuosum
542 1094 612 1146 sit,
636 1104 726 1134 tum
751 1093 976 1134 oculorum
1012 1101 1079 1135 est,
1109 1091 1310 1147 quaedam
1342 1105 1502 1147 magna
1534 1106 1627 1132 mo-
1639 1114 1671 1147 b.

169 1151 351 1193 deratio.
396 1152 512 1193 Nam
530 1162 579 1193 ut
600 1152 746 1208 imago
769 1161 834 1192 est
855 1151 1004 1202 animi,
1021 1149 1188 1191 vultus:
1223 1150 1283 1190 sic
1308 1149 1470 1190 indices
1489 1149 1625 1192 oculi:

169 1224 355 1265 quorum
377 1220 421 1251 et
443 1210 688 1261 hilaritatis,
711 1221 754 1251 et
778 1209 969 1251 vicissim
993 1208 1184 1250 tristitiae
1208 1207 1387 1249 modum
1412 1222 1476 1248 res
1502 1208 1625 1265 ipsae,

169 1267 223 1309 de
239 1269 396 1323 quibus
419 1279 586 1325 agetur,
613 1269 930 1324 temperabunt.

231 1326 422 1382 Sedjarn
443 1326 555 1367 illius
572 1327 752 1383 perfecti
774 1325 957 1367 oratoris
977 1334 1020 1366 et
1043 1338 1223 1366 summae
1247 1323 1508 1380 eloquentiae
1530 1339 1625 1380 spe·
1644 1333 1712 1389 19

171 1383 258 1425 cies
281 1385 566 1440 exprimenda
600 1394 690 1426 est:
727 1399 856 1440 quem
892 1383 975 1424 hoc
1000 1398 1088 1424 uno
1114 1382 1339 1432 excellere,
1363 1382 1406 1423 id
1431 1392 1497 1423 est
1530 1397 1687 1443 ora-6l

174 1442 309 1494 tione,
324 1451 469 1483 cetera
482 1443 524 1483 in
541 1457 592 1483 eo
608 1442 753 1493 latere,
768 1442 933 1484 indicat
944 1456 1102 1483 nomen
1120 1441 1278 1498 ipsum.
1313 1440 1414 1481 Non
1430 1441 1545 1481 enim
1561 1440 1627 1481 in-

171 1510 339 1552 ventor,
359 1511 434 1541 aut
455 1501 739 1558 compositor,
754 1510 829 1542 aut
847 1510 984 1551 actor,
1000 1500 1095 1541 haec
1114 1499 1370 1556 complexus
1384 1508 1450 1540 est
1463 1499 1625 1550 omnia,

171 1558 244 1599 sed
267 1568 311 1599 et
333 1573 475 1615 graece
508 1560 563 1600 ab
594 1558 837 1614 eloquendo
861 1566 972 1616 ῥήτως,
1005 1567 1048 1599 et
1081 1558 1214 1599 latine
1244 1557 1450 1613 eloquens
1482 1557 1625 1598 dictus

169 1625 249 1658 est.
313 1616 569 1658 Ceterarum
603 1617 718 1657 enim
742 1631 899 1668 rerum,
922 1632 1020 1673 quae
1047 1626 1147 1657 sunt
1182 1617 1224 1657 in
1249 1625 1434 1666 oratore,
1460 1625 1626 1671 partem

171 1674 360 1730 aliquam
394 1675 475 1715 sibi
507 1675 690 1730 quisque
720 1675 943 1718 vendicat:
976 1674 1147 1716 dicendi
1183 1685 1344 1724 autem,
1369 1674 1412 1714 id
1443 1683 1509 1714 est
1539 1673 1628 1714 elo-

171 1733 349 1788 quendi,
390 1733 586 1774 maxima
631 1733 691 1774 vis
731 1734 809 1774 soli
847 1733 949 1775 huic
1003 1732 1274 1774 conceditur.
1349 1732 1626 1787 Quamquam
1641 1756 1692 1791 62

172 1791 288 1831 enim
318 1800 361 1831 et
386 1791 632 1847 philosophi
657 1792 834 1847 quidam
856 1802 1006 1833 ornate
1029 1791 1164 1832 locuti
1195 1800 1309 1840 sunt,
1329 1790 1560 1846 (siquidem
1587 1800 1631 1831 et

173 1847 501 1905 Theophrastus
535 1850 764 1891 divinitate
798 1850 1002 1906 loquendi
1046 1863 1203 1890 nomen
1238 1849 1420 1899 invenit,
1455 1858 1498 1889 et
1531 1847 1631 1889 Ari-

174 1907 349 1948 stoteles
385 1907 621 1948 Isocratem
658 1909 799 1964 ipsum
834 1907 1066 1959 lacessivit,
1091 1918 1134 1948 et
1171 1906 1486 1963 Xenophontis
1525 1920 1631 1950 voce

175 1964 329 2006 Musas
361 1965 482 2020 quasi
514 1965 680 2007 locutas
703 1967 872 2009 ferunt:
906 1976 951 2007 et
975 1965 1106 2021 louge
1128 1966 1341 2015 omnium,
1363 1965 1630 2021 quicumque

176 2024 442 2080 scripserunt
470 2034 544 2065 aut
566 2024 702 2066 locuti
726 2035 841 2076 sunt,
873 2024 1102 2065 44exstitit
1122 2034 1166 2065 et
1189 2025 1405 2080 gravitate
1428 2023 1629 2079 princeps

176 2081 303 2123 Plato
319 2083 349 2134 3)
375 2092 516 2123 tamen
552 2082 706 2124 horum
735 2083 874 2124 oratio
907 2097 1048 2138 neque
1081 2096 1251 2133 nervos,
1281 2096 1420 2137 neque
1457 2081 1630 2123 aculeos

175 2141 390 2181 oratorios
421 2155 472 2182 ac
503 2139 694 2182 forenses
719 2141 867 2182 habet.
931 2141 1191 2196 Loquuntur
1221 2155 1320 2182 cum
1344 2140 1500 2191 doctis,
1523 2154 1630 2196 quo·
1643 2164 1692 2198 63

174 2213 267 2240 rum
293 2198 440 2240 sedare
462 2199 630 2240 animos
653 2199 834 2251 malunt,
857 2214 987 2256 quam
1011 2199 1206 2240 incitare.
1230 2198 1291 2240 sic
1314 2198 1367 2239 de
1390 2198 1517 2239 rebus
1541 2197 1632 2254 pla-

175 2257 298 2308 catis,
322 2272 372 2297 ac
393 2257 573 2298 minime
606 2257 880 2309 turbulentis,
910 2257 1094 2299 docendi
1125 2272 1269 2307 causa,
1294 2272 1379 2298 non
1412 2256 1631 2313 capiendi,

173 2313 436 2370 loquuntur:
470 2325 517 2356 ut
550 2316 594 2356 in
624 2330 676 2356 eo
710 2316 819 2373 ipso,
841 2316 958 2372 quod
986 2316 1320 2357 delectationem
1354 2315 1632 2370 aliquamdi-

175 2374 314 2414 cendo
338 2384 624 2430 aucupentur,
648 2373 742 2430 plus
773 2375 1008 2425 nonnullis,
1030 2389 1159 2429 quam
1193 2388 1367 2414 necesse
1398 2375 1468 2424 sit,
1489 2372 1633 2414 facere

175 2432 417 2473 videantur.
480 2431 598 2488 Ergo
621 2434 676 2473 ab
697 2433 780 2474 hoc
803 2447 961 2490 genere
993 2448 1079 2473 non
1112 2431 1290 2473 difficile
1321 2441 1387 2472 est
1409 2431 1522 2473 hanc
1544 2430 1633 2472 elo·

217 2565 258 2593 43
275 2564 369 2594 ultra
391 2564 540 2604 tertiam]
567 2565 644 2595 Sine
670 2564 882 2597 haesitatione

175 2606 270 2636 ultra
297 2606 382 2637 edidi
410 2617 470 2647 pro
498 2609 598 2638 ciera.-
633 2608 714 2638 adeo
744 2617 794 2637 res
830 2612 881 2638 est

177 2648 362 2679 manifesta.
407 2649 489 2681 Vult
511 2651 631 2688 dicere,
654 2656 790 2681 tantum
813 2655 880 2681 tres

177 2690 318 2738 syllabas
341 2692 477 2724 ultimas
506 2695 579 2724 acui
606 2705 706 2732 voce3
735 2693 768 2724 id
794 2693 881 2732 quod

176 2737 301 2764 tirones
337 2735 464 2766 svium:
510 2746 682 2775 nunquam
726 2741 881 2776 quartam

177 2785 294 2816 nempe
318 2787 339 2806 α
359 2783 545 2817 postrema.-
566 2780 608 2810 ab
630 2780 692 2810 hac
714 2780 803 2810 enim
827 2778 882 2809 hic

175 2820 370 2850 numerandi
393 2821 537 2853 initium.
580 2833 612 2854 v.
627 2822 770 2863 Quintil.
795 2821 824 2858 l,
849 2824 881 2860 5,

176 2863 228 2892 30.
273 2862 347 2893 Hoc
372 2864 490 2895 vitium
519 2875 587 2896 non
615 2865 881 2896 animadversum

174 2914 258 2943 fisse,
272 2911 306 2937 et
321 2911 392 2937 tam
405 2907 461 2939 diu
476 2907 671 2948 toleratum,
687 2909 801 2940 miror.

967 2567 1010 2595 44
1033 2565 1158 2595 exstitit
1187 2568 1218 2594 et
1243 2562 1429 2602 gravitate]
1456 2562 1506 2594 Et
1531 2563 1637 2604 suspi-

924 2608 1055 2639 cionem
1082 2608 1174 2645 fecit,
1211 2606 1355 2637 alterurn
1387 2605 1636 2637 substantivum

924 2650 1094 2688 excidisse,
1109 2650 1198 2681 unde·
1219 2649 1345 2681 addunt
1371 2649 1452 2680 Mss.
1469 2659 1521 2689 ap.
1537 2649 1635 2680 Grut.

924 2698 955 2724 ec
981 2695 1164 2727 suavitate;
1203 2693 1385 2724 Lambinus
1414 2697 1445 2722 et
1470 2693 1632 2723 ubertate.

924 2737 957 2767 Si
994 2740 1026 2767 et
1060 2736 1228 2776 intelligas
1265 2736 1381 2772 etiam,
1417 2734 1501 2765 nihil
1536 2734 1633 2766 desit.

925 2779 1054 2820 Nempe
1067 2779 1318 2820 Theophrastus
1339 2784 1373 2809 et
1400 2779 1559 2809 Isocrates
1581 2787 1636 2808 co-

924 2823 978 2863 pia
992 2827 1027 2852 et
1049 2823 1225 2860 suavitate,
1243 2821 1340 2854 Plato
1355 2821 1456 2853 etiam
1471 2820 1636 2861 gravitate

924 2865 1092 2898 excelluit.
