1945 3235
662 135 857 174 'LIBER
882 134 1122 173 PRIMUS.
1535 137 1613 173 345

172 238 396 294 patientia,
427 240 479 282 de
502 240 799 296 temperantia,
830 240 883 281 de
902 239 1034 280 modo
1056 252 1197 280 rerum
1219 238 1428 290 omnium,
1449 248 1611 280 cetera-

170 311 268 351 que,
301 299 391 338 sine
423 298 578 353 quibus
612 298 810 339 civitates
844 306 917 338 aut
949 311 1054 346 esse,
1077 305 1152 336 aut
1183 296 1292 341 bene
1321 307 1498 337 moratae
1521 310 1612 337 esse

170 367 259 394 non
294 364 483 411 possent,
513 369 694 410 usquam
723 356 765 396 in
796 369 944 396 eorum
969 353 1155 394 inveniri
1188 352 1357 393 libellis.
1418 353 1546 399 Quod
1577 353 1675 398 si86

167 417 332 453 tantam
367 413 451 452 vim
484 426 625 453 rerum
659 413 947 453 maximarum
977 421 1067 452 arte
1101 426 1176 451 sua
1207 409 1411 451 rhetorici
1446 410 1504 450 illi
1535 411 1612 451 do·-

168 478 308 510 ctores
330 469 743 525 complecterentur:
775 469 1013 525 quaerebat,
1043 483 1120 509 cur
1152 468 1204 509 de
1235 467 1474 523 prooemiis,
1497 477 1539 506 et
1561 467 1614 507 de

168 526 365 583 epilogis,
388 535 432 567 et
452 526 505 568 de
523 526 772 582 hujusmodi
797 527 922 583 nugis
945 528 1026 580 (sic
1048 527 1160 567 enim
1185 524 1448 581 appellabat)
1469 524 1614 564 rel'erti

167 594 309 624 essent
330 597 477 624 eorum
511 583 634 626 libri:
666 585 720 625 de
752 584 1003 626 civitatibus
1037 582 1327 632 instituendis,
1350 582 1402 623 de
1425 582 1614 623 scriben-

167 640 233 681 dis
256 641 438 697 legibus,
469 640 522 682 de
549 641 768 697 aequitate,
800 642 1056 697 dejustitia,
1078 641 1130 682 de
1154 641 1250 691 fide,
1281 640 1334 681 de
1363 639 1613 695 frangendis

165 698 493 754 cupiditatibuS,
515 698 568 740 de
586 699 909 741 conformandis
930 699 1153 740 hominum
1178 698 1384 749 moribus,
1407 697 1549 738 littera
1567 697 1611 737 in

167 768 315 796 eorum
334 755 454 796 libris
473 756 589 797 nulla
607 757 885 799 inveniretur.
947 756 1048 813 Ipsa
1071 771 1169 797 vero
1191 765 1411 811 praecepta
1433 755 1494 795 sic
1516 753 1611 795 illu·
1623 758 1674 797 87

167 813 267 853 dere
299 813 479 864 solebat,
511 824 559 855 ut
592 815 852 867 ostenderet,
884 830 969 855 non
1004 814 1133 855 modo
1163 829 1235 854 eos
1266 813 1378 853 illius
1411 822 1612 867 expertes

165 883 256 910 esse
277 870 535 926 prudentiae,
566 886 696 927 quam
726 873 809 913 sibi
839 873 1111 923 asciscerent,
1134 872 1207 913 sed
1227 885 1280 911 ne
1301 871 1413 911 hanc
1435 870 1611 925 quidem

167 927 306 983 ipsam
327 927 499 969 dicendi
533 930 744 971 rationem
777 946 827 971 ac
861 931 976 971 viam
1005 943 1144 971 nosse.
1206 928 1352 985 Caput
1383 928 1497 968 enim
1521 942 1614 968 esse

165 985 456 1026 arbitrabatur
489 988 686 1038 oratoris,
710 996 758 1028 ut
790 996 833 1028 et
865 988 984 1044 ipsis,
1015 987 1129 1043 apud
1163 1001 1271 1042 quos
1305 995 1466 1042 ageret,
1502 985 1613 1037 talis,

163 1041 334 1097 qualem
369 1057 414 1083 se
443 1043 535 1100 ipse
564 1054 749 1101 optaret,
774 1045 1088 1086 videreturnid
1125 1044 1215 1086 fieri
1249 1044 1351 1085 vitae
1385 1043 1614 1099 dignitate,

164 1100 217 1141 de
239 1115 325 1156 qua
345 1100 454 1142 nihil
486 1101 691 1143 rhetorici
724 1102 794 1144 isti
827 1103 1026 1144 doctores
1063 1103 1106 1142 in
1140 1101 1368 1157 praeceptis
1399 1102 1484 1141 suis
1518 1101 1615 1141 reli-

165 1158 379 1212 quissent:
413 1168 456 1199 et
478 1159 542 1199 uti
564 1173 728 1211 eorum,
751 1160 823 1216 qui
843 1160 1055 1210 audirent,
1079 1159 1139 1200 sic
1167 1159 1440 1199 afficerentur
1466 1158 1615 1209 animi,

167 1226 215 1256 ut
249 1230 322 1256 eos
358 1216 473 1257 affici
512 1217 640 1257 vellet
672 1228 840 1259 orator:
872 1217 1041 1272 TOquocl
1077 1217 1180 1257 item
1214 1216 1304 1257 fieri
1340 1215 1456 1256 nullo
1486 1216 1617 1256 modo

166 1287 307 1328 posse,
327 1273 406 1314 nisi
427 1284 711 1329 cognosceret
733 1275 782 1327 is,
806 1275 878 1330 qui
902 1275 1078 1325 diceret,
1101 1283 1208 1330 quot
1226 1273 1366 1314 modis
1390 1273 1617 1314 hominum

166 1340 347 1381 mentes,
377 1340 420 1371 et
438 1331 595 1386 quibus
617 1333 758 1384 rebUS,
790 1343 833 1373 et
854 1348 941 1388 quo
965 1347 1121 1388 genere
1144 1331 1351 1373 orationis
1388 1332 1429 1372 in
1466 1346 1617 1386 quam-

167 1402 250 1443 que
270 1398 435 1444 partem
466 1400 766 1432 moverentur:
799 1390 894 1431 haec
915 1402 1059 1431 autem
1093 1404 1184 1430 esse
1206 1390 1377 1446 penitus
1401 1389 1443 1429 in
1476 1389 1618 1429 media.

166 1445 445 1502 philosophia
477 1456 641 1487 retrusa
673 1458 803 1504 atque
836 1448 1002 1500 abdita3
1036 1451 1187 1504 quuae
1228 1447 1299 1487 isti
1334 1446 1525 1487 rhetores
1563 1460 1617 1487 ne

165 1503 427 1558 primoribus
449 1504 623 1559 quidem
656 1504 786 1546 labris
813 1506 1074 1562 attigissent.
1137 1504 1200 1545 Ea
1230 1504 1517 1545 Menedemus
1539 1517 1679 1552 (εχ-33

164 1560 318 1617 emplis
355 1562 509 1617 magiS,
539 1577 669 1618 quam
697 1564 978 1619 argumentis,
1010 1563 1249 1604 conabatur
1282 1562 1486 1602 refellere.
1526 1576 1616 1602 me-

166 1619 345 1659 moriter
381 1620 496 1660 enim
528 1620 665 1660 inulta
698 1635 753 1661 ex
776 1621 1046 1662 orationibus
1080 1620 1388 1661 Demosthenis
1413 1619 1618 1675 praeclare

167 1676 329 1731 scripta
365 1678 664 1732 pronuntians,
696 1679 937 1730 ⁷2dicebat,
971 1679 1089 1719 illum
1130 1679 1171 1719 iu
1210 1678 1365 1719 animis
1406 1677 1470 1717 vel
1497 1676 1619 1732 judi-

166 1747 281 1785 cum,
313 1734 380 1774 vel
411 1734 577 1790 populi,
610 1736 653 1776 in
686 1750 860 1778 omnem
889 1747 1057 1792 partem
1085 1736 1270 1777 dicendo
1301 1734 1619 1790 permovendis,

167 1804 255 1831 non
296 1789 427 1831 fuisse
462 1792 676 1847 ignarum,
708 1794 865 1848 quibus
897 1809 947 1834 ea
979 1795 1105 1835 rebus
1138 1802 1487 1848 consequeretur,
1519 1807 1617 1847 quae

167 1858 347 1904 negaret
368 1848 437 1889 ille
454 1849 546 1890 sine
566 1850 841 1907 philosophia
859 1866 1118 1906 quemquam
1140 1851 1246 1891 scire
1271 1864 1408 1906 posse.
1442 1853 1481 1883 73
1498 1849 1616 1891 Huic
1633 1847 1703 1896 20

167 1904 237 1946 ille
274 1906 577 1961 respondebat,
608 1922 696 1948 non
730 1923 774 1949 se
808 1924 979 1964 negare,
1016 1908 1358 1949 Demosthenem
1401 1922 1678 1958 summam89

166 1962 456 2018 prudentiam,
488 1979 787 2020 summamque
826 1967 912 2007 vim
946 1967 1146 2007 habuisse
1183 1965 1380 2007 dicendi:
1414 1965 1486 2005 sed
1526 1965 1617 2007 sive

166 2019 237 2061 ille
259 2019 343 2061 hoc
365 2021 542 2078 ingenio
566 2023 793 2078 potuisset,
825 2024 928 2074 sive,
951 2025 994 2064 id
1017 2024 1133 2078 quod
1155 2031 1387 2074 constaret,
1423 2022 1617 2064 Platonis

167 2077 383 2118 studiosus
424 2079 626 2121 audiendi
668 2080 844 2133 fuisset3
889 2096 992 2132 non,
1036 2081 1139 2136 quid
1180 2081 1248 2122 ille
1283 2080 1511 2137 potuisset,
1542 2079 1617 2122 sed

166 2135 269 2191 quid
293 2136 364 2177 isti
390 2136 610 2189 docerent,
641 2152 732 2179 esse
765 2139 1062 2195 quaerendum.
1124 2139 1251 2195 Saepe
1279 2139 1410 2179 etiam
1443 2138 1488 2179 in
1521 2152 1615 2179 eam
1629 2149 1681 2186 90

168 2202 333 2249 partem
369 2193 587 2235 ferebatur
625 2197 834 2247 oratione,
867 2207 914 2237 ut
946 2197 1140 2247 omnino,
1171 2197 1426 2253 disputaret,
1457 2196 1620 2237 nullam

167 2259 304 2292 artem
327 2266 418 2292 esse
439 2252 637 2295 dicendi:
669 2253 799 2309 idque
831 2269 930 2295 cum
961 2255 1227 2310 argumentis
1249 2254 1470 2304 docuerat,
1500 2254 1618 2309 quod

167 2307 230 2349 ita
248 2309 336 2349 nati
359 2323 562 2361 essemus,
586 2321 633 2351 ut
655 2320 698 2351 et
723 2312 920 2362 blandiri,
951 2322 994 2352 et
1021 2312 1274 2368 suppliciter
1305 2312 1523 2352 insinuare
1553 2312 1662 2362 iis,b,

170 2380 196 2407 a
230 2366 387 2422 quibus
419 2377 532 2408 esset
564 2369 814 2424 petendum,
836 2381 880 2410 et
911 2369 1176 2411 adversarios
1204 2369 1430 2411 minaciter
1464 2379 1621 2411 terrere

213 2515 254 2546 70
277 2513 376 2554 ‚Quod
388 2513 491 2554 item]
529 2514 589 2545 Ed.
603 2514 658 2546 W.
671 2515 760 2556 Lips.
775 2515 876 2547 habet
919 2515 1138 2548 docta—mox
1160 2517 1218 2547 ille
1242 2517 1305 2549 int.
1343 2517 1382 2549 de
1410 2519 1481 2558 ipso
1508 2517 1627 2549 Mene-

169 2555 269 2591 idem,
292 2556 378 2594 qnod
390 2565 433 2587 ex
457 2557 529 2588 aliis
551 2559 697 2598 reposuit
712 2559 874 2589 Pearcius.
918 2558 1027 2589 demo.

172 2597 204 2627 Si
217 2597 294 2627 item
306 2599 484 2638 accipimus
490 2601 635 2639 pariter,
648 2611 761 2631 sensus
774 2601 877 2632 etiam
962 2603 1002 2634 73
1028 2600 1118 2631 Huic
1126 2601 1182 2631 ille
1196 2602 1358 2642 respond]
1376 2603 1440 2634 int.
1458 2602 1624 2634 Charma-

170 2639 290 2670 melior
304 2645 366 2676 est,
379 2651 477 2680 quam
493 2643 520 2672 si
537 2643 620 2673 idem
636 2654 749 2674 verum
763 2647 824 2674 est.
919 2643 989 2673 das.
1034 2643 1097 2673 Sed
1109 2642 1141 2673 id
1155 2644 1211 2674 ille
1225 2654 1293 2675 non
1308 2650 1357 2675 est
1372 2647 1406 2676 in
1422 2646 1493 2676 edd.
1516 2650 1624 2686 poste.

213 2684 251 2715 71
277 2681 361 2723 ‚Quoe
386 2685 440 2714 isti
464 2685 532 2725 rh]
580 2686 756 2717 VValkerus
778 2686 818 2716 V.
844 2685 876 2715 d.
920 2686 1071 2722 rioribus,
1097 2687 1219 2716 namin
1234 2693 1330 2718 textu
1346 2688 1464 2719 Aldino
1480 2689 1546 2718 sive
1567 2699 1625 2719 ex-

174 2725 316 2762 conjeeit
338 2735 456 2764 quanm
471 2727 576 2764 «bene,
600 2734 638 2759 ut
663 2734 763 2770 puto;
786 2733 822 2760 et
844 2728 878 2758 id
919 2727 1056 2765 ciderat,
1070 2728 1155 2759 forte
1171 2735 1304 2770 propter
1319 2731 1470 2762 viciniam
1488 2731 1624 2762 alterius

177 2771 351 2797 contextus
364 2768 459 2799 facile
473 2768 579 2801 docet.
919 2771 987 2807 ille,
1011 2771 1076 2801 sive
1103 2776 1238 2803 auctore
1265 2773 1329 2804 Ms.
1361 2773 1506 2805 deletum
1540 2778 1624 2804 erat.

218 2811 259 2842 72
282 2808 434 2847 Dicebat,
456 2812 577 2852 illum]
625 2812 688 2843 Pro
713 2812 802 2852 vulg.
824 2813 878 2842 do.
919 2813 1007 2843 Nam
1033 2817 1067 2844 et
1091 2824 1110 2844 a
1133 2813 1201 2846 Ms.
1225 2815 1265 2847 E.
1279 2816 1384 2848 abest.
1427 2816 1522 2848 ldem
1548 2825 1626 2850 mox

177 2851 281 2888 what,
296 2856 335 2882 ut
350 2861 462 2893 supra:
486 2855 531 2885 sic
545 2855 595 2885 ed.
610 2865 634 2885 s.
649 2855 676 2887 l.
691 2861 725 2886 et
741 2866 768 2886 a.
783 2862 817 2886 et
831 2855 878 2886 sic
919 2865 984 2886 non
998 2865 1144 2896 negasse.

177 2898 365 2927 correxerat
385 2895 421 2926 in
443 2896 594 2939 exemplo
619 2898 670 2930 ed.
691 2898 747 2930 W.
760 2908 879 2930 manus

864 2946 944 2984 RS
