1945 3235
355 167 428 205 17⁶
830 164 909 202 DE
934 163 1311 203 INVENTIONE

353 267 540 318 cuniam,
565 266 705 309 fratris
735 278 810 309 ant
840 269 967 310 amici
998 270 1098 319 vita,
1129 277 1204 310 aut
1233 269 1415 324 denique
1445 266 1640 308 2⁵0fficio
1670 265 1779 308 anti-

354 324 562 378 quiorem,
585 334 659 366 aut
681 326 933 376 suaviorem,
949 341 1033 366 non
1052 326 1133 366 erit
1155 325 1237 367 hoc
1259 324 1497 368 accusatori
1520 324 1778 380 negandum.

352 395 454 422 nam
483 382 527 422 in
559 397 655 423 eum
676 383 814 439 culpa,
837 393 881 424 et
909 397 1123 423 summum
1145 383 1292 423 odium
1316 381 1604 431 transferetur,
1625 380 1699 435 qui
1722 381 1786 432 id,

353 438 469 492 quod
495 448 580 480 tam
604 454 700 480 vere
719 450 761 480 et
784 441 853 495 pie
875 440 1055 489 dicetur,
1077 440 1268 495 negabit.
1329 440 1488 480 Verum
1511 437 1613 478 illud
1635 437 1780 479 dicen-

352 496 455 537 dum
478 496 571 546 erit,
592 497 649 537 illi
673 511 758 537 non
781 511 871 537 esse
901 497 961 536 ita
980 497 1142 538 visum:
1177 497 1288 552 quod
1314 497 1422 537 sumi
1445 502 1616 551 oportet
1637 508 1691 535 ex
1714 495 1780 545 iis,

353 568 449 607 quae
488 553 540 594 ad
576 568 797 609 personam
833 553 1059 609 pertinent,
1093 554 1146 596 de
1185 569 1270 609 quo
1306 563 1404 610 post
1441 551 1671 594 dicendum
1700 561 1778 592 est.

355 608 545 651 Eventus
578 620 719 651 autem
754 620 845 650 turn
875 609 998 661 fallit,
1015 625 1119 652 cum
1151 610 1272 652 aliter
1292 610 1466 660 accidit,
1488 618 1616 663 atque
1637 607 1683 659 ii,
1704 607 1778 664 qui

288 666 338 700 23
353 677 605 722 arguuntur,
644 667 839 708 arbitrati
878 681 968 708 esse
1008 667 1231 709 dicuntur:
1278 677 1336 718 ut,
1375 669 1415 699 <26
1429 668 1462 707 si
1497 665 1570 721 qui
1612 664 1779 706 dicatur

351 725 482 766 alium
505 723 727 775 occidisse,
750 739 799 765 ae
830 723 1025 775 voluerit,
1048 725 1162 780 quod
1194 734 1268 766 aut
1298 723 1591 774 similitudine,
1613 730 1687 763 aut
1709 736 1778 763 su-

351 781 559 837 spicione,
590 790 664 821 aut
696 781 1061 822 demonstratione
1091 782 1197 823 falsa
1224 783 1428 839 deceptus
1462 781 1542 822 sit:
1573 788 1648 820 aut
1679 793 1777 820 eum

348 852 535 888 necasse,
571 837 692 893 cujus
723 846 979 890 testamento
1012 852 1099 880 non
1129 840 1185 880 sit
1218 839 1353 891 heres,
1379 838 1494 894 quod
1525 836 1616 892 ejus
1649 845 1777 877 testa-

346 904 493 935 mento
533 909 576 936 se
603 895 803 936 heredem
841 896 1071 937 arbitratus
1106 897 1175 937 sit.
1246 897 1347 938 Non
1377 896 1490 936 enim
1525 909 1580 935 ex
1619 902 1776 934 eventu

346 951 657 1007 cogitationem
688 953 920 1008 27specta1·i
963 962 1183 1008 oportere;
1214 954 1285 994 sed
1318 968 1404 1009 qua
1438 951 1703 1008 cogitatione
1733 961 1776 992 et

347 1023 421 1064 spe
440 1008 490 1049 ad
511 1009 770 1050 maleficium
795 1008 1013 1065 profectus
1036 1010 1106 1060 sit,
1128 1010 1419 1061 considerare;
1449 1020 1492 1051 et
1523 1023 1607 1063 quo
1629 1007 1774 1049 animo

346 1066 449 1120 quid
471 1065 651 1122 quisque
671 1066 815 1118 faciat,
837 1080 923 1108 non
946 1081 1032 1122 quo
1054 1081 1153 1107 casu
1186 1076 1344 1118 utatur,
1367 1067 1419 1107 ad
1441 1081 1530 1107 rem
1547 1065 1772 1121 pertinere.

283 1122 505 1168 24111lioe
536 1133 680 1165 autem
709 1123 820 1174 loeo,
849 1133 980 1180 caput
1011 1124 1114 1165 illud
1144 1125 1225 1165 erit
1255 1123 1508 1174 accusatori,
1541 1122 1576 1162 si
1597 1122 1774 1163 demon-

348 1191 480 1221 strare
513 1181 686 1237 poterit,
719 1180 791 1222 alii
825 1181 986 1222 nemini
1019 1196 1191 1222 causam
1224 1180 1355 1222 fuisse
1384 1179 1592 1222 faciendi:
1623 1193 1774 1220 secun-

347 1238 528 1288 darium,
559 1238 591 1279 si
628 1246 806 1290 tantam,
836 1247 911 1279 aut
944 1247 1031 1279 tam
1066 1239 1263 1279 idoneam
1297 1238 1474 1279 nemini.
1534 1235 1610 1277 Sin
1644 1235 1777 1276 fuisset

344 1295 436 1336 aliis
459 1310 630 1350 quoque
651 1310 780 1336 causa
810 1294 994 1336 faciendi
1018 1296 1254 1347 videbitur3
1285 1305 1357 1336 aut
1380 1304 1568 1352 potestas
1589 1292 1681 1333 aliis
1700 1293 1772 1334 de-

345 1352 475 1393 fuisse
487 1351 817 1393 demonstranda
835 1361 913 1404 est,
931 1360 1005 1394 aut
1022 1352 1217 1403 faculam,
1229 1362 1305 1394 aut
1318 1353 1528 1393 voluntas.
1561 1350 1772 1400 Potestas,

346 1409 380 1449 si
403 1418 478 1450 aut
510 1410 706 1460 nescisse,
729 1418 804 1450 aut
832 1424 919 1450 non
952 1409 1139 1460 affuisse,
1169 1420 1244 1450 aut
1272 1410 1482 1450 conficere
1504 1407 1663 1463 aliquid
1686 1422 1772 1448 non

343 1467 535 1523 potuisse
556 1467 736 1508 dicetur.
798 1466 1010 1518 Facultas,
1033 1466 1065 1507 si
1100 1467 1224 1518 ratio,
1246 1466 1478 1522 adjutores,
1508 1464 1770 1520 adjumenta,

234 1551 265 1581 l·-
279 1541 330 1571 65.
344 1532 388 1564 et
409 1534 563 1574 cetera,
585 1539 681 1579 quae.
701 1523 753 1565 ad
776 1539 863 1565 rem
887 1526 926 1555 28
937 1524 1226 1580 pertinebunt,
1240 1524 1425 1565 defuisse
1446 1523 1572 1564 alicui
1595 1522 1771 1562 demon-

301 1594 330 1615 a.
348 1582 611 1622 strabuntur.
672 1579 897 1632 Voluntas,
920 1582 953 1622 si
976 1582 1142 1622 animus
1163 1596 1190 1622 a
1210 1581 1364 1622 talibus
1387 1580 1512 1622 factis
1532 1594 1705 1630 vacuuS,
1728 1589 1771 1620 et

342 1638 508 1694 integer
520 1653 611 1679 esse
624 1638 804 1680 dicetur.
828 1637 1069 1689 Postremo,
1082 1653 1186 1694 quas
1201 1638 1252 1679 ad
1275 1638 1565 1680 defensionem
1585 1636 1770 1677 rationes

341 1710 413 1736 reo
451 1695 664 1746 dabimus,
698 1696 749 1736 iis
780 1706 1002 1737 accusator
1031 1696 1085 1737 ad
1122 1695 1228 1736 alios
1260 1710 1314 1736 ex
1353 1695 1481 1751 eulpa
1519 1693 1770 1734 eximendos

341 1753 556 1794 abutetur.
615 1753 773 1794 Verum
799 1753 841 1794 id
861 1753 980 1794 brevi
993 1752 1237 1794 faciendum
1255 1763 1334 1804 est,
1355 1762 1398 1793 et
1416 1753 1460 1793 in
1482 1765 1615 1792 unum
1636 1750 1772 1792 multa

342 1819 441 1850 sunt
461 1810 756 1862 conducenda,
787 1821 835 1852 ut
856 1825 909 1851 ne
935 1810 1108 1851 alterius
1137 1809 1394 1851 defendendi
1414 1822 1543 1851 eausa
1563 1808 1678 1849 hune
1699 1823 1770 1849 ae-

340 1881 502 1919 eusare,
525 1868 597 1909 sed
618 1867 748 1923 liujus
769 1867 999 1909 accusandi
1021 1883 1150 1908 causa
1177 1867 1404 1909 defendere
1425 1866 1605 1908 alterum
1626 1865 1770 1906 videa-

296 1925 423 1972 8tur.
481 1923 626 1981 Atque
647 1925 885 1966 accusatori
915 1924 1088 1982 quidem
1118 1924 1213 1967 haec
1243 1923 1332 1965 fere
1361 1934 1460 1965 sunt
1490 1924 1534 1965 in
1555 1938 1684 1964 causa
1705 1921 1768 1963 fa-

279 1996 328 2029 §25
342 1982 506 2033 cienda,
548 1991 592 2023 et
632 1981 955 2024 consideranda.
1017 1981 1231 2023 Defensor
1271 1991 1415 2023 autem
1455 1995 1509 2022 ex
1551 1979 1766 2022 contrario

341 2040 527 2095 primum
551 2039 852 2095 impulsionem
876 2048 950 2080 aut
968 2038 1127 2080 nullam
1149 2038 1280 2080 fuisse
1302 2039 1430 2090 dicet,
1460 2046 1548 2090 aut,
1570 2038 1604 2077 si
1635 2037 1769 2077 fuisse

340 2097 564 2147 concedet,
585 2096 854 2148 extenuabit,
885 2105 929 2138 et
957 2095 1178 2153 parvulam
1199 2095 1413 2151 quandam
1434 2094 1565 2136 fuisse
1589 2094 1766 2135 demon-

377 2239 417 2269 25
437 2238 550 2278 Officio
566 2237 807 2279 antiquiorem]
826 2236 940 2270 Delevi
959 2247 1027 2273 suo,
1071 2236 1151 2268 Mox
1195 2241 1269 2278 post
1301 2238 1493 2277 cogitatione
1535 2236 1658 2270 addunt
1691 2235 1767 2267 libri

336 2280 422 2318 quod
435 2288 468 2310 et
483 2291 541 2310 sua
554 2287 670 2320 sponte
690 2280 843 2311 vitiosum
864 2286 927 2316 est,
947 2285 981 2310 et
996 2281 1031 2310 in

337 2322 400 2352 Ms.
416 2322 505 2352 (lass.
524 2328 573 2353 est
588 2323 675 2353 inter
688 2331 810 2359 versus,
826 2332 893 2353 nou
912 2323 947 2352 in
961 2328 1030 2353 tex-

336 2370 385 2394 tu.
429 2365 542 2395 Sermo
557 2370 605 2394 est
621 2364 659 2394 de
675 2374 791 2404 genere
807 2366 840 2395 in
855 2364 927 2395 loco
943 2374 1031 2395 conl-

337 2407 444 2437 mnni:
469 2414 503 2437 et
524 2417 562 2437 ea
583 2407 688 2437 oratio
711 2416 779 2439 non
800 2407 897 2438 debet
922 2416 1029 2448 repre-

335 2448 442 2479 hendi.
458 2450 514 2479 &a

377 2491 417 2521 96
441 2492 479 2520 Si
499 2492 555 2532 qui
581 2490 736 2531 dicatur]
762 2491 814 2521 Sic
837 2491 916 2523 Mss.
943 2490 1030 2521 Ond.

335 2531 454 2571 plura-3
471 2535 574 2564 nostri
590 2543 715 2569 omnm,
730 2538 764 2563 et
787 2532 857 2563 edd.
880 2544 928 2574 pr.
953 2539 1031 2565 ante

334 2575 406 2604 ΑΜ.
430 2585 496 2604 non
517 2578 544 2605 si
567 2577 647 2615 quis.
691 2575 735 2606 Et
751 2576 795 2606 sic
814 2585 913 2616 supra
934 2585 1029 2616 saepe.

333 2617 432 2653 Ante,
447 2627 504 2656 pro
516 2617 683 2656 dicuntur,
697 2617 824 2648 videtur
836 2628 903 2650 esse
915 2618 1030 2650 debere

333 2660 497 2689 dicantur.

376 2703 414 2734 27
440 2701 588 2740 Spectari
627 2701 796 2741 opertere]
837 2701 901 2733 ΜΞ.
936 2702 1025 2733 Cass.

332 2742 432 2773 habet
447 2748 578 2782 oportet,
594 2753 790 2782 quamquam
805 2754 824 2774 a
837 2755 881 2775 m.
902 2754 927 2774 s.
941 2743 1027 2784 quod

332 2785 425 2815 nobis
452 2785 569 2825 placet.
615 2786 701 2815 Nam
730 2787 793 2817 ista
819 2796 886 2816 non
914 2792 983 2817 'tam
1009 2798 1026 2816 e

333 2837 470 2867 persona
505 2828 701 2857 accusatoris
739 2827 906 2864 dicuntur,
934 2830 1028 2868 eujus

332 2869 385 2899 hic
401 2869 492 2899 nulla
512 2869 637 2900 mentio
652 2875 714 2909 est,
734 2880 833 2908 quani
849 2871 1024 2901 Ciceronis.

331 2911 394 2942 Sed
404 2912 449 2942 ita
461 2912 561 2948 etiarn
575 2919 649 2952 post
660 2921 727 2943 esse
740 2912 1025 2953 debcbitpertinet.

1072 2280 1171 2310 multi
1185 2290 1246 2310 ser.
1270 2285 1305 2310 et
1322 2280 1394 2312 edd.
1410 2281 1558 2312 animus,-
1583 2283 1767 2319 eomparat—

1073 2331 1135 2362 que
1149 2321 1398 2363 Oudendorpius
1410 2322 1503 2359 illud,
1519 2322 1649 2352 animus
1662 2330 1766 2352 acces-

1072 2365 1163 2401 serit,
1179 2364 1217 2395 de
1232 2376 1296 2404 quo
1311 2369 1388 2395 ante
1407 2365 1564 2395 vidimus:
1586 2367 1621 2393 et
1637 2363 1766 2393 variant

1071 2416 1199 2447 quoque
1214 2407 1299 2438 libri.
1314 2416 1389 2437 nam
1403 2407 1548 2447 quidam,
1561 2410 1595 2435 et
1608 2405 1657 2436 ed.
1669 2406 1765 2436 Jnnt.

1072 2449 1196 2480 habent
1209 2451 1318 2480 animo
1326 2463 1336 2483 ,·
1353 2450 1437 2488 quod
1452 2461 1469 2480 e
1481 2448 1688 2487 sequentibus
1700 2446 1765 2479 huc

1072 2495 1217 2522 tractum
1244 2502 1312 2522 esse
1339 2491 1464 2522 clarum
1491 2495 1552 2521 est.
1609 2490 1766 2521 Ceterum

1072 2533 1149 2572 quia
1161 2535 1363 2565 considerare
1377 2533 1496 2574 pendet
1509 2533 1549 2562 ab
1562 2536 1717 2571 oportere,
1731 2537 1766 2563 et

1073 2575 1134 2606 hoc
1160 2581 1270 2607 totum
1295 2576 1351 2609 sed
1373 2574 1693 2616 qua—considerare,
1718 2585 1766 2605 re-

1073 2618 1211 2658 spondet
1225 2629 1242 2649 e
1257 2618 1421 2649 contrario
1439 2617 1550 2659 priori,
1569 2615 1698 2646 videtur
1716 2626 1765 2646 re-

1073 2660 1157 2690 ctius
1167 2661 1375 2697 considerari,
1385 2664 1442 2690 aut
1454 2664 1530 2690 anre
1536 2663 1694 2698 spectare:
1710 2658 1766 2688 sed

1069 2703 1102 2733 in
1116 2703 1178 2732 Gu.
1191 2705 1220 2734 52.
1234 2703 1298 2733 fuit
1309 2703 1506 2733 considerari
1518 2712 1539 2732 a
1551 2711 1595 2731 m.
1610 2710 1659 2740 pr.

1112 2747 1150 2775 98
1175 2744 1417 2784 pertinebunt]
1469 2745 1520 2774 An
1557 2742 1765 2782 pertinebant

1069 2787 1344 2826 autpertinerent.
1368 2787 1474 2817 Sehol.
1488 2786 1552 2816 Ms.
1563 2784 1651 2815 Leid.
1661 2784 1765 2825 perti—

1070 2833 1158 2865 nent,
1174 2829 1259 2868 quod
1273 2840 1312 2860 ex
1327 2840 1364 2860 eo
1379 2830 1455 2860 oriri
1474 2828 1582 2869 potuit
1597 2837 1654 2868 per
1675 2836 1764 2858 coiu-

1070 2871 1235 2912 pendium,
1666 2883 1675 2887 -
