1945 3235
544 137 726 177 LIBER
760 135 1089 174 SECUNDUS.
1467 135 1538 169 185

108 251 151 282 et
173 242 255 285 hoc
277 258 448 299 quoque
471 242 704 292 admisisse,
724 250 767 282 et
783 255 872 281 non
890 253 980 280 esse
997 236 1216 292 ejusdem:
1240 236 1427 277 maxime
1447 250 1540 291 spe-

108 302 213 340 ctari
237 316 410 342 causam
431 308 642 355 oportere,
664 308 708 338 et
737 313 825 338 non
847 305 1059 351 oportere.
1119 292 1263 347 Atque
1285 294 1330 333 hi
1352 293 1540 347 quidem,

106 366 150 396 et
169 358 203 398 si
225 359 298 413 qui
321 356 531 412 ejusmodi
549 371 604 397 ex
625 355 799 411 proprio
821 360 1076 409 argumento
1095 364 1344 391 communes
1366 350 1448 389 loci
1467 364 1541 389 na-

107 424 292 466 scentur,
314 415 409 454 65in
434 414 668 453 contrarias
699 421 840 468 partes
870 410 1149 451 deducentur.
1210 406 1364 447 Certus
1399 416 1540 446 autem
1555 409 1599 441 51

108 470 226 513 locus
249 481 313 513 est
334 470 608 520 accusatoris,
630 483 706 526 per
725 483 855 523 quem
885 475 1015 523 auget
1040 464 1145 506 facti
1177 464 1470 509 atrocitatein;
1502 473 1545 502 et

109 528 227 579 alter,
258 543 332 585 per
361 541 488 582 quem
522 537 652 581 negat
684 525 894 566 malorum
923 523 1114 564 misereri
1145 530 1367 577 oportere:
1399 520 1545 560 det'en-

110 587 231 636 soris,
272 599 346 641 per
383 597 511 639 quem
543 583 759 624 calumnia
791 591 1088 623 accusatorum
1122 593 1221 620 cum
1251 577 1550 633 indignatione

111 643 374 691 ostenditur3
405 650 449 681 et
471 655 546 696 per
567 655 695 695 quem
717 654 816 680 cum
835 637 1144 694 conquestione
1166 634 1460 676 misericordia
1481 648 1551 674 ca-

113 709 272 755 ptatur.
334 697 410 749 Hi,
449 708 491 739 et
523 698 652 738 ceteri
697 712 845 738 omnes
884 696 966 737 loci
1007 708 1272 744 communes,
1311 707 1366 733 ex
1400 691 1551 732 iisdem

114 755 341 812 praeceptis
381 765 621 805 sumuntur,
654 755 810 810 quibus
841 763 994 794 ceterae
1028 751 1447 807 argumentationes:
1481 747 1555 789 sed

115 813 198 854 illae
230 812 413 863 tenuius,
444 822 488 853 et
517 812 700 863 acutius,
734 821 777 852 et
811 810 1008 851 subtilius
1037 817 1301 860 tractantur3
1333 807 1377 847 hi
1411 815 1554 847 autem

115 871 300 926 graviuS,
335 879 377 909 et
410 870 617 920 ornatius,
650 879 694 910 et
727 884 826 910 cum
858 868 1013 917 verbis,
1047 875 1138 906 tum
1168 865 1299 906 etiam
1333 863 1555 904 sententiis

116 926 440 968 excellentibus.
476 927 518 967 in
558 927 639 967 illis
670 927 785 968 enim
824 925 922 965 finis
955 934 1034 974 est,
1066 933 1113 964 ut
1146 922 1204 974 id,
1234 922 1349 977 quod
1382 921 1555 971 dicitur,

118 998 264 1025 verum
303 998 392 1024 esse
428 984 645 1025 videatur:
679 983 723 1024 in
763 983 842 1033 his,
882 981 1052 1022 tametsi
1096 980 1178 1021 hoc
1219 992 1390 1035 quoque
1421 978 1556 1019 videri

118 1051 303 1096 oportet,
327 1051 470 1081 tamen
493 1041 589 1081 finis
612 1050 675 1082 est
698 1039 951 1096 amplitudo,
1013 1038 1142 1081 Nunc
1173 1038 1226 1078 ad
1248 1037 1376 1078 aliam
1397 1036 1558 1077 consti-

117 1098 331 1139 tutionem
355 1108 632 1139 transeamus

179 1155 292 1196 Cum
332 1164 396 1196 est
434 1156 620 1197 nominis
654 1154 960 1204 controversia,
994 1153 1095 1209 quia
1126 1153 1189 1194 vis
1221 1152 1419 1193 vocabuli
1452 1148 1642 1203 defi-17

123 1212 281 1253 nienda
304 1213 442 1253 verbis
465 1221 543 1263 est,
565 1212 819 1254 constitutio
843 1211 1066 1252 definitiva
1087 1210 1258 1251 dicitur.
1302 1209 1408 1264 Ejus
1432 1222 1559 1265 gene·
1573 1219 1621 1254 52

120 1270 177 1310 ris
208 1270 408 1325 exemplo
439 1270 564 1310 nobis
594 1270 735 1325 posita
767 1269 823 1309 sit
854 1268 948 1310 haec
980 1283 1132 1309 causa:
1166 1267 1218 1308 C.
1243 1266 1478 1307 Flaminius
1512 1265 1562 1316 is,

70 1371 76 1376 ,
123 1326 197 1382 qui
220 1327 368 1367 consul
398 1328 707 1382 rempublicam
732 1326 840 1367 male
872 1325 1004 1381 gessit
1035 1325 1146 1366 bello
1172 1324 1338 1365 Punico
1362 1323 1565 1373 secundo,

124 1399 224 1425 cum
256 1384 451 1424 tribunus
483 1384 620 1439 piebis
643 1392 769 1434 esset,
792 1384 930 1424 invito
955 1391 1119 1433 senatu,
1142 1392 1185 1422 et
1215 1380 1392 1422 omnino
1415 1390 1570 1422 contra

124 1441 388 1482 voluntatem
419 1442 613 1482 omnium
643 1441 918 1497 optimatum,
953 1454 1027 1496 per
1057 1439 1313 1481 seditionem
1343 1439 1395 1479 ad
1430 1453 1568 1494 popu-

123 1498 211 1539 lum
242 1497 380 1554 legem
411 1499 623 1554 agrariam
655 1499 835 1539 ferebat.
897 1497 1030 1539 Hunc
1062 1506 1183 1553 pater
1213 1511 1312 1537 suus
1335 1495 1567 1538 concilium

124 1555 261 1611 plebis
294 1556 526 1600 habentem
548 1557 601 1597 de
631 1555 793 1611 templo
817 1555 1023 1596 deduxit:
1057 1554 1284 1595 arcessitur
1314 1553 1567 1608 majestatis.

125 1612 318 1653 Intentio
349 1623 427 1664 est,
465 1613 745 1668 Majestatem
780 1613 989 1663 minuisti,
1025 1612 1138 1667 quod
1176 1611 1396 1652 tribunum
1432 1609 1569 1665 plebis

127 1670 180 1711 de
202 1670 363 1726 templo
386 1670 619 1711 deduxisti.
664 1669 874 1726 Depulsio
896 1679 974 1722 est,
1000 1670 1101 1710 Non
1123 1668 1260 1709 minui
1285 1668 1570 1723 majestatem.

132 1728 332 1774 Quaestio
350 1736 429 1778 est,
450 1727 786 1783 Majestatemne
807 1727 1026 1768 minuerit.
1060 1726 1208 1778 Ratio,
1231 1726 1275 1766 in
1298 1725 1434 1766 filium
1456 1725 1571 1765 enim
1583 1731 1615 1761 b.

127 1799 257 1840 quam
288 1784 502 1825 habebam
533 1794 806 1841 potestatem,
836 1799 887 1825 ea
916 1799 1016 1825 usus
1051 1799 1159 1824 sum.
1222 1783 1422 1824 Rationis
1454 1781 1573 1822 infir-

129 1842 290 1893 mati03
321 1852 366 1881 at
403 1842 532 1893 enim,
571 1842 699 1897 66qui
739 1842 878 1897 patria
916 1850 1129 1897 potestate
1172 1840 1255 1881 hoc
1294 1849 1372 1891 est,
1406 1839 1575 1896 privata

129 1899 354 1954 [quadam]
386 1899 663 1940 tribuniciam
697 1899 995 1955 [potestatem]
1031 1898 1116 1939 hoc
1153 1907 1231 1948 est,
1269 1897 1419 1953 populi
1453 1906 1576 1952 pote-

132 1965 288 1997 statem
311 1956 515 2007 infirmat‚
538 1956 696 1997 minuit
725 1957 760 1996 is
783 1956 1069 2011 majestatem.
1129 1954 1351 1997 Judicatio
1374 1963 1462 1995 est:
1497 1955 1576 1994 mi-

130 2023 291 2054 nuatne
311 2013 344 2053 is
368 2012 652 2068 majestatem,
675 2014 749 2068 qui
773 2013 816 2053 in
840 2012 1117 2054 tribuniciam
1148 2021 1407 2068 potestatem
1437 2012 1578 2067 patria

135 2080 350 2126 potestate
377 2080 536 2111 utatur.
597 2070 667 2111 Ad
699 2071 809 2111 hanc
833 2069 1151 2125 judicationem
1182 2069 1576 2125 argumentationes

133 2142 282 2169 omnes
304 2127 445 2168 afferri
468 2127 702 2183 oportebit.

193 2184 259 2226 Ac
291 2199 342 2225 ne
372 2186 467 2240 quis
499 2186 610 2226 forte
647 2185 892 2237 arbitretur,
928 2199 1006 2225 nos
1045 2199 1132 2226 non
1165 2184 1418 2240 intelligere,
1451 2185 1576 2226 aliam
1592 2197 1640 2231 53

135 2257 308 2297 quoque
339 2242 528 2283 incidere
555 2243 912 2284 constitutionem
944 2243 987 2282 in
1020 2241 1131 2282 hanc
1153 2256 1351 2293 causan13
1383 2256 1478 2282 eam
1502 2258 1579 2283 nos

136 2310 303 2355 partem
323 2300 457 2340 solam
480 2300 702 2350 sumimus,
722 2300 766 2340 in
785 2315 914 2355 quam
934 2309 1153 2355 praecepta
1170 2300 1296 2340 nobis
1314 2299 1456 2340 danda
1469 2310 1582 2341 sunt.

140 2356 356 2397 Omnibus
375 2366 519 2398 autem
540 2358 732 2412 partibus
753 2357 835 2398 hoc
855 2358 899 2398 in
918 2357 1028 2397 libro
1048 2356 1290 2412 explicatiS,
1309 2356 1451 2411 quivis
1465 2358 1584 2398 omni

138 2411 184 2457 in
215 2429 358 2465 causa,
390 2414 424 2454 si
455 2414 686 2469 diligenter
716 2415 923 2465 attendet,
947 2428 1095 2454 omnes
1124 2413 1287 2454 videbit
1308 2414 1584 2454 constitutio-

141 2485 229 2522 nes,
252 2482 295 2512 et
316 2486 463 2513 earum
494 2482 651 2527 partes,
673 2481 717 2512 et
740 2471 1069 2521 controversias,
1102 2470 1135 2510 si
1167 2485 1264 2525 quae
1297 2470 1408 2512 forte
1440 2472 1483 2512 in
1514 2487 1584 2512 eas

184 2616 223 2646 65
243 2617 281 2647 In
294 2618 478 2648 contrarias
487 2622 602 2657 partes
615 2618 838 2657 diducentar]
885 2617 1021 2648 tellecta
1043 2618 1239 2648 &ducentur
1256 2625 1422 2657 peperere,
1445 2613 1532 2653 quod
1554 2614 1588 2643 in

144 2658 196 2689 Sic
209 2659 417 2697 Victorinus;
434 2660 488 2690 alii
503 2661 582 2694 Mss.
595 2666 629 2690 et
641 2660 712 2690 cdd.
729 2671 776 2700 pr.
791 2661 843 2690 de·
887 2660 1027 2699 vulgatis
1040 2660 1115 2690 inde
1133 2660 1173 2690 ab
1190 2660 1272 2690 Aldo
1287 2659 1361 2689 fuit.

144 2700 319 2731 ducuntur.
353 2702 415 2731 Sed
428 2702 509 2733 illud
525 2702 640 2732 melius
655 2703 694 2732 de
709 2713 843 2733 consue·
921 2703 962 2732 65·
971 2702 1198 2743 Qctipatrz'ap.
1209 2701 1281 2740 ἃς]
1303 2701 1340 2731 ln
1355 2700 1590 2738 hocloco‚quae

144 2741 260 2772 tudine
289 2743 464 2774 Ciceronis.
510 2745 628 2775 Sensus
655 2750 723 2774 est:
747 2750 781 2776 et
806 2745 847 2775 ad
890 2745 981 2774 uncis
995 2744 1124 2780 inclusi,
1140 2745 1250 2784 spuria
1264 2750 1361 2773 sunt:
1385 2743 1501 2781 quibus
1515 2742 1591 2771 sul)-

147 2785 366 2815 accusandum
385 2790 419 2815 et
439 2787 479 2816 ad
494 2786 734 2817 defendendum
755 2787 847 2817 adhi-
890 2787 965 2816 latis
994 2787 1107 2817 omnia
1134 2787 1216 2816 bene
1250 2785 1442 2826 procedunt.
1502 2783 1590 2813 Libri

147 2826 213 2856 beri
239 2828 367 2867 copiose
389 2830 523 2858 tractati
548 2834 684 2869 possunt
694 2852 700 2859 .
740 2830 849 2859 Verba.
891 2829 983 2859 valde
993 2829 1167 2859 fluctuant.
1186 2829 1224 2859 In
1235 2828 1314 2858 Μῦς.
1328 2830 1389 2858 (iu.
1403 2829 1432 2857 ΕΞ.
1448 2835 1515 2857 non
1528 2833 1588 2856 est:

148 2868 181 2900 in
217 2870 400 2900 cmzzrarins
430 2875 543 2910 partes
578 2881 643 2901 non
679 2871 761 2902 bene
800 2872 848 2901 in<
893 2873 949 2901 [ιο-ι’
965 2875 1010 2901 est
1018 2881 1092 2911 pop.
1102 2875 1305 2911 poteslasem.
