1945 3235
679 126 864 166 LIBER
880 127 1136 172 ,PRIMUs
1553 126 1629 167 277

193 249 288 276 cam
326 233 585 291 imploravit,
621 247 748 273 nemo
790 229 1063 287 supplicavit.
1125 229 1242 276 Quid
1284 230 1446 271 multa?
1479 229 1630 285 pedem

195 306 322 334 nemo
346 294 387 333 in
412 290 665 346 illojudicio
689 289 914 345 supplosit,
946 287 1089 338 credo,
1110 302 1164 327 ne
1188 287 1345 327 Stoicis
1368 287 1630 327 renuntiare-

196 359 278 391 tur.
340 350 539 392 Imitatus
574 357 638 387 est
675 347 805 387 homo
846 346 1066 386 Romanus
1106 355 1148 385 et
1180 344 1414 385 consularis
1446 352 1628 383 veterem
1645 337 1716 386 54·

195 408 313 448 illum
353 410 586 455 Socratem,
617 405 706 459 qui,
736 418 867 458 quum
901 403 1096 443 omnium
1129 401 1468 456 sapientissimus
1505 409 1715 450 esset,231

197 466 547 518 sanctissimeque
577 462 769 511 vixisset,
803 461 864 501 ita
895 460 938 500 in
966 459 1136 515 judicio
1170 458 1325 515 capitis
1360 471 1436 512 pro
1466 471 1509 496 se
1542 457 1631 511 ipse
1644 459 1762 497 P·¹0‹'³·

193 522 321 572 dixit,
344 532 391 562 ut
411 535 498 561 non
528 518 725 574 supplex,
756 527 830 559 aut
852 532 961 568 reus,
993 516 1063 557 sed
1098 517 1318 572 magister,
1340 523 1412 554 aut
1435 510 1675 554 dominusa·

197 580 410 620 videretur
430 591 520 618 esse
535 576 749 630 judicum.
811 574 1078 624 Quinetiam,
1101 588 1234 629 quum
1256 573 1294 613 ei
1318 572 1523 626 scriptam
1542 584 1636 610 ora-

196 637 356 677 tionem
390 633 691 676 disertissimus
724 643 868 673 orator
903 632 1052 688 Lysias
1089 631 1315 680 attulisset,
1349 643 1494 683 quam,
1528 628 1562 668 si
1596 628 1636 667 ei

197 693 423 743 videretur,
454 691 675 741 edisceret,
701 699 745 730 ut
777 704 828 731 ea
859 705 936 745 pro
971 703 1014 730 se
1048 688 1091 729 in
1117 688 1287 744 judicio
1322 695 1527 735 uteretur,
1550 699 1637 725 non

197 750 357 790 invitus
381 749 500 805 legit,
523 757 566 788 et
588 748 815 789 commode
845 747 1048 803 scriptam
1079 760 1170 787 esse
1198 745 1337 786 dixit:
1371 743 1458 795 sed,
1481 743 1637 797 inquit,

195 817 258 858 ut,
277 807 310 847 si
334 806 439 847 mihi
462 805 627 847 calceos
651 805 878 860 Sicyonios
901 804 1131 854 attulisses,
1156 817 1241 843 non
1264 812 1420 851 uterer,
1441 800 1638 856 quamvis

195 872 337 905 essent
360 864 521 905 habiles
543 873 586 904 et
608 863 697 918 apti
721 863 771 903 ad
796 862 963 918 pedem,
985 862 1088 916 quia
1110 875 1194 901 non
1218 869 1359 900 essent
1381 858 1548 910 viriles,
1579 857 1639 898 sic

196 921 309 962 illam
334 921 573 962 orationem
596 921 798 961 disertam
822 919 903 959 sibi
926 929 969 960 et
990 919 1223 959 oratoriam
1249 916 1396 967 videri,
1420 916 1576 956 fortem
1597 925 1642 955 et

197 979 362 1020 virilem
386 994 470 1019 non
493 978 641 1019 videri.
705 977 821 1033 Ergo
851 976 920 1017 ille
943 990 1115 1031 quoque
1145 975 1371 1016 damnatus
1393 982 1481 1015 est:
1513 974 1553 1003 63
1568 986 1641 1012 ne-

185 1051 280 1091 -que
298 1037 434 1077 solum
458 1036 606 1092 primis
630 1035 867 1083 sententiis,
889 1035 1046 1089 quibus
1069 1042 1238 1073 tantum
1259 1032 1505 1072 statuebant
1521 1029 1641 1085 judi-

199 1108 284 1145 ces,
307 1095 573 1143 damnarent,
604 1107 657 1133 an
679 1092 964 1142 absolverent,
987 1091 1059 1131 sed
1078 1091 1207 1131 etiam
1232 1089 1328 1140 illis,
1357 1103 1462 1144 quas
1485 1088 1638 1128 iterum

198 1152 366 1208 legibus
403 1151 512 1191 ferre
540 1151 769 1191 debebant.
831 1147 935 1189 Erat
957 1148 1072 1189 enim
1104 1147 1304 1196 Athenis,
1327 1160 1398 1186 reo
1420 1146 1639 1195 damnato,
1651 1157 1727 1192 232

198 1209 234 1250 si
269 1209 382 1250 fraus
417 1207 612 1264 capitalis
649 1222 735 1248 non
769 1215 894 1257 esset,
923 1205 1096 1261 69quasi
1132 1219 1275 1261 poenae
1310 1203 1566 1244 aestimatio:
1598 1212 1642 1242 et

200 1267 411 1308 sententia
431 1281 528 1307 cum
545 1264 768 1320 judicibus
791 1264 977 1314 daretur,
1010 1263 1358 1318 interrogabatur
1379 1275 1490 1311 reus,
1513 1274 1643 1315 quam

199 1324 320 1380 quasi
355 1323 687 1364 aestimationem
718 1321 1022 1362 commeruisse
1050 1335 1094 1360 se
1122 1319 1314 1360 maxime
1341 1318 1645 1359 confiteretur:

198 1382 314 1437 quod
336 1396 433 1422 cum
454 1381 742 1435 interrogatus
767 1379 964 1419 Socrates
987 1387 1112 1429 esset,
1136 1376 1372 1433 respondit,
1393 1390 1482 1416 sese
1506 1389 1646 1415 meru-

201 1440 297 1489 isse,
323 1448 367 1479 ut
389 1437 662 1494 amplissimis
685 1436 922 1478 honoribus
945 1446 987 1476 et
1011 1436 1200 1492 praemiis
1222 1435 1509 1484 decoraretur,
1541 1441 1582 1472 et
1605 1433 1645 1472 ei

199 1497 338 1537 victus
375 1495 652 1551 quotidianus
695 1495 737 1535 in
778 1494 995 1549 Prytaneo
1037 1493 1210 1549 publice
1253 1492 1536 1547 praeberetur3
1568 1489 1641 1545 qui

199 1557 240 1588 70
254 1554 390 1594 honos
421 1553 534 1609 apud
559 1553 738 1593 Graecos
765 1552 980 1592 maximus
1008 1551 1206 1591 habetur.
1268 1548 1406 1604 Cujus
1440 1562 1643 1604 responso
1655 1560 1731 1596 233

193 1610 262 1652 -sic
278 1611 448 1666 judices
471 1619 734 1660 exarserunt,
758 1619 805 1649 ut
822 1609 977 1664 capitis
999 1608 1219 1649 hominem
1244 1607 1646 1647 innocentissimum

201 1669 552 1709 condemnarent.
575 1667 648 1722 qui
671 1667 844 1722 quidem
869 1667 902 1707 si
933 1666 1154 1707 absolutus
1177 1675 1312 1715 esset;
1344 1664 1459 1719 quod
1483 1663 1650 1704 meher-

203 1725 298 1766 cule
327 1725 493 1766 etiamsi
517 1724 625 1765 nihil
647 1725 699 1765 ad
723 1739 800 1764 nos
825 1724 1024 1780 pertinet,
1049 1734 1191 1764 tamen
1217 1731 1392 1778 propter
1413 1721 1506 1777 ejus
1528 1721 1650 1776 inge-

204 1782 264 1822 nii
287 1782 627 1838 magnitudinem
654 1782 830 1823 vellem:
864 1796 1050 1836 quonam
1084 1781 1216 1821 niodo
1239 1780 1343 1820 istos
1369 1778 1650 1834 philosophos

204 1840 313 1880 ferre
343 1854 577 1895 possemus,
608 1840 680 1894 qui
719 1854 847 1889 nunc,
880 1853 979 1879 cum
1017 1838 1085 1878 ille
1113 1838 1340 1878 damnatus
1377 1847 1455 1888 est,
1489 1836 1650 1876 nullam

202 1897 328 1937 aliam
352 1898 408 1938 ob
431 1897 617 1952 culpam,
641 1897 720 1937 nisi
747 1906 921 1952 propter
944 1896 1115 1937 (licendi
1139 1893 1426 1944 inscientiam,
1458 1903 1602 1934 tamen
1625 1908 1650 1934 a

203 1969 246 1995 se
269 1967 466 2010 oportere
488 1954 639 1995 dicunt
669 1955 755 2011 peti
789 1964 1006 2010 praecepta
1039 1953 1236 1994 dicendi?
1270 1951 1544 1998 Quibuscum
1567 1965 1649 2007 ego

244 2127 284 2157 6³3
308 2136 407 2166 neque
421 2127 521 2157 solum
533 2126 654 2166 primis
668 2125 742 2165 δῖα]
768 2136 798 2156 v.
814 2125 853 2155 de
868 2135 902 2155 re

203 2169 309 2199 vales.
326 2170 366 2199 ad
384 2169 544 2209 Harpoer.
567 2180 597 2209 p.
613 2171 665 2199 42.
701 2168 815 2198 Paullo
828 2173 903 2208 post

203 2212 337 2241 verbum
354 2213 475 2251 legibus
500 2211 579 2241 mihi
604 2211 768 2241 interdum
794 2220 903 2250 suspe-

204 2260 295 2284 ctum
318 2256 435 2290 visum,
461 2255 535 2293 quia
555 2254 754 2293 intelligitur
777 2263 835 2293 per
857 2263 902 2290 se,

206 2305 265 2326 nec
293 2297 377 2327 solet
404 2297 477 2327 addi
505 2296 646 2326 talibus:
685 2296 762 2326 ferri
790 2304 903 2326 tamen

204 2346 324 2379 potest.

247 2382 287 2415 69
304 2382 396 2422 quasi
405 2390 509 2422 poence
523 2382 692 2411 (estimatio
708 2380 782 2420 δῖα]
808 2381 904 2410 Pear-

205 2424 272 2453 cius
299 2435 373 2454 cum
405 2424 519 2454 Lamb.
553 2433 655 2463 poe‘noe
691 2423 789 2454 deleri
817 2422 902 2452 vult:

206 2474 336 2506 nempe,
351 2467 427 2506 quia
450 2471 521 2506 post
540 2466 734 2506 simpliciter
759 2470 807 2496 est
823 2465 905 2495 oestz'-

206 2510 320 2542 ’rtatim
350 2509 419 2543 (Gr.
444 2509 629 2549 §mersum-15)
656 2509 742 2548 quod
767 2518 834 2538 non
855 2513 905 2537 est

208 2551 295 2581 satis.
339 2551 453 2582 Voluit
481 2553 534 2582 hic
562 2551 814 2592 explicationem
846 2549 904 2587 rei,

208 2601 274 2622 non
298 2593 403 2623 solum
427 2595 561 2625 verbum
580 2595 666 2633 juris
681 2594 769 2631 darc,
786 2594 819 2623 in
842 2602 905 2632 quo

208 2634 308 2664 etiam
325 2635 409 2666 nude
423 2636 547 2667 dictum
563 2643 624 2672 est,
638 2645 675 2665 ut
691 2637 764 2666 alia.
789 2635 907 2665 Exem-

209 2676 301 2716 plum
332 2678 437 2708 simile
464 2685 513 2709 est
542 2680 575 2709 in
604 2679 715 2709 eodem
746 2678 841 2709 verbo
869 2677 908 2707 de

209 2719 481 2750 aestimationibus
527 2722 702 2752 bonorum.
750 2732 779 2751 ν.
817 2719 908 2750 Clav.

210 2759 291 2790 Edd.
309 2762 360 2791 W.
378 2763 438 2792 s.-l.
454 2770 488 2793 et
508 2775 537 2794 a.
564 2773 596 2794 et
620 2763 699 2794 Cod.
716 2763 754 2793 E.
768 2763 905 2797 habent,

208 2805 301 2841 qua-ri
311 2813 406 2844 poemt
421 2815 458 2835 ea
478 2807 686 2842 emtetimatio,
710 2805 836 2846 vulgari
862 2805 906 2834 vi-

210 2845 271 2882 tio,
288 2856 345 2886 pro
361 2848 543 2879 aestimatio:
567 2849 651 2889 quod
667 2858 734 2879 esse
750 2849 873 2879 factum
889 2857 906 2876 e

205 2897 308 2928 poenoe
334 2891 446 2921 oestim.
475 2891 509 2922 in
536 2899 671 2933 promtu
701 2896 763 2922 est.
807 2891 907 2920 Porro

945 2124 1067 2156 eaedem
1093 2124 1165 2155 edd.
1192 2128 1226 2154 et
1251 2123 1342 2164 Lips.
1366 2124 1490 2154 habent
1515 2128 1545 2153 et
1570 2128 1651 2154 sent.

946 2167 1032 2207 quod
1047 2168 1264 2198 restituimus.
1282 2177 1341 2196 nec
1365 2167 1453 2196 enim
1474 2176 1513 2196 ex
1526 2171 1653 2196 senten-

947 2211 994 2241 tia
1029 2210 1146 2240 habere
1181 2209 1234 2239 hic
1273 2208 1484 2239 commodum
1521 2218 1653 2238 sensum

946 2257 1066 2293 potest.
1101 2253 1220 2282 Sensus
1239 2256 1307 2282 est:
1331 2257 1364 2281 et
1378 2251 1654 2291 cumjudicesju-

948 2296 1103 2326 berentur
1116 2295 1315 2325 sententiam
1329 2294 1425 2330 ferre,
1441 2303 1558 2332 nempe
1571 2293 1653 2323 alte-

948 2348 1031 2374 ram,
1050 2342 1127 2367 ante
1151 2337 1418 2375 interrogabatur
1442 2336 1481 2366 ab
1504 2336 1541 2365 iis
1567 2345 1652 2366 reus.

946 2378 1186 2420 Projudicibus
1200 2384 1336 2417 uterque
1361 2378 1546 2408 Gronovius
1570 2378 1651 2417 legit

945 2423 1141 2453 vindicibus.-
1163 2431 1303 2461 quorum
1328 2421 1491 2451 rationem
1513 2430 1579 2450 non
1601 2421 1652 2450 in—

946 2465 1074 2504 telligo.

990 2511 1030 2541 70
1053 2509 1083 2537 Ιι,
1105 2506 1269 2535 maximus
1285 2504 1446 2544 hahetur]
1495 2504 1568 2535 Hoc
1583 2514 1650 2534 non

948 2548 1029 2580 dixit
1043 2550 1210 2579 Socrates:
1234 2548 1289 2578 scd
1304 2549 1329 2577 is
1345 2548 1398 2586 qui
1414 2553 1536 2577 narrat.
1585 2547 1652 2578 Ita—

948 2601 1009 2630 que
1026 2593 1163 2622 habetur
1178 2591 1358 2621 necessario
1374 2590 1560 2629 legendum.
1577 2600 1650 2620 nns-

950 2643 1012 2673 qne
1040 2635 1087 2664 ita
1114 2633 1287 2669 edidimus,
1312 2642 1378 2662 non
1406 2633 1590 2669 haberetur,
1613 2638 1651 2663 ut

951 2681 999 2706 est
1029 2677 1061 2706 in
1090 2676 1179 2706 libris
1204 2676 1369 2711 omnibus,
1395 2684 1475 2713 quos
1501 2674 1651 2704 vidimus.

951 2719 1046 2759 Apud
1062 2719 1233 2749 Platonem
1249 2719 1283 2748 in
1297 2717 1392 2758 Apol.
1410 2728 1440 2757 p.
1456 2718 1508 2748 36.
1527 2717 1652 2756 simpli-

949 2762 1031 2791 citer
1059 2761 1139 2791 dicit
1166 2762 1328 2797 Socrates,
1363 2769 1396 2790 se
1423 2760 1457 2789 in
1491 2760 1651 2799 Prytaneo

950 2803 1103 2834 alendum
1127 2812 1208 2840 esse,
1238 2803 1321 2837 nihil
1345 2802 1383 2835 de
1410 2802 1534 2832 honore
1564 2801 1650 2833 illius

952 2855 1007 2876 rei.

894 2937 968 2973 ΤΒ
