1914 3220
276 136 363 187 viii
760 138 1210 196 PRAEFATIO.

281 264 717 318 collocandorum
744 268 1029 320 verborum
1067 267 1279 327 moduS‚
1317 267 1432 336 ipse
1461 279 1704 336 quoque,

279 348 362 401 vel
388 349 456 402 ad
486 350 802 404 facilitatem
841 361 896 404 et
934 353 1088 422 quasi
1116 352 1405 405 laevitatem
1433 352 1704 413 orationiS,

279 434 363 486 vel
405 434 473 486 ad
518 436 839 488 suavitatem
877 444 930 488 et
970 436 1177 490 numeri
1209 436 1525 507 gravitatem
1559 453 1706 488 com.-

280 528 531 588 paratus:
587 521 674 572 cui
720 522 763 573 si
798 520 1128 574 adsuefactae
1169 539 1321 573 aures
1363 528 1507 583 sunt,
1546 520 1703 573 facile

279 602 626 655 offenduntur
653 605 705 656 in
733 605 987 676 diligente
1016 606 1263 668 lectione,
1284 613 1339 657 et
1365 623 1550 657 curam
1579 604 1705 657 affe-

280 695 405 738 runt
444 689 738 755 quaerendi,
781 690 822 741 si
866 691 1072 744 restitui
1117 689 1363 743 Ciceroni
1406 688 1537 741 ordo
1577 704 1704 740 suus

280 772 462 842 possit.
542 771 868 828 Innumeris
911 786 1095 829 autem
1132 775 1384 828 orationis
1424 773 1549 826 satis
1578 789 1706 824 con-

280 866 403 918 stat,
429 858 548 928 ipso
576 855 834 911 Cicerone
861 870 1098 921 auctore,
1127 879 1234 912 non
1273 859 1525 911 omnibus
1556 857 1706 909 Lati-

281 959 490 1004 norum,
522 943 662 995 sicut
689 961 787 995 nec
818 944 1153 1007 Graecorum,
1175 946 1392 997 auribus
1419 944 1562 997 idem
1594 943 1707 1014 pla-

281 1026 484 1085 cuisse3
534 1028 627 1079 sed
672 1029 786 1098 ipse
838 1030 891 1080 in
936 1027 1176 1082 Oratoris
1218 1030 1380 1091 libris,
1425 1028 1557 1099 quid
1590 1026 1702 1079 sibi

279 1111 559 1181 placuerit,
588 1113 712 1165 satis
749 1113 1152 1168 demonstravit.
1232 1116 1432 1185 Itaque
1458 1132 1566 1166 non
1607 1113 1705 1165 du-

276 1195 433 1248 bitari
481 1206 676 1268 potest,
724 1199 857 1268 quin
908 1200 977 1252 ad
1037 1201 1204 1271 ipsius
1246 1207 1522 1271 praecepta
1562 1197 1705 1268 exigi

277 1282 447 1333 oratio
488 1284 601 1354 ejus
643 1284 859 1347 debeat,
890 1295 965 1348 ut,
993 1287 1034 1338 si
1078 1287 1210 1356 quid
1254 1285 1449 1357 abillis
1478 1284 1549 1335 ab
1586 1283 1704 1353 ipso

277 1367 517 1438 probatis·
563 1370 727 1423 veluti
766 1370 938 1423 modis
990 1370 1260 1442 discrepet
1297 1388 1392 1441 per
1433 1368 1704 1439 negligen-

279 1455 408 1520 tiam
459 1455 809 1517 librariorum,
851 1455 1148 1508 orationem
1201 1456 1271 1508 ad
1313 1473 1498 1508 eorum
1537 1452 1703 1506 veluti

281 1549 501 1595 cantum
534 1558 861 1594 revocemus,

354 1624 487 1677 Haec
517 1627 697 1678 omnia
737 1627 897 1696 igitur
925 1626 1062 1678 bene
1091 1627 1309 1698 cognita
1344 1643 1456 1680 esse
1500 1626 1705 1679 debent

280 1705 480 1762 Critico
521 1708 891 1773 Ciceroni-cim),
931 1723 986 1765 et
1011 1712 1065 1765 in
1106 1721 1258 1766 textu
1288 1711 1559 1765 Ciceronis
1599 1718 1705 1762 tra·-

277 1794 497 1856 ctandO,
536 1795 976 1865 recensendoque
1018 1806 1073 1850 et
1117 1797 1435 1867 castigando
1481 1795 1705 1864 diligeny-

276 1889 355 1930 ter
393 1879 652 1942 adhiberi,
680 1891 739 1933 ut
772 1882 1003 1951 primurn
1029 1882 1070 1934 si
1098 1883 1230 1952 quid
1266 1883 1319 1934 in
1348 1899 1412 1934 eo
1439 1881 1523 1943 sit,
1551 1877 1702 1950 quod

273 1965 334 2016 iis
363 1973 643 2035 repugnet,
670 1967 941 2018 medicina
967 1968 1328 2038 circumspici,
1356 1983 1532 2037 eaque
1558 1971 1704 2016 recte

275 2050 517 2102 adhiberi
562 2052 742 2121 possit.
828 2051 933 2104 Sed
978 2053 1133 2123 hujus
1176 2053 1460 2104 medicinae
1506 2067 1703 2121 genera

275 2134 386 2186 duo
414 2145 556 2195 sunt,
585 2154 816 2205 quorum
845 2137 1072 2189 alterum
1109 2156 1142 2188 a
1173 2137 1318 2189 libris
1346 2145 1444 2198 cst,
1472 2135 1702 2187 alterum

274 2220 344 2270 ab
372 2220 587 2290 ingenio
615 2219 796 2273 Critici
826 2222 1008 2292 ipsius.
1087 2222 1172 2274 Ac
1211 2222 1278 2274 de
1306 2222 1449 2273 libris
1477 2220 1701 2291 quidem

273 2306 544 2367 universe,
583 2313 699 2358 tum
735 2307 962 2377 scriptiS,
1002 2314 1119 2358 tum
1164 2308 1243 2369 iis,
1278 2307 1372 2376 qui
1419 2324 1449 2357 e
1491 2304 1702 2375 scriptis

274 2407 370 2459 per
403 2390 865 2461 typographorum
909 2392 1162 2444 formulas
1206 2391 1336 2444 facti
1368 2399 1511 2451 sunt,
1552 2389 1702 2441 nulla

270 2481 351 2525 est
385 2474 671 2527 dubitatio.
761 2475 866 2528 Sed
910 2477 964 2528 in
1010 2495 1075 2529 eo
1113 2476 1391 2548 diligentia
1431 2483 1512 2527 est
1546 2472 1699 2525 adhi-

270 2558 450 2610 benda
479 2561 637 2612 varia.
716 2560 904 2631 Atque
947 2563 1035 2614 illa
1079 2563 1320 2632 quidem,
1365 2577 1489 2630 quae
1527 2566 1607 2611 est
1644 2557 1700 2608 in

271 2642 480 2712 scriptis
510 2644 752 2713 pluribus
790 2659 845 2699 et
906 2648 1056 2700 bonis
1097 2645 1437 2706 adhibendis,
1479 2661 1544 2695 ea
1583 2641 1703 2712 qui-

271 2725 395 2777 dem
438 2731 734 2782 necessario
761 2730 927 2784 habet
967 2732 1110 2783 hunc
1150 2731 1396 2790 modum,
1426 2744 1592 2797 quem
1619 2742 1715 2777 res'

269 2812 429 2864 facit:
485 2823 678 2884 estque
720 2816 774 2868 in
817 2835 880 2868 co
925 2816 1153 2880 facilitas
1195 2815 1473 2885 quaedam,
1518 2811 1567 2864 si,
1606 2807 1696 2863 cui
