1945 3235
662 129 924 172 'rOPICA-
1455 134 1536 180 58?

78 249 187 292 quas
217 236 338 290 dixi,
349 235 583 289 excellunt,
619 237 716 295 ipsa
735 237 898 279 virtute
929 233 1131 277 videntur
1161 236 1387 281 excellere.
1448 239 1597 306 Sedu

80 295 257 359 reliquis
278 310 450 359 quoque
474 296 617 346 rebus,
638 310 744 352 quas
767 294 898 335 modo
914 294 1180 345 enumeravi,
1202 311 1467 354 quamquam
1489 299 1535 340 in

77 351 131 393 iis
149 352 266 394 nulla
283 368 447 410 speeies
466 353 639 395 virtutis
660 362 751 394 est.
778 361 922 392 tamen
943 350 1161 391 interdum
1184 354 1468 416 confirmatur
1483 356 1536 397 fi-

77 410 169 462 des,
192 411 227 452 si
249 421 325 452 aut
346 426 412 452 ars
437 411 639 476 quaedam
661 410 921 460 adhibetur3
949 412 1131 465 (magna
1160 409 1277 451 enim
1308 422 1373 453 est
1397 413 1459 454 vis
1479 414 1535 455 ad

79 469 442 534 persuadendum,
475 469 717 519 scientiae3)
738 475 815 508 aut
845 480 968 519 usus;
1001 465 1256 523 plerumque
1294 470 1410 510 enim
1443 485 1534 512 cre-

78 525 227 567 ditur
218 541 285 578 115,
312 541 387 583 qui
416 526 585 582 experti
625 533 742 566 sunt
808 524 934 565 Facit
964 524 1098 565 etiam
1129 525 1365 567 necessitas
1388 527 1514 569 fidem
1521 534 1620 583 Q,0

79 598 178 639 quae
210 599 311 626 cum
340 600 366 626 a
392 583 663 648 corporibus,
685 592 778 623 tum
813 583 868 624 ab
898 582 1054 623 animis
1083 583 1290 624 nascitur.
1353 583 1469 625 Nam
1491 597 1536 627 et

79 642 346 694 verberibus,
377 641 620 693 tormentis,
652 640 745 696 igni
777 639 951 698 fatigati
973 655 1072 696 quae
1094 641 1261 693 dicunt,
1292 655 1343 682 ea
1365 642 1537 683 videtur

80 700 240 740 veritas
263 699 358 756 ipsa
376 698 535 751 dicere,
556 708 615 750 et,
638 713 736 754 quae
770 713 796 739 a
825 674 1228 762 perturbationibus
1261 699 1395 740 animi
1419 710 1535 751 sunt,

80 756 243 807 dolore,
281 756 537 813 cupiditate,
573 755 811 808 iracundia,
848 764 984 808 metu,
1017 771 1122 811 qula
1151 757 1422 798 necessitatis
1446 758 1535 799 vim

77 812 257 866 habent,
270 813 458 856 afferunt
478 815 784 857 auctoritatem
801 822 846 855 et
867 813 1013 856 fidem.
1059 813 1241 879 CuJuso
1216 815 1384 856 ceneris
1403 816 1533 857 etiam
1547 816 1599 856 75

78 870 152 914 illa
172 882 288 924 sunt,
310 887 365 913 ex
389 872 547 929 quibus
579 886 907 927 nonnumquam
941 886 1091 912 verum
1123 872 1359 924 invenitur,
1389 864 1579 930 pueri-b·

75 929 152 982 tia,
172 945 363 982 somnus,
383 930 688 988 imprudentia,
711 929 986 981 vinolentia,
978 930 1160 971 msania.
1214 930 1330 972 Nam
1349 941 1393 972 et
1412 932 1533 997 pueri

79 1002 197 1044 saepe
227 989 530 1030 indicaverunt
561 988 739 1045 aliquid,
772 988 826 1029 ad
862 988 979 1043 quod
1009 989 1259 1044 pertineret,
1293 989 1460 1045 ignari:
1492 999 1538 1030 et

79 1060 156 1102 per
177 1061 393 1098 somnum,
417 1047 582 1099 vinum,
606 1046 836 1097 insaniam,
866 1045 1006 1087 multa
1028 1061 1144 1103 saepe
1176 1046 1399 1103 patefacta
1420 1057 1536 1089 sunt.

82 1103 218 1145 Multi
253 1104 384 1146 etiam
421 1105 465 1146 in
502 1119 568 1146 res
601 1104 773 1146 odiosas
813 1103 1110 1160 imprudentes
1149 1104 1411 1157 inciderunt,
1432 1108 1473 1139 18
1488 1115 1538 1147 ut

79 1161 257 1204 Staleno
275 1177 414 1219 nuper
434 1162 618 1205 accidit:
651 1162 725 1218 qui
749 1176 799 1203 ea
816 1161 988 1203 locutus
1007 1172 1086 1214 est,
1108 1163 1234 1204 bonis
1255 1163 1357 1204 viris
1377 1164 1537 1205 subau-

79 1219 385 1273 scultantibus,
409 1221 582 1286 pariete
596 1220 871 1276 interposito,
893 1220 1052 1276 quibus
1085 1220 1331 1278 patefactis,
1355 1221 1398 1262 in
1414 1221 1538 1287 judi-

79 1277 285 1335 ciumque
309 1278 503 1336 prolatis,
525 1277 585 1320 rei
608 1278 841 1335 capitalis
823 1292 925 1334 Jure
947 1278 1177 1320 damnatus
1198 1289 1277 1320 est.
1341 1278 1460 1321 Huic
1480 1279 1537 1321 si-

78 1336 181 1378 mile
203 1337 410 1393 quiddam
427 1336 481 1378 de
497 1336 832 1378 Lacedaemonio
854 1335 1072 1378 Pausania
1090 1337 1355 1394 accepimus.
1417 1337 1536 1379 Con·
1547 1348 1601 1388 76

78 1394 223 1436 cursio
259 1404 406 1436 autem
440 1394 723 1436 fortuitorum
756 1393 854 1435 talis
890 1403 970 1446 est,
1001 1403 1064 1446 ut,
1089 1410 1123 1435 51
1154 1395 1449 1438 interventum
1472 1406 1538 1437 est

78 1467 198 1504 casu,
235 1467 336 1494 cum
375 1461 452 1493 aut
481 1462 682 1509 ageretur
713 1451 893 1508 aliquid,
936 1452 1054 1507 quod
1096 1452 1407 1518 pwofeiendum
1448 1469 1538 1495 non

75 1520 202 1562 esset,
234 1520 310 1552 aut
339 1487 570 1552 diceretur
631 1510 684 1551 In
706 1510 793 1552 hoc
823 1524 982 1567 genere
1012 1510 1144 1551 etiam
1177 1511 1249 1552 illa
1279 1521 1346 1552 est
1375 1512 1421 1553 in
1453 1512 1540 1554 Pa-

75 1567 289 1610 lamedem
312 1568 513 1625 conjecta
536 1568 834 1633 suspicionum
823 1544 1112 1624 Dproditionis
1134 1569 1397 1613 multitudo:
1420 1570 1539 1626 quod

77 1640 215 1683 genus
237 1625 426 1667 refutare
457 1626 676 1667 interdum
709 1625 867 1668 veritas
902 1625 975 1668 vix
1011 1636 1170 1683 potest.
1233 1626 1383 1692 HuJ'us
1405 1628 1539 1670 etiam

79 1684 251 1740 geneiis
274 1694 340 1725 est
362 1683 480 1725 fama
501 1683 636 1742 vulgi,
658 1684 879 1740 quoddam
901 1684 1195 1726 multitudiuis
1218 1686 1536 1728 testimonium.

79 1743 195 1789 Quae
232 1751 379 1783 autem
413 1742 574 1784 virtute
608 1742 739 1784 fidem
777 1742 959 1794 faciunt,
989 1757 1040 1784 ea
1071 1743 1280 1799 bipertita
1309 1753 1436 1787 sunt:
1477 1759 1534 1786 ex

76 1801 237 1856 quibus
270 1800 453 1842 alterum
485 1811 642 1842 natura
672 1800 802 1853 valet,
832 1801 1017 1842 alterum
1047 1801 1276 1844 industria.
1337 1801 1535 1844 Deorum

76 1859 194 1900 enim
211 1859 348 1900 virtus
369 1869 526 1905 natura
543 1858 744 1901 excellit:
767 1858 998 1901 hominum
1022 1869 1169 1901 autem
1191 1859 1419 1902 industria.
1453 1860 1534 1903 Di·
1546 1868 1600 1908 77

79 1917 182 1958 vina
204 1916 301 1958 haec
321 1917 410 1959 feie
433 1925 534 1959 sunt
552 1917 829 1970 testimonia3
860 1917 1050 1983 primum
1069 1918 1308 1972 orationi83
1339 1918 1537 1973 (oracula

78 1975 196 2016 enim
219 1989 274 2016 ex
296 1990 349 2017 eo
370 1975 467 2032 ipso
490 1975 707 2032 appellata
738 1984 854 2026 sunt,
876 1976 993 2031 quod
1030 1976 1144 2017 inest
1176 1976 1221 2018 in
1254 1976 1322 2018 his
1355 1978 1538 2020 deorum

77 2033 219 2075 matio
237 2035 267 2085 3)
299 2033 457 2075 deinde
478 2048 636 2098 rerum,
658 2048 703 2075 in
726 2033 885 2089 quibus
908 2034 1058 2075 insunt
1078 2035 1201 2090 quasi
1236 2050 1370 2100 opera
1387 2035 1538 2077 divina.

76 2091 306 2148 quaedam·
348 2093 539 2148 primum
561 2092 668 2157 ipse
705 2092 909 2144 mundus,
949 2092 1131 2148 ejusque
1166 2093 1309 2134 omnis
1351 2093 1459 2135 ordo
1490 2103 1537 2136 et

77 2158 282 2202 ornatus;
314 2150 519 2215 deinceps
535 2149 649 2191 a‘erei
673 2150 843 2192 volatus
861 2150 1006 2191 avium
1027 2160 1158 2206 atque
1178 2161 1355 2204 cantus;
1379 2151 1536 2194 deinde

76 2207 273 2263 ejusdem
307 2208 418 2249 aeris
455 2207 623 2249 sonitus
659 2219 703 2249 et
735 2208 923 2260 ardores,
952 2208 1275 2265 multarumque
1312 2224 1456 2251 rerum
1488 2210 1535 2253 in

77 2275 191 2307 terra
207 2274 440 2330 portenta;
472 2276 602 2322 atque
620 2266 753 2308 etiam
775 2281 852 2323 per
872 2277 977 2308 exta
1000 2267 1178 2308 inventa
1199 2267 1450 2324 piaesensio.
1493 2267 1535 2310 A

76 2323 396 2366 dormientibus
417 2338 592 2380 quoque
614 2324 752 2365 multa
777 2324 1025 2382 significata
1055 2325 1172 2377 visis,
1197 2326 1356 2382 quibus
1389 2340 1446 2367 ex
1470 2325 1535 2367 lo-

75 2383 138 2424 cis
172 2382 284 2423 sumi
316 2382 534 2423 interdum
570 2382 710 2424 solent
743 2383 798 2424 ad
814 2359 959 2424 Ofidem
1002 2358 1246 2425 faciendam
1282 2383 1534 2425 testimonia

75 2440 272 2482 deorum.
335 2439 387 2481 In
407 2440 584 2481 homine
608 2441 780 2482 virtutis
803 2440 955 2498 opinio
974 2440 1086 2482 valet
1107 2441 1359 2498 plurimum.
1421 2441 1532 2499 Opi-
1544 2457 1596 2495 73

73 2499 148 2539 nio
170 2506 317 2540 autem
339 2508 419 2550 est,
442 2513 530 2539 non
554 2499 686 2540 modo
706 2514 779 2540 eos
799 2500 1007 2541 virtutem
1030 2499 1205 2552 habere,
1225 2499 1301 2556 qui
1324 2499 1531 2552 habeant,

76 2556 150 2597 sed
174 2570 246 2598 eos
270 2556 416 2608 etiam,
440 2557 514 2613 qui
536 2556 696 2598 habere
718 2557 960 2598 videantui.
1021 2556 1192 2613 Itaque,
1211 2572 1318 2613 quos
1336 2558 1530 2623 ingenio,

74 2629 183 2670 quos
206 2615 366 2666 studio,
389 2629 497 2670 quos
520 2615 602 2655 doc
610 2615 721 2656 trina
751 2616 958 2671 praeditos
983 2615 1147 2666 vident,
1171 2630 1444 2672 quorumque
1467 2632 1530 2657 xi-

76 2683 165 2719 tam
187 2682 478 2725 constantem,
501 2682 545 2714 et
566 2673 812 2730 probatam,
835 2682 884 2715 ut
907 2673 1106 2726 Catonis,
1131 2673 1270 2726 Laelii,
1294 2674 1530 2731 Scipionis,

113 2830 155 2861 78
186 2832 226 2858 ut
251 2827 401 2866 Staleno]
436 2826 502 2858 Hic
528 2836 657 2867 quoque
681 2827 781 2867 vulgo
825 2838 854 2858 c.
869 2827 921 2859 68.
966 2826 1050 2860 Edd.
1065 2831 1146 2861 v-ett
1160 2828 1311 2870 quaedam
1326 2828 1535 2867 Stateriomt

70 2870 182 2901 editur
205 2870 350 2902 Staieno
378 2869 434 2900 sed
467 2869 552 2900 illud
574 2879 687 2900 verum
712 2880 782 2901 esse
825 2870 993 2913 ipsaV-en

70 2913 168 2945 docet
192 2914 300 2946 oratio
321 2923 379 2956 pro
405 2911 540 2944 Cluent.
568 2923 598 2944 v.
621 2913 662 2944 ad
681 2913 780 2945 Brut.
