1914 3220
295 144 346 196 ri
801 146 1250 211 PRAEFATIO.

295 283 349 326 ct
378 274 501 327 inde
529 283 656 327 nato
684 276 795 346 ejus
824 295 979 329 seusu
1009 278 1269 347 quodum,
1291 277 1369 329 vel
1397 277 1560 329 etiam
1589 293 1714 328 cau-

295 358 362 410 sis
389 359 502 430 ejus
533 362 856 431 perspectis:
899 363 967 416 de
989 364 1187 433 quibus
1215 372 1296 416 est
1316 382 1349 414 a
1371 361 1523 414 nobis
1550 360 1714 413 etiam

294 442 502 495 dictum
530 444 582 496 in
613 446 883 499 rhetoricis
915 449 1229 519 praeceptis:
1270 456 1347 509 ut,
1375 447 1414 499 si
1444 444 1575 516 quid
1601 461 1716 515 pcr-

296 529 590 591 turbatum‚
631 530 749 583 loco
792 542 1021 590 motum,
1065 542 1232 602 atque
1270 533 1434 585 etiam
1467 531 1510 584 si
1550 550 1615 583 ex
1650 547 1715 581 eo

294 612 411 683 ipso
463 617 779 685 corruptelae
843 617 1171 687 singulorum
1227 617 1513 669 verborum
1570 622 1713 668 natae

293 697 415 759 sint,
455 698 505 750 id
553 700 926 761 aninmdvcrti,
954 712 1007 754 et
1047 702 1250 754 restitui
1289 702 1420 754 ordo
1464 717 1634 762 verus,
1661 708 1716 752 et

293 784 466 835 sanari
518 784 647 837 vitia
701 787 920 856 possint.
1008 787 1195 856 Atque
1248 804 1311 838 ca
1362 805 1442 839 res
1497 784 1716 856 prodest

291 869 454 921 etiam
483 869 549 921 ad
584 870 926 940 parcntliescs
955 881 1097 924 recte
1122 871 1405 933 notandas,
1432 889 1557 940 quae
1582 888 1713 940 prae-

291 954 470 1006 sertim
510 955 562 1005 in
607 954 879 1007 rhetoricis
924 966 979 1008 et
1024 956 1405 1027 philosophicis
1432 957 1576 1009 libris
1605 976 1712 1009 non

290 1039 695 1102 animadversae,
724 1041 1038 1111 corruptelis
1082 1041 1261 1094 locum
1303 1041 1501 1094 fecere:
1543 1051 1604 1094 ut
1638 1042 1714 1094 ni-

289 1124 360 1176 hil
388 1125 569 1178 dicam
598 1125 666 1178 de
707 1143 790 1187 ec,
819 1125 968 1194 quod
1003 1126 1255 1178 omnibus
1288 1126 1432 1178 libris
1459 1134 1540 1179 est
1567 1145 1713 1179 com-

287 1227 470 1272 mune,
510 1227 766 1280 magnam
808 1228 921 1262 esse
967 1210 1301 1282 diligentiam
1343 1210 1710 1264 adhibendam

284 1294 341 1346 in
370 1303 485 1347 tota
511 1295 763 1347 orationis
797 1295 928 1348 serie
961 1296 1187 1366 ejusque
1220 1297 1568 1368 copulatione
1595 1314 1712 1369 per-

287 1379 582 1449 spicienda,
626 1389 703 1442 ut,
745 1380 786 1432 si
829 1397 954 1450 quae
999 1399 1119 1451 pars
1162 1382 1282 1434 loco
1324 1390 1475 1435 mota
1515 1381 1583 1434 sit·
1619 1399 1713 1453 per

285 1463 525 1533 aliquam
565 1482 805 1527 causam,
833 1473 896 1517 ut
930 1483 1024 1535 per
1054 1465 1461 1519 similitudinem
1499 1466 1711 1518 clausu-

280 1550 475 1615 larum,
523 1550 576 1603 id
621 1550 976 1602 animadverti
1024 1559 1079 1604 et
1121 1569 1246 1603 vera
1291 1551 1448 1604 series
1502 1549 1711 1604 restitui

287 1635 470 1706 possit,
506 1654 606 1688 nec
651 1636 846 1697 minUS,
882 1643 944 1688 ut
980 1635 1209 1697 lacunae,
1249 1653 1374 1706 quae
1407 1654 1475 1688 ex
1515 1635 1709 1688 eadem

282 1736 449 1775 causa
484 1719 756 1772 interdum
787 1732 917 1773 orta:
950 1722 1072 1783 sint,
1101 1720 1594 1790 deprehendantur,
1621 1738 1710 1773 ea-

281 1821 514 1873 rumque
542 1805 936 1876 explcndarum
970 1823 1102 1857 cura
1136 1793 1341 1875 suscipi
1370 1805 1603 1875 inirique
1629 1822 1713 1862 ra-

282 1888 356 1939 tio
387 1890 584 1958 possit:
627 1890 780 1961 cujus
808 1891 1014 1961 generis
1043 1891 1298 1960 exempla
1324 1908 1358 1941 a
1377 1889 1533 1942 nobis
1552 1889 1710 1960 plura

281 1981 471 2025 notata
499 1973 770 2044 reperient
795 1975 1021 2028 lectores
1051 1983 1301 2028 notarum
1324 1982 1644 2026 nostrarum.

355 2055 497 2108 Illud
529 2075 754 2128 quoque
790 2060 1090 2113 admodum
1124 2058 1483 2112 necessarium
1520 2065 1602 2110 est
1635 2056 1705 2114 acl

282 2139 540 2193 Criticam
572 2142 627 2194 in
656 2141 930 2196 Ciceronis
969 2144 1114 2197 libris
1149 2153 1292 2197 recte
1327 2142 1707 2204 exercendam,

281 2234 341 2276 ut
374 2244 588 2278 sensum
623 2229 939 2291 venustatis,
974 2229 1373 2290 concinnitatiS,
1407 2226 1614 2279 numeri
1651 2236 1707 2279 et

280 2311 396 2362 soni
423 2311 675 2364 orationis
705 2310 1091 2376 Ciceronianae,
1119 2322 1238 2366 tum
1275 2315 1386 2384 ejus
1425 2313 1493 2364 de
1519 2312 1580 2364 iis
1609 2312 1707 2363 vir-

280 2395 486 2447 tutibus
511 2397 798 2466 praeceptis
821 2398 1229 2468 cognoscendiS,
1253 2407 1368 2451 tum
1388 2397 1626 2459 auribus,
1642 2397 1704 2450 iis

279 2480 531 2532 notandis
559 2490 613 2533 et
644 2482 935 2535 sentiendis
963 2501 1063 2535 usu
1089 2484 1263 2536 multo
1293 2482 1445 2544 tritis,
1483 2480 1707 2544 habeaS‚

279 2582 376 2635 per
417 2582 583 2635 quem
627 2567 1045 2632 animadvertas,
1093 2569 1136 2621 si
1182 2568 1314 2638 quid
1358 2586 1391 2618 a
1432 2565 1704 2619 Ciceronis

277 2650 672 2708 consuetudine
707 2662 762 2705 et
804 2653 1133 2723 perfectione
1171 2642 1472 2713 abhorreat,
1501 2661 1556 2703 et
1591 2667 1705 2703 cor-

277 2734 513 2787 rectione
556 2735 813 2806 indigeat.
893 2737 1134 2790 Primum
1183 2738 1344 2809 igitur
1389 2735 1579 2788 Cicero
1623 2742 1706 2787 est

275 2818 433 2872 valde
464 2807 690 2890 diligens
731 2821 786 2874 in
824 2813 964 2893 tropi
996 2841 1190 2894 genere
1227 2840 1326 2894 per
1355 2820 1565 2892 singula
1591 2837 1705 2873 ver-
