1945 3235
342 142 395 176 30
817 130 900 175 ‘AD
932 130 1313 175 IIERENNIUM

344 238 454 281 vitio
473 239 692 281 videbitur
706 241 904 288 nescisse,
926 256 1009 281 non
1033 241 1337 298 imprudentia.
1370 253 1501 296 quare
1522 254 1606 281 non
1629 239 1793 298 impru-

344 298 493 338 dentia
524 312 566 338 se
600 297 817 348 defendet,
850 299 923 339 scd
944 299 1071 354 culpa
1102 298 1433 340 contaminabit.
1497 296 1666 339 Deinde
1688 314 1793 340 con-

276 379 282 388 »
340 353 544 410 jecturaii
579 356 891 396 constitutione
925 365 1155 411 quaeretur,
1181 366 1325 397 utrum
1356 354 1514 406 scierit,
1538 369 1593 395 an
1618 356 1791 411 ignora-

347 412 472 462 verit,
495 422 537 452 ct
560 413 918 462 considerabitur,
939 414 1096 454 satisne
1117 413 1406 469 imprudentia
1429 412 1619 468 praesidii
1638 413 1795 454 debeat

347 484 454 519 esse,
476 471 516 499 6⁵
531 484 630 509 cum
666 468 943 510 factum'csse
976 480 1159 511 constet.
1223 471 1335 511 Cum
1359 471 1400 510 in
1423 470 1641 510 fortunam
1663 484 1796 511 causa
1842 496 1845 500 -

349 526 610 576 conferetur,
633 537 676 567 et
708 542 758 567 ea
781 541 824 567 re
846 526 1046 568 defensor
1069 528 1234 583 ignosci
1262 542 1332 569 reo
1356 528 1471 568 dicet
1489 537 1703 583 oportere,
1724 542 1800 569 ea-v

350 584 448 625 dem
493 584 639 624 onmia
670 584 870 624 videntur
911 584 1236 636 consideranda,
1267 600 1365 639 quae
1396 584 1448 625 de
1478 584 1797 626 necessitudine

351 641 604 697 praescripta
623 649 737 681 sunt.
791 640 962 682 Etenim
993 656 1141 684 omncs
1165 642 1231 683 ha».
1257 651 1339 684 tres
1363 651 1505 698 partes
1526 641 1796 698 purgationis

352 699 463 739 inter
487 714 530 738 se
554 698 750 739 finitimae
783 709 896 750 sunt,
922 709 968 739 ut
991 699 1033 739 in
1065 713 1214 740 omnes
1244 700 1394 740 eadem
1427 699 1515 740 fere
1538 699 1706 755 possint
1726 714 1798 741 ac-

351 755 634 796 commodari.
669 755 771 796 Loci
792 771 1042 796 communes
1062 756 1103 797 in
1128 757 1193 797 his
1215 757 1381 808 causis3
1412 757 1674 798 accusatoris
1694 770 1801 798 con-

352 823 419 853 tra
447 827 560 863 cuni,
584 813 672 867 qui,
700 827 799 853 cuin
831 828 875 853 se
907 827 1105 868 peccasse
1131 814 1404 864 confiteatur,
1429 823 1572 855 tamen
1603 813 1801 855 oratione

347 870 519 925 judices
542 870 811 912 dcnroretur:
835 870 1154 921 defensoris,de
1177 871 1460 922 humanitate,
1482 871 1800 913 misericordia:

356 926 623 967 voluntatem
667 927 709 967 in
745 927 946 968 omnibus
980 928 1106 968 rebus
1137 928 1321 984 spectari
1354 929 1599 980 convenire,
1629 937 1674 970 et
1701 942 1801 984 quae

356 983 555 1024 consulto
579 984 695 1024 facta
715 999 801 1025 non
833 985 933 1035 sint,
951 985 1045 1025 6⁶in
1070 985 1121 1025 iis
1152 986 1346 1026 fraudem
1367 993 1567 1026 essenon
1586 994 1808 1043 oportere.

276 1038 342 1091 17
362 1041 680 1097 Deprecatione
712 1051 896 1093 utemur,
919 1056 1019 1082 cum
1050 1041 1284 1084 fatebimur
1312 1057 1390 1083 nos
1425 1057 1639 1099 peccasse,
1662 1057 1804 1099 neque

294 1110 344 1142 ‚⁴25
361 1098 401 1139 id
438 1099 745 1155 imprudenter,
780 1108 855 1140 aut
888 1099 1085 1152 fortuitu,
1119 1109 1194 1141 aut
1226 1101 1465 1141 necessario
1499 1099 1652 1141 fecisse
1685 1100 1804 1142 dice-

358 1170 469 1207 mus,
491 1166 533 1197 et
557 1165 700 1197 tamen
724 1157 890 1213 ignosci
914 1157 1039 1197 nobis
1062 1158 1390 1213 postulabiinuS.
1439 1156 1528 1198 Hic
1551 1157 1806 1214 ignoscendi

358 1215 468 1254 ratio
507 1214 716 1269 quaeritur
757 1228 811 1255 ex
844 1214 895 1255 iis
931 1214 1050 1265 locis,
1085 1214 1119 1255 si
1160 1215 1283 1271 plura
1325 1223 1400 1256 aut
1439 1214 1607 1270 majora
1644 1215 1805 1267 officia,

357 1286 488 1325 quam
518 1271 744 1322 maleficia,
768 1271 1030 1313 videbuntur
1059 1282 1281 1324 constare3
1312 1273 1347 1313 si
1370 1287 1456 1328 qua
1479 1273 1612 1314 virtus
1632 1276 1708 1314 'aut
1725 1287 1807 1314 no-

358 1328 504 1369 bilitas
523 1329 603 1369 erit
624 1329 666 1369 in
685 1343 751 1380 eo,
769 1329 842 1384 qui
864 1329 1152 1385 supplicabit3
1184 1330 1216 1370 si
1237 1344 1323 1385 qua
1344 1345 1440 1386 spes
1458 1330 1554 1382 erit,
1573 1330 1668 1371 usui
1688 1329 1807 1370 futu-

359 1400 469 1437 rum,
499 1386 531 1426 si
556 1386 646 1426 sinc
669 1387 882 1443 supplicio
904 1388 1161 1437 discesserit,
1185 1388 1218 1428 si
1250 1389 1341 1443 ipse
1363 1387 1433 1429 ille
1463 1386 1661 1443 supplex,
1684 1401 1808 1429 man-

252 1474 284 1504 p.
301 1465 348 1493 il.
363 1453 506 1484 suetus
527 1452 570 1483 et
590 1444 829 1485 misericors
852 1444 894 1484 in
920 1445 1205 1500 potestatibus
1226 1445 1475 1486 ostendetur
1497 1444 1653 1497 fuisse3
1684 1445 1718 1485 si
1740 1459 1808 1496 ea,

319 1516 458 1556 a.quae
496 1502 711 1556 peccavit,
743 1516 830 1542 non
861 1501 977 1551 odio,
1010 1517 1150 1557 neque
1185 1502 1452 1553 crudelitate,
1483 1503 1556 1544 sed
1578 1502 1726 1543 officio
1763 1509 1810 1543 et

363 1566 481 1599 recto
513 1558 656 1599 studio
687 1569 931 1600 commotus
955 1559 1083 1611 fecit;
1116 1559 1148 1600 si
1185 1560 1257 1600 tali
1288 1561 1341 1601 de
1363 1574 1492 1600 causa
1520 1559 1614 1600 aliis
1630 1567 1809 1614 'quoque

364 1616 564 1671 ignotum
586 1625 676 1667 est;
697 1617 729 1657 si
750 1616 858 1657 nihil
877 1617 932 1657 ab
949 1631 1001 1657 eo
1019 1617 1199 1673 periculi
1218 1617 1344 1658 nobis
1362 1617 1556 1658 futurum
1575 1616 1809 1668 videbitur,

364 1674 397 1714 si
421 1687 519 1714 euin
543 1674 720 1714 missum
744 1673 970 1714 fecerimus
983 1691 997 1726 ς
1018 1675 1050 1714 si
1075 1674 1190 1715 nulla
1212 1682 1287 1715 aut
1307 1690 1332 1715 a
1350 1675 1506 1715 nostris
1528 1674 1712 1726 civibus,
1734 1683 1811 1715 aut

299 1733 350 1768 ‘26
365 1733 401 1764 67
417 1732 471 1772 ab
494 1731 637 1786 aliqua
659 1731 836 1772 civitate
858 1731 1119 1787 vituperatio
1138 1747 1192 1773 ex
1215 1746 1267 1773 ea
1292 1745 1337 1773 re
1368 1732 1640 1788 suscipietur.
1703 1730 1810 1773 Loci

362 1802 630 1839 communeS,
668 1789 722 1830 de
765 1788 1049 1840 humanitate,
1089 1789 1278 1841 fortuna,
1316 1789 1625 1840 misericordia,
1667 1802 1811 1830 rerum

362 1846 719 1887 commutatione.
782 1846 865 1887 His
889 1846 993 1887 loeis
1026 1847 1227 1887 omnibus
1258 1861 1312 1888 ex
1336 1846 1558 1888 contrario
1584 1854 1730 1887 utetur
1759 1846 1811 1898 is,

360 1903 435 1958 qui
449 1913 602 1945 contra
619 1903 749 1954 dicet,
763 1918 862 1944 eum
877 1903 1230 1960 amplificatione,
1253 1914 1297 1945 et
1314 1905 1354 1936 68
1365 1903 1691 1946 enumeratione
1710 1917 1812 1960 pec-

362 1970 572 2001 catorum.
635 1960 748 2002 Haec
779 1976 922 2013 causa,
955 1962 1176 2017 judicialis
1207 1962 1298 2002 fieri
1330 1976 1417 2003 non
1449 1970 1606 2018 potest,
1638 1969 1686 2002 ut
1715 1961 1813 2002 69in

362 2019 503 2074 primo
537 2018 647 2059 libro
681 2018 969 2060 ostendimus:
1003 2019 1073 2060 sed
1107 2019 1224 2074 quod
1256 2027 1400 2075 potest
1426 2018 1491 2060 vel
1525 2019 1579 2060 ad
1612 2026 1812 2060 senatum

362 2075 428 2115 vel
448 2076 501 2116 ad
530 2076 759 2116 eonsilium
783 2076 942 2127 venire,
961 2091 1047 2118 non
1077 2077 1167 2116 visa
1192 2087 1257 2116 est
1279 2076 1607 2132 supersedenda.
1651 2074 1765 2117 Cum
1788 2090 1815 2116 a

361 2133 488 2173 nobis
509 2133 670 2174 crimen
691 2147 910 2174 removere
931 2135 1137 2184 volemus,
1158 2143 1231 2174 aut
1253 2133 1296 2174 in
1321 2148 1409 2174 rein
1428 2142 1503 2174 aut
1525 2134 1568 2174 in
1588 2133 1814 2174 hominem

362 2190 499 2230 nostri
535 2191 701 2246 peccati
722 2205 894 2231 causam
928 2192 1215 2232 conferemus.
1277 2191 1322 2231 Si
1356 2206 1486 2231 causa
1514 2190 1558 2232 in
1591 2190 1814 2233 hominem

313 2294 319 2300 .
363 2248 624 2299 conferetur,
666 2249 944 2303 quazrendum
987 2249 1068 2289 erit
1100 2248 1302 2305 primum,
1344 2249 1591 2304 potueritne
1630 2256 1814 2300 tantum,

362 2315 574 2361 quantum
605 2319 699 2346 reus
722 2306 1050 2358 delrionstrabit,
1075 2306 1124 2357 is,
1158 2305 1202 2346 in
1235 2320 1364 2361 quein
1394 2321 1524 2347 causa
1552 2304 1815 2357 conferetur,

407 2463 447 2493 65
476 2458 556 2494 Cum
568 2462 708 2503 factum
722 2473 787 2494 esse
802 2462 947 2503 constet]
990 2463 1069 2493 Gui-

363 2504 495 2536 helinus
507 2505 630 2536 addidit
641 2508 876 2546 imprudenter,
885 2515 963 2536 sane
971 2516 1070 2546 quam

365 2547 464 2585 male,
486 2554 518 2578 et
543 2557 659 2578 contra
681 2549 819 2589 scriptos
842 2549 1014 2588 plerosque
1037 2554 1070 2579 et

364 2589 437 2628 edd.
452 2592 560 2629 itaque
573 2590 688 2621 delevi.
703 2591 955 2632 Oudendorpius
968 2592 1070 2622 etiam

365 2642 430 2662 esse
451 2631 594 2668 delebat,
609 2633 696 2672 quod
718 2644 738 2664 a
752 2633 854 2664 Codd.
878 2633 1072 2674 quibusdam

364 2673 468 2705 abest.
485 2684 552 2704 non
567 2676 665 2706 male.

408 2717 450 2747 66
474 2716 515 2747 In
530 2718 569 2747 iis
578 2716 745 2756 simulem
759 2728 824 2748 esse
836 2728 901 2749 non
922 2717 1068 2758 oportet]

365 2757 586 2790 Restituiunus
616 2760 793 2791 lectionem
821 2761 894 2791 edd.
929 2766 1010 2791 vett.
1039 2766 1074 2791 et

365 2800 445 2832 Mss.
461 2802 655 2832 meliorum:
680 2812 753 2842 qua²
777 2802 811 2833 in
827 2804 991 2833 notiorem
1008 2804 1073 2833 for-

364 2852 453 2873 mam
481 2849 612 2874 mutata
638 2850 701 2881 est,
729 2846 872 2885 primum
895 2855 914 2877 a
935 2845 976 2877 R.
1000 2846 1071 2877 Ste-

365 2886 490 2927 pjiano,
507 2893 671 2926 quantum
685 2888 764 2918 seio.

1153 2462 1193 2496 67
1216 2462 1266 2494 Ab
1281 2463 1394 2502 aliqua
1407 2462 1562 2503 cinerata]
1602 2462 1718 2494 Delevi
1732 2463 1817 2501 alia.

1112 2506 1302 2536 auctoribus
1324 2506 1404 2536 Mss.
1429 2506 1549 2536 nostris
1571 2503 1711 2542 et'aliis‚
1734 2507 1816 2540 item

1112 2547 1184 2578 edd.
1208 2558 1257 2587 pr,
1280 2548 1444 2579 omnibus.
1489 2548 1568 2579 Atia
1589 2547 1737 2578 additum
1752 2553 1817 2587 est,

1112 2595 1152 2626 ut
1174 2589 1251 2621 alibi
1273 2590 1312 2620 ab
1335 2591 1386 2628 iis,
1410 2591 1465 2630 qui
1487 2590 1554 2621 vim
1578 2590 1667 2620 verbi
1689 2592 1817 2630 aliqua,

1117 2642 1174 2673 pro
1189 2633 1254 2663 alia
1269 2642 1346 2671 qua,
1363 2643 1430 2663 non
1452 2632 1720 2672 assequebantur.
1764 2633 1819 2665 Sic

1116 2675 1191 2706 infr.
1206 2686 1234 2706 c.
1249 2678 1300 2706 ⁶25.
1317 2680 1377 2706 aut
1399 2677 1508 2716 aliquo
1529 2673 1716 2717 hujusmodi
1729 2676 1821 2708 vitio.

1115 2728 1145 2747 v.
1160 2717 1250 2748 Clav.
1266 2718 1300 2747 in
1316 2717 1347 2748 h.
1364 2729 1393 2747 v.

1158 2760 1198 2790 63
1216 2759 1724 2800 Enumeraczonepeccatorum]
1742 2760 1819 2791 Sus-

1115 2800 1178 2833 tuli
1194 2804 1353 2840 omnium,
1369 2803 1483 2834 eadem
1499 2802 1538 2832 de
1553 2811 1677 2833 caussa.

1157 2845 1198 2879 69
1222 2845 1384 2888 luprimo
1397 2844 1504 2885 ulna]
1529 2855 1557 2876 c.
1575 2847 1624 2876 14.
1641 2845 1676 2878 iu
1689 2844 1748 2876 fin.
1761 2843 1821 2875 ubi

1115 2887 1179 2918 vid.
1451 2916 1454 2920 .
1516 2914 1520 2919 .
1700 2904 1703 2908 ν
