1945 3235
725 125 1016 164 BRUTUS.
1519 128 1595 163 503

147 225 426 282 Censorinus,
450 229 637 272 Murena
659 229 831 271 sublati.
862 237 955 270 tum
977 227 1165 284 primum
1189 241 1265 268 nos
1288 229 1341 270 ad
1363 244 1528 281 causaS,
1551 239 1595 270 et

146 287 335 341 privatas
360 298 403 329 et
424 289 630 344 publicas,
657 287 773 328 adire
795 287 1026 342 coepimus,
1048 299 1132 325 non
1157 293 1203 324 ut
1226 285 1269 324 in
1293 287 1387 327 foro
1410 288 1594 328 discere-

147 357 258 396 mus,
285 346 401 401 quod
431 346 621 401 plerique
654 345 863 395 fecerunt,
894 342 965 383 sed
997 351 1059 392 ut,
1083 352 1289 396 quantum
1324 357 1402 383 nos
1425 345 1595 385 efficere

147 403 452 456 potuissemus,
484 404 600 444 docti
635 403 678 443 in
712 401 853 442 forum
884 400 1170 441 veniremus.·
1206 398 1370 439 Eodem
1402 407 1684 456 tempore312

148 457 320 501 Moloni
344 461 539 501 dedimus
571 474 744 515 operam
768 475 776 500 :
809 458 1021 499 dictatore
1048 457 1162 497 enim
1189 456 1321 507 Sulla,
1353 456 1518 511 legatus
1543 459 1596 500 ad

146 527 342 558 senatum
378 519 431 558 de
472 518 742 558 Rhodiorum
784 515 973 570 praemiis
1014 523 1203 556 venerat.
1266 513 1420 569 Itaque
1459 515 1599 569 prima

147 588 276 615 causa
308 575 494 632 publica,
525 589 602 630 pro
636 573 737 614 SeX.
765 572 934 614 Roscio
966 573 1098 624 dicta,
1123 575 1156 603 1¹
1175 582 1345 613 tantum
1376 586 1598 612 commen-

145 631 333 673 dationis
368 632 534 682 habuit‚
568 642 613 672 ut
647 646 735 672 non
767 630 851 672 ulla
885 640 1010 681 esset,
1032 645 1130 686 quae
1166 644 1254 670 non
1286 629 1420 685 digna
1449 639 1598 670 nostro

147 690 389 744 patrocinio
412 689 641 730 videretur.
671 689 875 745 deinceps
907 689 1007 729 inde
1028 687 1192 739 multae,
1215 702 1320 743 quas
1345 701 1430 727 non
1454 687 1597 727 minus

145 746 375 802 diligenter
392 746 647 798 elaboratas,
665 756 707 789 et
729 757 932 802 tanquam
954 746 1226 786 elucubratas
1249 744 1548 786 afferebamus.

204 804 347 854 Nunc,
377 806 582 859 quoniam
609 815 746 846 totum
772 819 855 855 me,
883 819 971 844 non
993 818 1119 844 naevo
1150 803 1294 858 aliquo
1316 812 1391 843 aut
1414 813 1677 869 crepun-91

144 860 242 912 diis,
265 862 337 903 sed
358 877 539 918 corpore
562 863 695 914 omni,
718 862 876 903 videris
899 861 1006 902 velle
1033 874 1312 917 cognoscere,
1334 860 1686 921 complectar313

146 919 352 960 nonnulla
380 921 527 971 etiam,
560 936 658 976 quae
693 921 874 961 fortasse
905 920 1132 960 videantur
1168 918 1309 960 minus
1344 917 1599 959 necessaria.

145 972 249 1017 Erat
261 991 313 1018 eo
334 987 527 1034 tempore
549 979 592 1019 in
612 979 737 1019 nobis
761 992 927 1018 summa
949 976 1168 1034 gracilitas
1188 985 1231 1017 et
1253 975 1480 1016 infirmitas
1504 990 1600 1016 cor-

144 1035 259 1089 poris
277 1052 285 1076 :
321 1050 545 1091 procerum
564 1047 607 1077 et
624 1048 752 1077 tenue
774 1035 932 1077 collum
951 1052 959 1077 z
993 1035 1066 1090 qui
1082 1034 1257 1075 habitus
1280 1043 1323 1075 et
1342 1048 1440 1088 quae
1461 1033 1601 1089 figura

143 1106 229 1132 non
247 1093 397 1148 procul
419 1095 568 1135 abesse
592 1104 766 1151 putatur
788 1108 813 1134 a
834 1093 937 1134 vitae
955 1092 1163 1149 periculo,
1190 1095 1226 1122 12
1237 1091 1271 1132 si
1291 1091 1458 1132 accedit
1478 1091 1600 1131 labor

142 1159 186 1189 et
210 1149 388 1192 laterum
414 1166 571 1207 magna
593 1152 833 1193 contentio.
889 1149 1039 1205 quue
1062 1149 1202 1206 magis
1220 1149 1305 1190 hoc
1329 1163 1417 1199 eos,
1441 1149 1598 1204 quibus

142 1221 258 1248 eram
283 1224 421 1260 caruS,
444 1211 763 1260 commovebat,
787 1209 904 1264 quod
927 1209 1074 1249 omnia
1103 1209 1194 1248 sine
1217 1207 1483 1257 remissione,
1507 1207 1598 1247 sine

144 1265 366 1318 varietate,
382 1269 421 1307 vi
447 1282 613 1307 summa
637 1268 770 1318 vocis,
789 1277 833 1306 et
855 1267 988 1307 totius
1012 1265 1205 1322 corporis
1228 1264 1510 1306 contentione
1532 1264 1597 1305 di-

141 1323 308 1365 cebam.
372 1324 525 1380 Itaque
554 1340 653 1365 cum
678 1339 744 1365 me
766 1334 810 1365 et
831 1324 958 1365 amici
982 1332 1025 1364 et
1057 1323 1212 1364 medici
1236 1322 1525 1372 hortarentur,
1550 1330 1597 1362 ut
1608 1332 1688 1367 314

141 1395 291 1422 causas
332 1396 459 1438 agere
491 1383 766 1424 desisterem:
801 1381 985 1437 quodvis
1029 1382 1174 1437 potius
1213 1379 1453 1437 periculum
1488 1379 1594 1420 mihi

140 1438 401 1489 adeundum,
427 1442 463 1470 13
480 1455 610 1495 quam
644 1456 668 1481 a
697 1449 868 1497 sperata
900 1439 1072 1480 dicendi
1112 1438 1251 1495 gloria
1283 1437 1593 1479 discedendum

140 1497 310 1551 putavi.
371 1497 453 1538 Sed
478 1513 578 1539 cum
600 1512 834 1548 censerem,
857 1497 1109 1538 remissione
1131 1505 1174 1537 et
1196 1496 1494 1537 moderatione
1519 1510 1592 1536 vo-
1604 1502 1637 1535 b.

140 1553 217 1604 cis,
239 1564 283 1595 et
310 1565 579 1596 commutato
615 1570 771 1612 genere
804 1554 992 1606 dicendi,
1011 1569 1081 1594 me
1110 1564 1153 1595 et
1184 1553 1423 1609 periculum
1456 1553 1593 1594 vitare

140 1625 281 1666 posse,
303 1621 346 1652 et
370 1613 650 1669 temperatius
670 1613 834 1654 dicere:
858 1622 907 1653 ut
929 1611 1290 1653 consuetudinem
1310 1610 1483 1652 dicendi
1503 1625 1599 1651 mu-

141 1677 292 1720 tarem,
315 1684 366 1710 ea
397 1685 527 1711 causa
549 1671 657 1712 mihi
692 1671 734 1712 in
760 1669 908 1711 Asiam
942 1668 1249 1727 proficiscendi
1282 1668 1380 1709 fuit.
1444 1667 1598 1724 Itaque

140 1740 239 1767 cum
263 1741 398 1769 essem
433 1728 656 1770 biennium
678 1738 870 1770 versatus
894 1728 936 1769 in
958 1728 1114 1779 causis,
1144 1736 1189 1767 et
1217 1725 1311 1782 jam
1345 1726 1389 1766 in
1413 1725 1508 1767 foro
1527 1740 1598 1767 ce-

141 1783 355 1825 lebratum
378 1800 521 1827 meum
552 1801 709 1828 nomen
740 1797 866 1838 esset,
893 1786 1036 1827 Roma
1066 1799 1159 1826 sum
1183 1784 1422 1841 profectus.
1484 1783 1688 1831 Cum315

142 1842 354 1883 venissem
384 1843 593 1896 Athenas,
618 1860 691 1886 sex
724 1859 892 1886 menses
925 1858 1024 1885 cum
1046 1842 1287 1893 Antioclm,
1306 1842 1463 1883 veteris
1485 1840 1600 1883 Aca-

139 1899 295 1940 demiae
320 1901 590 1943 nobilissimo
621 1912 664 1944 et
694 1902 1031 1958 prudentissimo
1059 1899 1337 1957 philosopho,
1360 1899 1438 1951 fui,
1462 1899 1600 1941 studi-

141 1971 301 2013 umque
343 1958 633 2016 philosophiae
673 1974 908 2016 numquam
950 1958 1260 2008 intermissum,
1309 1972 1334 1998 a
1373 1957 1600 2013 primaque

142 2014 436 2057 adolescentia
466 2019 647 2069 cultum,
669 2027 712 2058 et
744 2031 912 2074 semper
945 2027 1137 2068 auctum,
1160 2015 1244 2057 hoc
1266 2029 1410 2056 rursus
1428 2029 1599 2056 summo

140 2082 318 2114 auctore
339 2083 381 2115 et
395 2075 588 2126 doctore,
613 2076 832 2117 renovavi.
898 2074 1063 2116 Eodem
1086 2082 1231 2115 tamen
1253 2083 1448 2128 tempore
1462 2072 1600 2113 Athe-

140 2129 207 2171 nis
229 2131 345 2188 apud
373 2132 645 2174 Demetrium
669 2134 843 2190 Syrum,
867 2142 1054 2173 veterem
1086 2141 1130 2172 et
1159 2146 1244 2186 non
1275 2130 1515 2187 ignobilem
1535 2130 1600 2172 di-

139 2189 265 2230 cendi
297 2191 569 2247 magistrum,
608 2192 799 2232 studiose
832 2190 1025 2232 exerceri
1063 2190 1270 2231 solebam.
1333 2187 1440 2229 Post
1473 2204 1498 2230 a
1530 2202 1601 2230 me

139 2244 246 2287 Asia
275 2257 368 2288 tota
400 2259 627 2305 peragrata
662 2259 742 2300 est,
775 2263 872 2290 cum
911 2248 1090 2289 summis
1129 2247 1306 2303 quidem
1337 2246 1599 2297 oratoribus,

139 2304 398 2359 quibuscum
423 2308 657 2348 exercebar
687 2307 790 2363 ipsis
814 2306 1079 2357 lubentibus,
1106 2308 1145 2336 14
1158 2318 1343 2361 quorum
1367 2312 1459 2344 erat
1481 2304 1600 2360 prin-

141 2376 243 2417 ceps
271 2362 511 2420 Menippus
542 2364 892 2415 Stratonicensis,
917 2377 1013 2404 meo
1037 2363 1226 2419 judicio,
1249 2371 1342 2403 tota
1364 2361 1484 2412 Asia,
1516 2361 1599 2403 illis

142 2420 425 2476 temporibuS,
457 2422 789 2464 disertissimus:
822 2432 880 2474 et,
904 2422 937 2463 si
969 2421 1079 2463 nihil
1104 2421 1265 2462 habere
1286 2419 1598 2471 molestiarum,

186 2548 218 2574 11
245 2549 376 2577 tantum
392 2557 507 2578 comm.
531 2548 659 2588 habuit]
686 2548 746 2578 Ed.
761 2549 846 2580 Ven.
888 2547 983 2587 dum]
1024 2546 1165 2577 Videtur
1203 2546 1318 2579 Cicero
1358 2544 1600 2576 desciscendum

139 2587 228 2618 Med.
255 2589 367 2626 habui,
394 2590 481 2629 quod
506 2596 540 2621 et
563 2591 598 2621 in
621 2591 702 2622 Mss.
719 2591 845 2622 duobus
888 2591 1079 2630 scripsisse3
1115 2599 1192 2619 nam
1223 2587 1385 2619 discedere
1413 2597 1436 2618 a
1463 2592 1601 2628 sperata

139 2635 305 2669 repertum
321 2632 438 2672 probat
453 2634 626 2664 Gruterus.
641 2644 708 2664 non
732 2633 819 2664 male
833 2646 843 2672 3
885 2634 1009 2671 gloria,
1025 2632 1079 2662 vix
1101 2631 1184 2662 bene
1204 2635 1238 2661 et
1260 2630 1432 2661 commode
1452 2631 1573 2661 dieitur
1587 2640 1598 2669 ;

137 2672 317 2704 secundum
347 2680 540 2706 contextum
557 2676 700 2715 quidem.
727 2686 845 2707 caussa
888 2681 923 2706 at
938 2686 959 2705 a
969 2685 1023 2715 spe
1038 2675 1222 2711 desciscere,
1237 2672 1420 2704 commode.

131 2725 168 2755 p.
183 2715 284 2752 dicta,
299 2716 331 2746 in
345 2717 488 2748 ablativo
501 2718 667 2759 capienda.
935 2721 972 2749 14
994 2727 1134 2758 quo-rum
1159 2720 1234 2747 erat
1253 2715 1422 2757 princeps]
1448 2714 1599 2755 Suspica-

185 2760 222 2787 12
235 2759 263 2788 si
283 2760 407 2790 accedit
434 2761 538 2800 labor]
566 2762 644 2792 Sine
667 2761 766 2792 dubio
793 2761 847 2791 Ci-
889 2764 943 2790 tus
957 2759 1134 2800 aliquando
1147 2770 1240 2790 sum:
1273 2758 1404 2789 Horum
1419 2762 1494 2788 erat
1502 2766 1539 2797 p.
1557 2766 1598 2787 ne

138 2809 214 2830 cero
239 2802 370 2842 scripsit
393 2804 528 2834 accedat
541 2816 550 2834 .·
588 2814 666 2834 nam
691 2803 848 2845 praecedit
890 2803 1065 2834 relativum
1078 2806 1292 2833 concurreret
1305 2801 1395 2832 brevi
1412 2798 1598 2832 intervallo.

129 2847 278 2884 putatur
291 2853 354 2874 non
363 2845 470 2876 abesse
483 2856 504 2876 α
512 2847 671 2886 periculo.
778 2870 780 2873 ,
889 2846 951 2876 Sed
969 2846 1032 2877 vid.
1047 2845 1089 2877 ad
1103 2856 1130 2876 e.
1149 2845 1205 2880 67.

183 2888 219 2917 13
246 2895 346 2928 quam
370 2897 392 2918 a
412 2893 546 2932 sperata
556 2890 669 2930 gloria
683 2888 846 2921 disceden-

802 2931 936 2974 xk4
