1945 3235
693 118 878 157 LIBER
911 118 1152 156 PRIMUS.
1565 121 1642 156 263

198 230 277 273 ret,
300 221 480 280 insignis
502 232 567 264 est
588 224 884 280 impudentiae.
920 221 999 263 Illa
1020 235 1121 263 vero
1142 221 1374 262 deridenda
1394 221 1640 277 arrogantia
1655 225 1729 265 174

196 289 275 329 est,
298 281 339 321 in
364 282 601 322 minoribus
624 282 807 337 navigiis
831 281 977 321 rudem
997 293 1088 319 esse
1111 293 1154 319 se
1175 278 1397 330 confiteri3
1429 279 1639 334 quinque-

197 350 347 388 remes,
370 348 443 379 aut
464 339 592 379 etiam
625 339 823 393 majores,
845 340 885 369 ‘24
898 338 1138 394 gubernare
1168 335 1383 376 didicisse.
1443 335 1508 376 Tu
1532 336 1638 377 mihi

195 408 294 434 cum
324 397 416 436 Q5jn
449 395 608 436 circulo
632 397 848 452 decipiare
879 393 1110 436 adversarii
1141 392 1507 448 stipulatiuncula,
1538 408 1638 435 cum

194 452 398 509 obsignes
422 453 597 494 tabellas
620 453 787 494 clientis
813 453 890 503 tui,
913 452 1069 507 quibus
1102 451 1144 492 in
1177 449 1343 491 tabellis
1375 449 1417 490 id
1449 450 1505 489 sit
1535 451 1638 490 scri-

194 519 331 564 ptum,
363 525 448 565 quo
480 510 549 551 ille
581 511 800 566 capiatur3
831 524 914 566 ego
949 509 1029 549 tibi
1063 508 1191 549 ullam
1220 521 1394 548 causam
1428 506 1638 561 majorem

193 568 548 608 committendam
580 570 755 623 putem?
787 569 914 609 citius
946 566 1118 607 hercule
1149 566 1198 615 is,
1220 565 1294 620 qui
1317 564 1500 605 duorum
1531 564 1638 604 scal-

192 637 359 665 morum
392 624 633 665 naviculam
668 626 710 666 in
744 636 871 680 portu
893 625 1108 674 everterit,
1131 623 1176 664 in
1200 621 1374 663 Euxino
1398 629 1533 677 ponto
1556 620 1637 661 Ar-

192 691 479 737 gonautarum
503 697 654 723 navem
678 683 942 739 gubernarit.
986 682 1132 728 Quid?
1165 680 1198 720 si
1222 694 1274 721 ne
1296 694 1439 735 parvae
1461 678 1635 733 quidem
1653 689 1723 728 175

190 753 330 779 causae
364 749 477 790 sunt,
509 740 580 780 sed
613 755 728 797 saepe
759 741 978 790 maximae,
1002 739 1045 779 in
1067 739 1223 794 quibus
1246 746 1433 778 certatur
1459 736 1512 776 de
1534 735 1635 791 jure

189 796 331 847 civili3
363 798 477 852 quod
501 798 674 838 tandem
697 814 743 838 os
765 808 830 839 est
861 798 972 838 illius
1004 796 1191 853 patroni,
1212 795 1286 850 qui
1317 795 1370 835 ad
1393 808 1463 835 eas
1485 809 1633 835 causas

188 853 279 894 sine
302 853 385 895 ulla
407 856 711 910 scientiajt11·is
734 856 774 887 26
787 856 916 896 audet
937 855 1167 895 accedere?
1199 853 1312 900 Quae
1335 852 1478 908 potuit
1501 851 1636 907 igitur

185 925 278 952 esse
298 925 427 953 causa
456 913 608 967 major,
631 928 760 968 quam
792 914 902 954 illius
935 913 1110 953 militis?
1142 911 1195 952 de
1216 910 1340 966 cujus
1371 918 1510 950 morte
1532 923 1634 950 cum

186 968 363 1009 domum
397 969 526 1010 falsus
557 972 610 1011 ab
639 971 832 1012 exercitu
864 970 1040 1011 nuntius
1074 968 1272 1019 venisset,
1300 977 1344 1008 et
1372 977 1494 1023 pater
1523 967 1633 1021 ejuS,

186 1040 230 1067 re
260 1027 437 1078 credita,
461 1038 765 1069 testamentum
798 1038 1017 1078 mutasset,
1039 1036 1082 1067 et
1112 1040 1240 1080 quem
1271 1026 1309 1066 ei
1341 1026 1480 1066 visum
1505 1034 1631 1075 esset,

186 1082 357 1124 fecisset
390 1085 601 1136 heredem,
624 1097 819 1141 essetque
852 1087 941 1142 ipse
972 1095 1192 1125 mortuus:
1225 1098 1290 1124 res
1321 1082 1463 1123 delata
1483 1091 1547 1123 est
1577 1083 1632 1124 ad

185 1143 491 1194 centumvir-05,
513 1159 611 1184 cum
645 1143 763 1184 miles
787 1144 964 1184 domum
996 1141 1242 1192 revenisset,
1261 1141 1506 1196 egissetque
1536 1139 1631 1196 lege

183 1198 226 1239 in
279 1199 560 1241 hereditatem
610 1211 830 1256 paternam
874 1202 912 1234 27
925 1201 1204 1253 [testamento
1253 1198 1433 1239 exheres
1480 1196 1628 1251 filiusJ.

186 1256 355 1312 Nempe
387 1259 430 1298 in
462 1273 510 1299 ea
538 1274 667 1299 causa
697 1259 928 1313 quaesitum
960 1268 1025 1298 est
1054 1257 1107 1297 de
1131 1256 1231 1311 jure
1264 1255 1397 1305 civili,
1428 1265 1671 1309 possetneb.

182 1324 457 1369 paternorum
492 1317 699 1356 bonorum
724 1316 903 1356 exheres
925 1329 1016 1355 esse
1047 1314 1174 1364 filius,
1195 1328 1324 1369 quem
1356 1321 1475 1368 pater
1499 1322 1629 1353 testa-

183 1382 330 1413 mento
356 1387 492 1428 neque
526 1373 739 1425 heredem,
773 1387 909 1428 neque
930 1372 1187 1413 exheredem
1220 1371 1460 1426 scripsisset
1489 1370 1630 1410 nomi-

179 1430 314 1470 natim
335 1433 349 1472 ?
381 1431 527 1477 Quid?
558 1447 642 1487 qua
664 1431 715 1472 de
738 1445 781 1472 re
805 1432 915 1472 inter
947 1429 1178 1470 Marcellos
1200 1438 1242 1469 et
1266 1428 1472 1469 Claudios
1495 1427 1627 1483 patri-
1640 1420 1713 1476 39

179 1486 270 1527 cios
303 1488 559 1529 centumviri
588 1489 857 1543 judicarunt,
891 1503 989 1528 cum
1029 1486 1226 1527 Marcelli
1265 1488 1319 1527 ab
1359 1485 1499 1526 liberti
1536 1485 1624 1526 filio
1642 1493 1715 1532 176

179 1545 326 1601 stirpe,
343 1545 512 1587 Claudii
536 1546 704 1602 patricii
728 1549 767 1578 ‘28
778 1546 970 1602 ejusdem
995 1545 1181 1586 hominis
1202 1544 1498 1593 hereditatem,
1521 1557 1627 1598 gen-

178 1610 222 1642 te
243 1603 296 1644 ad
319 1618 362 1644 se
385 1604 558 1645 rediisse
579 1605 796 1656 dicereut3
828 1617 971 1644 nonne
994 1603 1035 1643 in
1059 1618 1109 1643 ea
1127 1617 1255 1643 causa
1278 1601 1361 1642 fuit
1382 1601 1625 1641 oratoribus

179 1659 232 1699 de
260 1669 352 1702 toto
375 1661 519 1717 stirpis
551 1677 600 1703 ac
632 1661 886 1718 gentilitatis
911 1661 1012 1716 jure
1039 1660 1298 1701 dicendum?
1331 1657 1478 1705 Quid?
1508 1658 1625 1713 quod
1641 1665 1715 1705 177

177 1716 281 1757 item
314 1718 355 1758 in
388 1719 684 1760 centumvirali
708 1719 879 1774 judicio
902 1728 1112 1759 certatum
1145 1732 1237 1758 esse
1268 1716 1528 1771 accepimus,
1550 1716 1626 1771 qui

180 1773 364 1815 Romam
385 1776 427 1816 in
448 1776 647 1817 exsilium
667 1778 864 1827 venisset,
884 1778 923 1810 29
936 1777 1004 1816 cui
1025 1776 1178 1817 Romae
1196 1774 1391 1817 exsulare
1405 1773 1480 1829 jus
1498 1781 1625 1825 esset,

178 1831 211 1871 si
237 1847 280 1872 se
301 1834 352 1874 ad
376 1834 560 1889 aliquem
583 1834 704 1889 quasi
730 1844 959 1889 patronum
991 1833 1308 1890 applicavisset,
1333 1831 1623 1886 intestatoque

177 1890 217 1918 30
231 1900 341 1931 esset
364 1902 578 1933 mortuus:
640 1893 666 1918 ²*
728 1893 754 1918 ἧς
815 1893 840 1918 ²³⁶²
902 1905 1045 1932 nonne
1078 1891 1121 1931 in
1152 1904 1202 1930 ea
1226 1904 1356 1930 causa
1377 1889 1452 1944 jus
1484 1888 1624 1945 appli-

175 1948 373 1999 cationis,
397 1950 626 1991 obscurum
651 1964 750 1990 sane
772 1958 814 1990 et
846 1949 1060 2004 ignotum,
1085 1947 1349 2004 patefactum
1381 1948 1425 1988 in
1450 1946 1622 2002 judicio

175 2014 304 2060 atque
326 2006 584 2048 illustratum
606 2017 670 2048 est
700 2023 723 2048 a
745 2008 957 2063 patrono?
989 2006 1136 2053 Quid?
1168 2019 1318 2062 nuper,
1341 2019 1440 2046 cum
1462 2018 1545 2062 ego
1568 2002 1620 2046 C.
1636 2005 1710 2046 178

915 2157 994 2183 vett.
1007 2152 1168 2192 rescripsi,
1180 2162 1238 2192 pro
1249 2152 1403 2182 nominis.-
1417 2150 1532 2191 quibus
1544 2161 1623 2181 con.

913 2196 1015 2226 sentit
1030 2195 1093 2226 ΜΒ.
1108 2195 1146 2226 Ε.
1186 2195 1273 2235 Quid
1288 2195 1377 2225 enim
1392 2202 1442 2225 est
1458 2194 1622 2225 hereditas

914 2239 1079 2268 nominis?
1102 2238 1142 2267 ab
1157 2247 1266 2267 errore
1289 2237 1421 2276 quidem
1443 2246 1619 2276 operarum

914 2281 985 2311 haec
1010 2280 1107 2310 lectio
1123 2286 1209 2317 orta,
1230 2280 1359 2319 decepit
1380 2279 1483 2309 etiam
1504 2278 1619 2310 doctos

913 2323 1077 2359 homines,
1095 2328 1131 2353 ut
1149 2322 1263 2352 multae
1279 2322 1349 2352 aliae
1366 2321 1499 2351 similes.

956 2369 998 2399 ⁶29
1020 2367 1072 2395 οιιί
1110 2365 1220 2396 Romoe
1256 2365 1393 2395 exulare
1420 2363 1482 2403 jus
1509 2363 1614 2404 esset]

210 2154 252 2183 ⁶24
271 2154 459 2192 gubernare
478 2154 651 2194 didicisse]
678 2153 871 2192 Intelligen-

167 2193 245 2225 dum
269 2206 286 2225 e
309 2197 466 2237 confiteri,
488 2197 606 2234 dicere,
629 2203 686 2227 aut
710 2196 870 2235 ejusmodi

169 2237 259 2276 quid,
306 2243 441 2278 propter
482 2240 616 2270 verbum
662 2240 870 2279 arrogantiae.

169 2290 246 2310 nam
265 2281 298 2310 in
312 2280 464 2311 discendo
481 2292 546 2312 non
562 2288 610 2312 est
626 2282 826 2321 arrogantia.

211 2324 251 2353 25
274 2325 309 2353 in
334 2324 481 2363 circula]
511 2325 530 2356 i.
557 2325 591 2354 in
617 2330 780 2354 conventu
805 2324 870 2364 pri-

168 2373 258 2401 vato,
274 2376 349 2396 cum
366 2367 518 2406 privatim
534 2372 680 2407 aguntur
694 2376 756 2402 res,
772 2377 870 2407 spon-

168 2407 287 2445 siones,
314 2409 501 2440 vadimonia
525 2411 582 2440 &c.
609 2410 747 2440 tabellas
772 2409 870 2440 intel-

169 2449 233 2489 lige
259 2461 288 2482 v.
316 2462 344 2481 c.
370 2452 537 2489 emtionis,
561 2452 772 2489 venditionis,
795 2462 870 2493 syn-

168 2493 306 2532 graphas
323 2495 380 2524 &a

211 2535 251 2565 26
262 2537 317 2575 qui
325 2537 447 2576 audet]
466 2537 516 2567 An
531 2538 584 2576 qui
595 2537 742 2566 audeat?
757 2546 870 2567 sensus

168 2585 260 2607 meus
275 2577 448 2609 latinitatis
465 2580 526 2611 hoc
541 2579 712 2609 desiderat.

209 2621 247 2652 27
271 2624 460 2652 testamento
487 2624 618 2652 mlieres
632 2621 758 2662 filius]
786 2621 869 2651 Haec

167 2661 274 2699 uncis,
288 2668 328 2692 ut
348 2665 469 2703 spuria,
484 2664 622 2701 inclusi,
648 2674 723 2694 nam
748 2664 869 2693 niedim

166 2703 266 2734 criter
288 2704 440 2736 adsuetus
462 2707 622 2737 latinitati
648 2707 766 2737 veteris
783 2707 869 2745 juris

166 2745 262 2776 facile
289 2749 423 2784 sentiat,
450 2749 520 2780 haec
543 2759 611 2780 esse
638 2749 763 2789 inepta,
789 2755 823 2778 et
850 2759 869 2779 a

167 2788 346 2827 glossatore
360 2790 534 2832 adscripta,
550 2794 606 2831 qui
620 2803 638 2822 e
658 2792 868 2831 sequentibus

166 2830 308 2870 glossam
323 2831 408 2863 hanc
423 2835 552 2864 sumsit.

208 2875 248 2906 98
263 2873 406 2915 ejusdem
421 2877 559 2908 hominis
574 2876 656 2917 her.]
675 2876 729 2907 Sic
743 2886 783 2907 ex
797 2874 868 2906 edd.

913 2407 974 2439 Ed.
991 2408 1043 2438 W.
1062 2407 1152 2448 Lips.
1177 2407 1302 2437 addunt
1324 2407 1548 2446 negationem,
1564 2407 1618 2438 cui

913 2450 957 2482 R..
973 2461 1000 2481 e.
1018 2449 1079 2491 jus
1100 2461 1163 2480 non
1185 2454 1273 2480 esset.
1318 2449 1382 2479 Ms.
1405 2448 1443 2478 Ε.
1463 2448 1616 2480 Romam.

913 2493 1021 2534 ‚Qzecm'
1051 2497 1232 2532 patronum
1269 2491 1414 2532 appellat
1449 2501 1539 2527 eum,
1575 2491 1617 2524 ad

913 2546 1009 2575 quem
1045 2545 1079 2565 se
1114 2534 1336 2576 applicuisset,
1372 2534 1450 2573 quia
1482 2534 1615 2574 patroni

912 2578 1041 2619 proprie
1055 2582 1134 2608 sunt
1149 2577 1268 2608 civium
1282 2577 1523 2607 Romanorum.

954 2623 995 2651 30
1017 2625 1095 2650 esset
1124 2619 1297 2659 mortuus]
1336 2619 1399 2649 Hic
1427 2617 1547 2649 lacuna
1571 2617 1615 2647 sit

912 2671 1042 2694 necesse
1056 2667 1118 2699 est,
1134 2672 1232 2702 quam
1256 2661 1423 2692 neminem
1440 2660 1545 2701 reperi
1559 2659 1616 2691 de-

912 2705 1130 2746 prehendisse.
1155 2704 1284 2746 Nempe
1296 2713 1496 2742 consequens
1510 2702 1615 2739 deest,

912 2758 976 2787 quo
991 2757 1094 2787 genus
1109 2757 1232 2778 caussae
1246 2753 1281 2777 et
1302 2746 1491 2786 quaestionis
1504 2744 1615 2775 trada-

911 2795 980 2825 tur,
996 2800 1128 2831 nempe,
1144 2800 1186 2820 an
1208 2789 1372 2824 hereditas
1386 2798 1425 2818 ea
1441 2787 1481 2818 ad
1505 2792 1616 2827 patro.

913 2843 994 2864 num
1009 2833 1105 2863 illum
1121 2832 1245 2869 redeat,
1260 2837 1299 2862 ut
1314 2832 1523 2867 libertorum,
1538 2838 1616 2860 neo·

913 2885 954 2907 ne
969 2876 1029 2907 διε.
1053 2875 1105 2907 De
1121 2874 1433 2918 applieationisjure
1446 2882 1478 2904 v.
1492 2871 1589 2906 Clav-

859 2925 930 2961 s4
