<?xml version="1.0" encoding="UTF-8"?>
<!DOCTYPE html PUBLIC "-//W3C//DTD XHTML 1.0 Transitional//EN"
    "http://www.w3.org/TR/xhtml1/DTD/xhtml1-transitional.dtd">
<html xmlns="http://www.w3.org/1999/xhtml" xml:lang="en" lang="en">
 <head>
  <title>
</title>
<meta http-equiv="Content-Type" content="text/html;charset=utf-8" />
  <meta name='ocr-system' content='tesseract 3.04.00' />
  <meta name='ocr-capabilities' content='ocr_page ocr_carea ocr_par ocr_line ocrx_word'/>
</head>
<body>
  <div class='ocr_page' id='page_1' title='image "./operaomnia01ciceuoft/operaomnia01ciceuoft_0108.png"; bbox 0 0 1945 3235; ppageno 0'>
   <div class='ocr_carea' id='block_1_1' title="bbox 359 113 1327 156">
    <p class='ocr_par' dir='ltr' id='par_1_1' title="bbox 359 113 1327 156">
     <span class='ocr_line' id='line_1_1' title="bbox 359 113 1327 156; baseline 0.003 -3"><span class='ocrx_word' id='word_1_1' title='bbox 359 116 410 153; x_wconf 76' lang='lat'><strong><em>36</em></strong></span> <span class='ocrx_word' id='word_1_2' title='bbox 839 115 918 154; x_wconf 74' lang='lat' dir='ltr'><strong><em>AD</em></strong></span> <span class='ocrx_word' id='word_1_3' title='bbox 946 113 1327 156; x_wconf 83' lang='lat' dir='ltr'>HERENNIUM</span> 
     </span>
    </p>
   </div>
   <div class='ocr_carea' id='block_1_2' title="bbox 461 217 1689 585">
    <p class='ocr_par' dir='ltr' id='par_1_2' title="bbox 461 217 1689 585">
     <span class='ocr_line' id='line_1_2' title="bbox 465 217 1689 271; baseline 0.004 -17"><span class='ocrx_word' id='word_1_4' title='bbox 465 217 635 256; x_wconf 75' lang='lat' dir='ltr'><strong><em>Insanum</em></strong></span> <span class='ocrx_word' id='word_1_5' title='bbox 667 225 785 257; x_wconf 76' lang='lat' dir='ltr'><strong><em>autem</em></strong></span> <span class='ocrx_word' id='word_1_6' title='bbox 806 220 920 268; x_wconf 80' lang='lat' dir='ltr'><strong><em>ajunt,</em></strong></span> <span class='ocrx_word' id='word_1_7' title='bbox 941 225 1027 271; x_wconf 78' lang='lat' dir='ltr'><strong><em>quia</em></strong></span> <span class='ocrx_word' id='word_1_8' title='bbox 1052 227 1170 264; x_wconf 75' lang='lat' dir='ltr'><strong><em>atrox,</em></strong></span> <span class='ocrx_word' id='word_1_9' title='bbox 1190 224 1340 265; x_wconf 80' lang='lat' dir='ltr'><strong><em>incerta,</em></strong></span> <span class='ocrx_word' id='word_1_10' title='bbox 1367 219 1616 270; x_wconf 77' lang='lat' dir='ltr'><strong><em>instabilisque</em></strong></span> <span class='ocrx_word' id='word_1_11' title='bbox 1629 222 1689 260; x_wconf 74' lang='lat' dir='ltr'><strong><em>sit,</em></strong></span> 
     </span>
     <span class='ocr_line' id='line_1_3' title="bbox 462 271 1672 323; baseline 0.003 -15"><span class='ocrx_word' id='word_1_12' title='bbox 462 271 632 314; x_wconf 73' lang='lat' dir='ltr'><strong><em>Brutum,</em></strong></span> <span class='ocrx_word' id='word_1_13' title='bbox 655 275 741 321; x_wconf 82' lang='lat' dir='ltr'><strong><em>quia</em></strong></span> <span class='ocrx_word' id='word_1_14' title='bbox 757 275 902 321; x_wconf 77' lang='lat' dir='ltr'><strong><em>dignum</em></strong></span> <span class='ocrx_word' id='word_1_15' title='bbox 924 281 1032 323; x_wconf 79' lang='lat' dir='ltr'><strong><em>atque</em></strong></span> <span class='ocrx_word' id='word_1_16' title='bbox 1051 276 1238 321; x_wconf 76' lang='lat' dir='ltr'><strong><em>indignum</em></strong></span> <span class='ocrx_word' id='word_1_17' title='bbox 1256 278 1407 322; x_wconf 81' lang='lat' dir='ltr'><em>nequeat</em></span> <span class='ocrx_word' id='word_1_18' title='bbox 1424 275 1672 312; x_wconf 77' lang='lat' dir='ltr'><strong><em>internoscere.</em></strong></span> 
     </span>
     <span class='ocr_line' id='line_1_4' title="bbox 463 323 1656 376; baseline 0.003 -18"><span class='ocrx_word' id='word_1_19' title='bbox 463 323 555 359; x_wconf 83' lang='lat' dir='ltr'><em>Sunt</em></span> <span class='ocrx_word' id='word_1_20' title='bbox 575 329 693 360; x_wconf 79' lang='lat' dir='ltr'><strong><em>autem</em></strong></span> <span class='ocrx_word' id='word_1_21' title='bbox 713 326 777 361; x_wconf 73' lang='lat' dir='ltr'><strong><em>alii</em></strong></span> <span class='ocrx_word' id='word_1_22' title='bbox 798 325 1024 375; x_wconf 75' lang='lat' dir='ltr'><em>Philosophi,</em></span> <span class='ocrx_word' id='word_1_23' title='bbox 1044 330 1105 375; x_wconf 82' lang='lat' dir='ltr'><strong><em>qui</em></strong></span> <span class='ocrx_word' id='word_1_24' title='bbox 1124 329 1163 356; x_wconf 74' lang='grc'><strong><em>88</em></strong></span> <span class='ocrx_word' id='word_1_25' title='bbox 1179 326 1507 376; x_wconf 82' lang='lat' dir='ltr'><strong><em>contrafortunam</em></strong></span> <span class='ocrx_word' id='word_1_26' title='bbox 1526 330 1656 374; x_wconf 78' lang='lat' dir='ltr'><strong><em>negent</em></strong></span> 
     </span>
     <span class='ocr_line' id='line_1_5' title="bbox 462 375 1632 426; baseline 0.001 -14"><span class='ocrx_word' id='word_1_27' title='bbox 462 375 650 412; x_wconf 70' lang='lat' dir='ltr'><strong><em>Miser-iam</em></strong></span> <span class='ocrx_word' id='word_1_28' title='bbox 671 389 742 413; x_wconf 75' lang='lat' dir='ltr'><strong><em>esse</em></strong></span> <span class='ocrx_word' id='word_1_29' title='bbox 761 378 884 418; x_wconf 83' lang='lat' dir='ltr'><strong><em>ullam,</em></strong></span> <span class='ocrx_word' id='word_1_30' title='bbox 904 380 966 415; x_wconf 82' lang='lat' dir='ltr'><strong><em>sed</em></strong></span> <span class='ocrx_word' id='word_1_31' title='bbox 985 382 1186 417; x_wconf 76' lang='lat' dir='ltr'><strong><em>temer-itate</em></strong></span> <span class='ocrx_word' id='word_1_32' title='bbox 1204 381 1325 415; x_wconf 81' lang='lat' dir='ltr'><strong><em>omnia</em></strong></span> <span class='ocrx_word' id='word_1_33' title='bbox 1341 380 1430 425; x_wconf 81' lang='lat' dir='ltr'><strong><em>regi.</em></strong></span> <span class='ocrx_word' id='word_1_34' title='bbox 1459 378 1496 413; x_wconf 75' lang='lat' dir='ltr'><strong><em>id</em></strong></span> <span class='ocrx_word' id='word_1_35' title='bbox 1517 379 1632 426; x_wconf 71' lang='lat' dir='ltr'><strong><em>magis</em></strong></span> 
     </span>
     <span class='ocr_line' id='line_1_6' title="bbox 468 427 1571 481; baseline 0.002 -18"><span class='ocrx_word' id='word_1_36' title='bbox 468 427 667 464; x_wconf 69' lang='lat' dir='ltr'><strong><em>Verisimile</em></strong></span> <span class='ocrx_word' id='word_1_37' title='bbox 684 428 787 475; x_wconf 72' lang='grc' dir='ltr'><em>(ῃίιηΐ</em></span> <span class='ocrx_word' id='word_1_38' title='bbox 798 445 810 470; x_wconf 84' lang='grc'><strong><em>,·</em></strong></span> <span class='ocrx_word' id='word_1_39' title='bbox 840 432 936 478; x_wconf 83' lang='lat' dir='ltr'><strong><em>quod</em></strong></span> <span class='ocrx_word' id='word_1_40' title='bbox 963 444 1044 468; x_wconf 54' lang='lat' dir='ltr'><strong><em>uitus</em></strong></span> <span class='ocrx_word' id='word_1_41' title='bbox 1062 445 1186 481; x_wconf 67' lang='lat' dir='ltr'><strong><em>reapse</em></strong></span> <span class='ocrx_word' id='word_1_42' title='bbox 1203 432 1419 479; x_wconf 63' lang='lat' dir='ltr'><strong><em>experiundo</em></strong></span> <span class='ocrx_word' id='word_1_43' title='bbox 1437 431 1571 466; x_wconf 80' lang='lat' dir='ltr'><strong><em>edocet.</em></strong></span> 
     </span>
     <span class='ocr_line' id='line_1_7' title="bbox 467 479 1587 532; baseline 0.002 -17"><span class='ocrx_word' id='word_1_44' title='bbox 467 479 571 516; x_wconf 83' lang='lat' dir='ltr'><strong><em>Velut</em></strong></span> <span class='ocrx_word' id='word_1_45' title='bbox 593 482 732 517; x_wconf 76' lang='lat' dir='ltr'><strong><em>Orestes</em></strong></span> <span class='ocrx_word' id='word_1_46' title='bbox 752 484 854 518; x_wconf 80' lang='lat' dir='ltr'><strong><em>modo</em></strong></span> <span class='ocrx_word' id='word_1_47' title='bbox 863 482 945 532; x_wconf 80' lang='lat' dir='ltr'><strong><em>fuit</em></strong></span> <span class='ocrx_word' id='word_1_48' title='bbox 963 495 1036 525; x_wconf 71' lang='lat' dir='ltr'><strong><em>rex,</em></strong></span> <span class='ocrx_word' id='word_1_49' title='bbox 1054 487 1158 521; x_wconf 77' lang='lat' dir='ltr'><strong><em>modo</em></strong></span> <span class='ocrx_word' id='word_1_50' title='bbox 1174 484 1353 519; x_wconf 79' lang='lat' dir='ltr'><strong><em>mendicus</em></strong></span> <span class='ocrx_word' id='word_1_51' title='bbox 1361 481 1491 531; x_wconf 75' lang='lat' dir='ltr'><strong><em>fitetus</em></strong></span> <span class='ocrx_word' id='word_1_52' title='bbox 1509 486 1561 518; x_wconf 88' lang='lat' dir='ltr'><strong><em>est</em></strong></span> <span class='ocrx_word' id='word_1_53' title='bbox 1573 497 1587 518; x_wconf 82' lang='lat'><strong><em>.-</em></strong></span> 
     </span>
     <span class='ocr_line' id='line_1_8' title="bbox 461 533 1661 585; baseline 0.003 -16"><span class='ocrx_word' id='word_1_54' title='bbox 461 533 671 583; x_wconf 49' lang='lat' dir='ltr'><strong><em>Naufragio</em></strong></span> <span class='ocrx_word' id='word_1_55' title='bbox 690 546 744 570; x_wconf 81' lang='lat' dir='ltr'><strong><em>res</em></strong></span> <span class='ocrx_word' id='word_1_56' title='bbox 760 537 924 582; x_wconf 68' lang='lat' dir='ltr'><strong><em>contigit.</em></strong></span> <span class='ocrx_word' id='word_1_57' title='bbox 979 535 1116 584; x_wconf 80' lang='lat' dir='ltr'><strong><em>Nempe</em></strong></span> <span class='ocrx_word' id='word_1_58' title='bbox 1133 549 1217 585; x_wconf 81' lang='lat' dir='ltr'><strong><em>ergo</em></strong></span> <span class='ocrx_word' id='word_1_59' title='bbox 1236 535 1501 585; x_wconf 79' lang='lat' dir='ltr'><strong><em>haudsortuna</em></strong></span> <span class='ocrx_word' id='word_1_60' title='bbox 1518 535 1661 582; x_wconf 80' lang='lat' dir='ltr'><strong><em>obtigit.</em></strong></span> 
     </span>
    </p>
   </div>
   <div class='ocr_carea' id='block_1_3' title="bbox 275 619 1798 2050">
    <p class='ocr_par' dir='ltr' id='par_1_3' title="bbox 355 619 1794 795">
     <span class='ocr_line' id='line_1_9' title="bbox 357 619 1794 677; baseline 0.001 -14"><span class='ocrx_word' id='word_1_61' title='bbox 357 619 471 664; x_wconf 77' lang='lat' dir='ltr'><strong><em>Nam</em></strong></span> <span class='ocrx_word' id='word_1_62' title='bbox 502 621 572 663; x_wconf 81' lang='lat' dir='ltr'><strong><em>hic</em></strong></span> <span class='ocrx_word' id='word_1_63' title='bbox 610 622 823 664; x_wconf 75' lang='lat' dir='ltr'><strong><em>Pacuvius</em></strong></span> <span class='ocrx_word' id='word_1_64' title='bbox 857 623 1027 665; x_wconf 81' lang='lat' dir='ltr'><strong><em>infirma</em></strong></span> <span class='ocrx_word' id='word_1_65' title='bbox 1055 626 1220 667; x_wconf 75' lang='lat' dir='ltr'><strong><em>ratione</em></strong></span> <span class='ocrx_word' id='word_1_66' title='bbox 1243 625 1391 676; x_wconf 89' lang='lat' dir='ltr'><strong><em>utitur,</em></strong></span> <span class='ocrx_word' id='word_1_67' title='bbox 1425 638 1524 665; x_wconf 90' lang='lat' dir='ltr'><strong><em>cum</em></strong></span> <span class='ocrx_word' id='word_1_68' title='bbox 1546 623 1621 677; x_wconf 84' lang='lat' dir='ltr'><strong><em>ait,</em></strong></span> <span class='ocrx_word' id='word_1_69' title='bbox 1653 622 1794 664; x_wconf 76' lang='lat' dir='ltr'><strong><em>verius</em></strong></span> 
     </span>
     <span class='ocr_line' id='line_1_10' title="bbox 355 681 1792 738; baseline 0.001 -18"><span class='ocrx_word' id='word_1_70' title='bbox 355 693 448 720; x_wconf 84' lang='lat' dir='ltr'><strong><em>esse</em></strong></span> <span class='ocrx_word' id='word_1_71' title='bbox 472 681 725 730; x_wconf 79' lang='lat' dir='ltr'><strong><em>temeritate,</em></strong></span> <span class='ocrx_word' id='word_1_72' title='bbox 758 696 887 736; x_wconf 81' lang='lat' dir='ltr'><strong><em>quam</em></strong></span> <span class='ocrx_word' id='word_1_73' title='bbox 913 681 1087 723; x_wconf 81' lang='lat' dir='ltr'><strong><em>fortuna</em></strong></span> <span class='ocrx_word' id='word_1_74' title='bbox 1117 698 1179 723; x_wconf 85' lang='lat' dir='ltr'><strong><em>res</em></strong></span> <span class='ocrx_word' id='word_1_75' title='bbox 1214 683 1319 738; x_wconf 77' lang='lat' dir='ltr'><strong><em>regi.</em></strong></span> <span class='ocrx_word' id='word_1_76' title='bbox 1349 696 1448 722; x_wconf 86' lang='lat' dir='ltr'><strong><em>nam</em></strong></span> <span class='ocrx_word' id='word_1_77' title='bbox 1482 691 1662 736; x_wconf 85' lang='lat' dir='ltr'><strong><em>utraque</em></strong></span> <span class='ocrx_word' id='word_1_78' title='bbox 1695 681 1792 736; x_wconf 84' lang='lat' dir='ltr'><strong><em>opi-</em></strong></span> 
     </span>
     <span class='ocr_line' id='line_1_11' title="bbox 358 736 1792 795; baseline 0 -17"><span class='ocrx_word' id='word_1_79' title='bbox 358 737 488 778; x_wconf 89' lang='lat' dir='ltr'><strong><em>nione</em></strong></span> <span class='ocrx_word' id='word_1_80' title='bbox 531 736 884 793; x_wconf 81' lang='lat' dir='ltr'><strong><em>philosophorum</em></strong></span> <span class='ocrx_word' id='word_1_81' title='bbox 918 738 1007 779; x_wconf 84' lang='lat' dir='ltr'><strong><em>fleri</em></strong></span> <span class='ocrx_word' id='word_1_82' title='bbox 1043 741 1199 795; x_wconf 79' lang='lat' dir='ltr'><strong><em>potuit,</em></strong></span> <span class='ocrx_word' id='word_1_83' title='bbox 1232 749 1279 781; x_wconf 90' lang='lat' dir='ltr'><strong><em>ut</em></strong></span> <span class='ocrx_word' id='word_1_84' title='bbox 1318 739 1366 790; x_wconf 90' lang='lat' dir='ltr'><strong><em>is,</em></strong></span> <span class='ocrx_word' id='word_1_85' title='bbox 1402 739 1474 794; x_wconf 86' lang='lat' dir='ltr'><strong><em>qui</em></strong></span> <span class='ocrx_word' id='word_1_86' title='bbox 1516 753 1590 779; x_wconf 84' lang='lat' dir='ltr'><strong><em>rex</em></strong></span> <span class='ocrx_word' id='word_1_87' title='bbox 1626 737 1792 788; x_wconf 85' lang='lat' dir='ltr'><strong><em>fuisset,</em></strong></span> 
     </span>
    </p>

    <p class='ocr_par' dir='ltr' id='par_1_4' title="bbox 275 781 1793 851">
     <span class='ocr_line' id='line_1_12' title="bbox 275 781 1793 851; baseline 0.002 -18"><span class='ocrx_word' id='word_1_88' title='bbox 275 781 399 830; x_wconf 70' lang='lat'><strong><em>2489</em></strong></span> <span class='ocrx_word' id='word_1_89' title='bbox 414 795 634 835; x_wconf 79' lang='lat' dir='ltr'><strong><em>mendicus</em></strong></span> <span class='ocrx_word' id='word_1_90' title='bbox 667 794 801 835; x_wconf 79' lang='lat' dir='ltr'><strong><em>fieret.</em></strong></span> <span class='ocrx_word' id='word_1_91' title='bbox 865 794 974 836; x_wconf 84' lang='lat' dir='ltr'><strong><em>Item</em></strong></span> <span class='ocrx_word' id='word_1_92' title='bbox 1007 797 1176 838; x_wconf 70' lang='lat' dir='ltr'><strong><em>infirma</em></strong></span> <span class='ocrx_word' id='word_1_93' title='bbox 1215 797 1323 838; x_wconf 81' lang='lat' dir='ltr'><strong><em>ratio</em></strong></span> <span class='ocrx_word' id='word_1_94' title='bbox 1366 805 1446 846; x_wconf 89' lang='lat' dir='ltr'><strong><em>est,</em></strong></span> <span class='ocrx_word' id='word_1_95' title='bbox 1488 811 1585 851; x_wconf 82' lang='lat' dir='ltr'><strong><em>quae</em></strong></span> <span class='ocrx_word' id='word_1_96' title='bbox 1623 795 1793 836; x_wconf 84' lang='lat' dir='ltr'><strong><em>videtur</em></strong></span> 
     </span>
    </p>

    <p class='ocr_par' dir='ltr' id='par_1_5' title="bbox 294 851 1798 1652">
     <span class='ocr_line' id='line_1_13' title="bbox 294 851 1794 910; baseline 0.002 -20"><span class='ocrx_word' id='word_1_97' title='bbox 294 855 435 906; x_wconf 81' lang='lat' dir='ltr'><strong><em>87pro</em></strong></span> <span class='ocrx_word' id='word_1_98' title='bbox 468 851 632 892; x_wconf 79' lang='lat' dir='ltr'><strong><em>ratione</em></strong></span> <span class='ocrx_word' id='word_1_99' title='bbox 670 851 826 902; x_wconf 83' lang='lat' dir='ltr'><strong><em>afferri,</em></strong></span> <span class='ocrx_word' id='word_1_100' title='bbox 865 854 937 894; x_wconf 86' lang='lat' dir='ltr'><strong><em>sed</em></strong></span> <span class='ocrx_word' id='word_1_101' title='bbox 978 853 1089 895; x_wconf 88' lang='lat' dir='ltr'><strong><em>idem</em></strong></span> <span class='ocrx_word' id='word_1_102' title='bbox 1131 854 1252 904; x_wconf 87' lang='lat' dir='ltr'><strong><em>dicit,</em></strong></span> <span class='ocrx_word' id='word_1_103' title='bbox 1284 853 1400 910; x_wconf 90' lang='lat' dir='ltr'><strong><em>quod</em></strong></span> <span class='ocrx_word' id='word_1_104' title='bbox 1443 853 1484 894; x_wconf 86' lang='lat' dir='ltr'><strong><em>in</em></strong></span> <span class='ocrx_word' id='word_1_105' title='bbox 1516 853 1794 908; x_wconf 81' lang='lat' dir='ltr'><strong><em>expositione</em></strong></span> 
     </span>
     <span class='ocr_line' id='line_1_14' title="bbox 354 908 1793 966; baseline 0.001 -18"><span class='ocrx_word' id='word_1_106' title='bbox 354 908 517 949; x_wconf 86' lang='lat' dir='ltr'><strong><em>dictum</em></strong></span> <span class='ocrx_word' id='word_1_107' title='bbox 552 918 631 959; x_wconf 83' lang='lat' dir='ltr'><strong><em>est,</em></strong></span> <span class='ocrx_word' id='word_1_108' title='bbox 666 909 748 950; x_wconf 86' lang='lat' dir='ltr'><strong><em>hoc</em></strong></span> <span class='ocrx_word' id='word_1_109' title='bbox 781 909 931 951; x_wconf 85' lang='lat' dir='ltr'><strong><em>modo:</em></strong></span> <span class='ocrx_word' id='word_1_110' title='bbox 967 909 1136 966; x_wconf 79' lang='lat' dir='ltr'><strong><em>Magno</em></strong></span> <span class='ocrx_word' id='word_1_111' title='bbox 1168 911 1281 952; x_wconf 83' lang='lat' dir='ltr'><strong><em>malo</em></strong></span> <span class='ocrx_word' id='word_1_112' title='bbox 1314 919 1379 952; x_wconf 87' lang='lat' dir='ltr'><strong><em>est</em></strong></span> <span class='ocrx_word' id='word_1_113' title='bbox 1411 909 1662 951; x_wconf 89' lang='lat' dir='ltr'><strong><em>homiuibus</em></strong></span> <span class='ocrx_word' id='word_1_114' title='bbox 1691 923 1793 951; x_wconf 88' lang='lat' dir='ltr'>ava-</span> 
     </span>
     <span class='ocr_line' id='line_1_15' title="bbox 354 965 1794 1023; baseline 0.002 -19"><span class='ocrx_word' id='word_1_115' title='bbox 354 965 476 1016; x_wconf 81' lang='lat' dir='ltr'><strong><em>ritia3</em></strong></span> <span class='ocrx_word' id='word_1_116' title='bbox 509 965 669 1007; x_wconf 82' lang='lat' dir='ltr'><strong><em>idcirco</em></strong></span> <span class='ocrx_word' id='word_1_117' title='bbox 703 965 819 1021; x_wconf 89' lang='lat' dir='ltr'><strong><em>quod</em></strong></span> <span class='ocrx_word' id='word_1_118' title='bbox 853 965 1048 1007; x_wconf 86' lang='lat' dir='ltr'><strong><em>homines</em></strong></span> <span class='ocrx_word' id='word_1_119' title='bbox 1081 969 1249 1023; x_wconf 78' lang='lat' dir='ltr'><strong><em>magnis</em></strong></span> <span class='ocrx_word' id='word_1_120' title='bbox 1282 977 1326 1009; x_wconf 87' lang='lat' dir='ltr'><strong><em>et</em></strong></span> <span class='ocrx_word' id='word_1_121' title='bbox 1366 967 1511 1008; x_wconf 90' lang='lat' dir='ltr'><strong><em>multis</em></strong></span> <span class='ocrx_word' id='word_1_122' title='bbox 1550 967 1794 1008; x_wconf 85' lang='lat' dir='ltr'><strong><em>incommo-</em></strong></span> 
     </span>
     <span class='ocr_line' id='line_1_16' title="bbox 352 1022 1790 1081; baseline 0.002 -19"><span class='ocrx_word' id='word_1_123' title='bbox 352 1022 417 1062; x_wconf 82' lang='lat' dir='ltr'><strong><em>dis</em></strong></span> <span class='ocrx_word' id='word_1_124' title='bbox 442 1023 750 1064; x_wconf 80' lang='lat' dir='ltr'><strong><em>conflictantur</em></strong></span> <span class='ocrx_word' id='word_1_125' title='bbox 772 1033 948 1080; x_wconf 89' lang='lat' dir='ltr'><strong><em>propter</em></strong></span> <span class='ocrx_word' id='word_1_126' title='bbox 980 1023 1232 1065; x_wconf 79' lang='lat' dir='ltr'><strong><em>immensam</em></strong></span> <span class='ocrx_word' id='word_1_127' title='bbox 1265 1024 1459 1081; x_wconf 82' lang='lat' dir='ltr'><strong><em>pecuniae</em></strong></span> <span class='ocrx_word' id='word_1_128' title='bbox 1490 1023 1790 1080; x_wconf 82' lang='lat' dir='ltr'><strong><em>cupiditatem.</em></strong></span> 
     </span>
     <span class='ocr_line' id='line_1_17' title="bbox 354 1078 1790 1137; baseline 0 -16"><span class='ocrx_word' id='word_1_129' title='bbox 354 1078 468 1121; x_wconf 79' lang='lat' dir='ltr'><strong><em>Nam</em></strong></span> <span class='ocrx_word' id='word_1_130' title='bbox 493 1080 562 1120; x_wconf 86' lang='lat' dir='ltr'><strong><em>hic</em></strong></span> <span class='ocrx_word' id='word_1_131' title='bbox 596 1080 688 1121; x_wconf 85' lang='lat' dir='ltr'><strong><em>aliis</em></strong></span> <span class='ocrx_word' id='word_1_132' title='bbox 724 1081 863 1121; x_wconf 75' lang='lat' dir='ltr'><strong><em>verbis</em></strong></span> <span class='ocrx_word' id='word_1_133' title='bbox 888 1081 1001 1122; x_wconf 85' lang='lat' dir='ltr'><strong><em>idem</em></strong></span> <span class='ocrx_word' id='word_1_134' title='bbox 1031 1096 1105 1137; x_wconf 80' lang='lat' dir='ltr'><strong><em>per</em></strong></span> <span class='ocrx_word' id='word_1_135' title='bbox 1128 1082 1338 1123; x_wconf 85' lang='lat' dir='ltr'><strong><em>rationem</em></strong></span> <span class='ocrx_word' id='word_1_136' title='bbox 1357 1080 1531 1131; x_wconf 90' lang='lat' dir='ltr'><strong><em>dicitur,</em></strong></span> <span class='ocrx_word' id='word_1_137' title='bbox 1559 1081 1674 1136; x_wconf 90' lang='lat' dir='ltr'><strong><em>quod</em></strong></span> <span class='ocrx_word' id='word_1_138' title='bbox 1697 1080 1790 1121; x_wconf 87' lang='lat' dir='ltr'><strong><em>dic-</em></strong></span> 
     </span>
     <span class='ocr_line' id='line_1_18' title="bbox 351 1137 1791 1194; baseline 0.001 -17"><span class='ocrx_word' id='word_1_139' title='bbox 351 1145 444 1177; x_wconf 81' lang='lat' dir='ltr'><strong><em>tum</em></strong></span> <span class='ocrx_word' id='word_1_140' title='bbox 467 1147 533 1178; x_wconf 84' lang='lat' dir='ltr'><strong><em>est</em></strong></span> <span class='ocrx_word' id='word_1_141' title='bbox 554 1152 627 1193; x_wconf 83' lang='lat' dir='ltr'><strong><em>pei·</em></strong></span> <span class='ocrx_word' id='word_1_142' title='bbox 649 1138 983 1194; x_wconf 81' lang='lat' dir='ltr'><strong><em>expositionem.</em></strong></span> <span class='ocrx_word' id='word_1_143' title='bbox 1037 1138 1148 1181; x_wconf 82' lang='lat' dir='ltr'><strong><em>Item</em></strong></span> <span class='ocrx_word' id='word_1_144' title='bbox 1172 1140 1342 1181; x_wconf 85' lang='lat' dir='ltr'><strong><em>infirma</em></strong></span> <span class='ocrx_word' id='word_1_145' title='bbox 1362 1138 1472 1179; x_wconf 87' lang='lat' dir='ltr'><strong><em>ratio</em></strong></span> <span class='ocrx_word' id='word_1_146' title='bbox 1491 1146 1570 1188; x_wconf 90' lang='lat' dir='ltr'><strong><em>est,</em></strong></span> <span class='ocrx_word' id='word_1_147' title='bbox 1589 1152 1686 1193; x_wconf 85' lang='lat' dir='ltr'><strong><em>quae</em></strong></span> <span class='ocrx_word' id='word_1_148' title='bbox 1709 1137 1791 1178; x_wconf 86' lang='lat' dir='ltr'><strong><em>mi-</em></strong></span> 
     </span>
     <span class='ocr_line' id='line_1_19' title="bbox 350 1194 1790 1252; baseline 0.001 -17"><span class='ocrx_word' id='word_1_149' title='bbox 350 1208 430 1235; x_wconf 91' lang='lat' dir='ltr'><strong><em>nus</em></strong></span> <span class='ocrx_word' id='word_1_150' title='bbox 451 1194 664 1246; x_wconf 84' lang='lat' dir='ltr'><strong><em>idoneam,</em></strong></span> <span class='ocrx_word' id='word_1_151' title='bbox 687 1210 814 1251; x_wconf 77' lang='lat' dir='ltr'><strong><em>quarn</em></strong></span> <span class='ocrx_word' id='word_1_152' title='bbox 836 1210 899 1236; x_wconf 86' lang='lat' dir='ltr'><strong><em>res</em></strong></span> <span class='ocrx_word' id='word_1_153' title='bbox 924 1196 1127 1252; x_wconf 81' lang='lat' dir='ltr'><strong><em>postulat,</em></strong></span> <span class='ocrx_word' id='word_1_154' title='bbox 1150 1212 1325 1239; x_wconf 82' lang='lat' dir='ltr'><strong><em>causam</em></strong></span> <span class='ocrx_word' id='word_1_155' title='bbox 1349 1194 1528 1250; x_wconf 86' lang='lat' dir='ltr'><strong><em>subjicit</em></strong></span> <span class='ocrx_word' id='word_1_156' title='bbox 1550 1194 1790 1251; x_wconf 85' lang='lat' dir='ltr'><strong><em>expositio-</em></strong></span> 
     </span>
     <span class='ocr_line' id='line_1_20' title="bbox 349 1251 1788 1310; baseline 0.001 -18"><span class='ocrx_word' id='word_1_157' title='bbox 349 1252 430 1302; x_wconf 86' lang='lat' dir='ltr'><strong><em>nis,</em></strong></span> <span class='ocrx_word' id='word_1_158' title='bbox 462 1251 544 1294; x_wconf 85' lang='lat' dir='ltr'><strong><em>hoc</em></strong></span> <span class='ocrx_word' id='word_1_159' title='bbox 577 1252 732 1295; x_wconf 85' lang='lat' dir='ltr'><strong><em>modo:</em></strong></span> <span class='ocrx_word' id='word_1_160' title='bbox 781 1252 906 1294; x_wconf 87' lang='lat' dir='ltr'><strong><em>Utilis</em></strong></span> <span class='ocrx_word' id='word_1_161' title='bbox 947 1262 1012 1293; x_wconf 84' lang='lat' dir='ltr'><strong><em>est</em></strong></span> <span class='ocrx_word' id='word_1_162' title='bbox 1050 1255 1273 1310; x_wconf 82' lang='lat' dir='ltr'><strong><em>sapientia,</em></strong></span> <span class='ocrx_word' id='word_1_163' title='bbox 1309 1263 1536 1310; x_wconf 82' lang='lat' dir='ltr'><strong><em>propterea</em></strong></span> <span class='ocrx_word' id='word_1_164' title='bbox 1567 1252 1683 1308; x_wconf 92' lang='lat' dir='ltr'><strong><em>quod</em></strong></span> <span class='ocrx_word' id='word_1_165' title='bbox 1713 1253 1788 1308; x_wconf 89' lang='lat' dir='ltr'><strong><em>qui</em></strong></span> 
     </span>
     <span class='ocr_line' id='line_1_21' title="bbox 348 1308 1790 1366; baseline 0.001 -16"><span class='ocrx_word' id='word_1_166' title='bbox 348 1309 562 1366; x_wconf 86' lang='lat' dir='ltr'><strong><em>sapientes</em></strong></span> <span class='ocrx_word' id='word_1_167' title='bbox 596 1318 709 1359; x_wconf 89' lang='lat' dir='ltr'><strong><em>sunt,</em></strong></span> <span class='ocrx_word' id='word_1_168' title='bbox 730 1309 933 1365; x_wconf 84' lang='lat' dir='ltr'><strong><em>pietatem</em></strong></span> <span class='ocrx_word' id='word_1_169' title='bbox 956 1311 1095 1352; x_wconf 87' lang='lat' dir='ltr'><strong><em>colere</em></strong></span> <span class='ocrx_word' id='word_1_170' title='bbox 1127 1320 1404 1353; x_wconf 75' lang='lat' dir='ltr'><strong><em>consuerunt.</em></strong></span> <span class='ocrx_word' id='word_1_171' title='bbox 1465 1308 1577 1351; x_wconf 86' lang='lat' dir='ltr'><strong><em>Item</em></strong></span> <span class='ocrx_word' id='word_1_172' title='bbox 1600 1308 1703 1350; x_wconf 90' lang='lat' dir='ltr'><strong><em>utile</em></strong></span> <span class='ocrx_word' id='word_1_173' title='bbox 1724 1319 1790 1351; x_wconf 83' lang='lat' dir='ltr'><strong><em>est</em></strong></span> 
     </span>
     <span class='ocr_line' id='line_1_22' title="bbox 347 1366 1789 1425; baseline 0.001 -19"><span class='ocrx_word' id='word_1_174' title='bbox 347 1367 511 1408; x_wconf 86' lang='lat' dir='ltr'><strong><em>amicos</em></strong></span> <span class='ocrx_word' id='word_1_175' title='bbox 535 1382 654 1408; x_wconf 84' lang='lat' dir='ltr'><strong><em>veros</em></strong></span> <span class='ocrx_word' id='word_1_176' title='bbox 678 1366 849 1408; x_wconf 76' lang='lat' dir='ltr'><strong><em>habere.</em></strong></span> <span class='ocrx_word' id='word_1_177' title='bbox 882 1367 1039 1409; x_wconf 78' lang='lat' dir='ltr'><strong><em>habeas</em></strong></span> <span class='ocrx_word' id='word_1_178' title='bbox 1059 1369 1173 1409; x_wconf 88' lang='lat' dir='ltr'><strong><em>enim</em></strong></span> <span class='ocrx_word' id='word_1_179' title='bbox 1195 1369 1455 1425; x_wconf 86' lang='lat' dir='ltr'><strong><em>quibuscum</em></strong></span> <span class='ocrx_word' id='word_1_180' title='bbox 1470 1367 1612 1422; x_wconf 83' lang='lat' dir='ltr'><strong><em>jocari</em></strong></span> <span class='ocrx_word' id='word_1_181' title='bbox 1635 1367 1789 1423; x_wconf 77' lang='lat' dir='ltr'><strong><em>possis.</em></strong></span> 
     </span>
     <span class='ocr_line' id='line_1_23' title="bbox 348 1423 1788 1479; baseline -0.001 -13"><span class='ocrx_word' id='word_1_182' title='bbox 348 1423 466 1466; x_wconf 86' lang='lat' dir='ltr'><strong><em>Nam</em></strong></span> <span class='ocrx_word' id='word_1_183' title='bbox 496 1423 743 1479; x_wconf 82' lang='lat' dir='ltr'><strong><em>hujusmodi</em></strong></span> <span class='ocrx_word' id='word_1_184' title='bbox 782 1425 825 1465; x_wconf 90' lang='lat' dir='ltr'><strong><em>in</em></strong></span> <span class='ocrx_word' id='word_1_185' title='bbox 858 1425 1097 1466; x_wconf 79' lang='lat' dir='ltr'><strong><em>rationibus</em></strong></span> <span class='ocrx_word' id='word_1_186' title='bbox 1131 1441 1218 1468; x_wconf 89' lang='lat' dir='ltr'><strong><em>non</em></strong></span> <span class='ocrx_word' id='word_1_187' title='bbox 1248 1426 1460 1476; x_wconf 84' lang='lat' dir='ltr'><strong><em>universa,</em></strong></span> <span class='ocrx_word' id='word_1_188' title='bbox 1494 1438 1633 1479; x_wconf 88' lang='lat' dir='ltr'><strong><em>neque</em></strong></span> <span class='ocrx_word' id='word_1_189' title='bbox 1661 1425 1788 1465; x_wconf 87' lang='lat' dir='ltr'><strong><em>abso-</em></strong></span> 
     </span>
     <span class='ocr_line' id='line_1_24' title="bbox 348 1478 1788 1539; baseline 0.002 -18"><span class='ocrx_word' id='word_1_190' title='bbox 348 1478 453 1531; x_wconf 83' lang='lat' dir='ltr'><strong><em>luta,</em></strong></span> <span class='ocrx_word' id='word_1_191' title='bbox 474 1482 545 1522; x_wconf 90' lang='lat' dir='ltr'><strong><em>sed</em></strong></span> <span class='ocrx_word' id='word_1_192' title='bbox 576 1485 617 1516; x_wconf 84' lang='lat'><strong><em>90</em></strong></span> <span class='ocrx_word' id='word_1_193' title='bbox 636 1491 869 1523; x_wconf 75' lang='lat' dir='ltr'><strong><em>extenuata</em></strong></span> <span class='ocrx_word' id='word_1_194' title='bbox 891 1482 1056 1523; x_wconf 79' lang='lat' dir='ltr'><strong><em>ratione</em></strong></span> <span class='ocrx_word' id='word_1_195' title='bbox 1078 1484 1295 1539; x_wconf 81' lang='lat' dir='ltr'><strong><em>expositio</em></strong></span> <span class='ocrx_word' id='word_1_196' title='bbox 1317 1482 1615 1525; x_wconf 83' lang='lat' dir='ltr'><strong><em>confirmatur.</em></strong></span> <span class='ocrx_word' id='word_1_197' title='bbox 1674 1480 1788 1524; x_wconf 82' lang='lat' dir='ltr'><strong><em>Item</em></strong></span> 
     </span>
     <span class='ocr_line' id='line_1_25' title="bbox 348 1536 1798 1597; baseline 0.001 -19"><span class='ocrx_word' id='word_1_198' title='bbox 348 1536 519 1580; x_wconf 83' lang='lat' dir='ltr'><strong><em>infirma</em></strong></span> <span class='ocrx_word' id='word_1_199' title='bbox 542 1538 650 1579; x_wconf 82' lang='lat' dir='ltr'><strong><em>ratio</em></strong></span> <span class='ocrx_word' id='word_1_200' title='bbox 679 1548 759 1588; x_wconf 80' lang='lat' dir='ltr'><strong><em>est,</em></strong></span> <span class='ocrx_word' id='word_1_201' title='bbox 784 1554 882 1594; x_wconf 78' lang='lat' dir='ltr'><strong><em>quae</em></strong></span> <span class='ocrx_word' id='word_1_202' title='bbox 906 1539 971 1580; x_wconf 89' lang='lat' dir='ltr'><strong><em>vel</em></strong></span> <span class='ocrx_word' id='word_1_203' title='bbox 999 1540 1069 1581; x_wconf 82' lang='lat' dir='ltr'><strong><em>alii</em></strong></span> <span class='ocrx_word' id='word_1_204' title='bbox 1089 1541 1354 1597; x_wconf 75' lang='lat' dir='ltr'><strong><em>expositioni</em></strong></span> <span class='ocrx_word' id='word_1_205' title='bbox 1377 1548 1520 1597; x_wconf 87' lang='lat' dir='ltr'><strong><em>potest</em></strong></span> <span class='ocrx_word' id='word_1_206' title='bbox 1541 1553 1798 1580; x_wconf 63' lang='lat' dir='ltr'><strong><em>accommo-⁴</em></strong></span> 
     </span>
     <span class='ocr_line' id='line_1_26' title="bbox 349 1594 1788 1652; baseline 0 -16"><span class='ocrx_word' id='word_1_207' title='bbox 349 1594 456 1647; x_wconf 87' lang='lat' dir='ltr'><strong><em>dari,</em></strong></span> <span class='ocrx_word' id='word_1_208' title='bbox 480 1606 528 1637; x_wconf 88' lang='lat' dir='ltr'><strong><em>ut</em></strong></span> <span class='ocrx_word' id='word_1_209' title='bbox 549 1596 654 1637; x_wconf 63' lang='lat' dir='ltr'><strong><em>fait-it</em></strong></span> <span class='ocrx_word' id='word_1_210' title='bbox 678 1596 907 1647; x_wconf 79' lang='lat' dir='ltr'><strong><em>Pacuvius,</em></strong></span> <span class='ocrx_word' id='word_1_211' title='bbox 927 1597 999 1652; x_wconf 84' lang='lat' dir='ltr'><strong><em>qui</em></strong></span> <span class='ocrx_word' id='word_1_212' title='bbox 1031 1598 1210 1640; x_wconf 84' lang='lat' dir='ltr'><strong><em>eandem</em></strong></span> <span class='ocrx_word' id='word_1_213' title='bbox 1240 1598 1365 1639; x_wconf 85' lang='lat' dir='ltr'><strong><em>affert</em></strong></span> <span class='ocrx_word' id='word_1_214' title='bbox 1397 1597 1623 1648; x_wconf 83' lang='lat' dir='ltr'><strong><em>rationem,</em></strong></span> <span class='ocrx_word' id='word_1_215' title='bbox 1656 1609 1788 1652; x_wconf 86' lang='lat' dir='ltr'><strong><em>quare</em></strong></span> 
     </span>
    </p>

    <p class='ocr_par' dir='ltr' id='par_1_6' title="bbox 286 1653 1789 2050">
     <span class='ocr_line' id='line_1_27' title="bbox 286 1653 1789 1709; baseline 0 -16"><span class='ocrx_word' id='word_1_216' title='bbox 286 1654 337 1689; x_wconf 83' lang='grc'><strong><em>38</em></strong></span> <span class='ocrx_word' id='word_1_217' title='bbox 351 1667 481 1704; x_wconf 81' lang='lat' dir='ltr'><strong><em>caeca,</em></strong></span> <span class='ocrx_word' id='word_1_218' title='bbox 507 1653 702 1705; x_wconf 84' lang='lat' dir='ltr'><strong><em>eandem,</em></strong></span> <span class='ocrx_word' id='word_1_219' title='bbox 732 1668 862 1709; x_wconf 81' lang='lat' dir='ltr'><strong><em>quare</em></strong></span> <span class='ocrx_word' id='word_1_220' title='bbox 885 1655 1012 1695; x_wconf 86' lang='lat' dir='ltr'><strong><em>bruta</em></strong></span> <span class='ocrx_word' id='word_1_221' title='bbox 1040 1654 1214 1697; x_wconf 86' lang='lat' dir='ltr'><strong><em>fortuna</em></strong></span> <span class='ocrx_word' id='word_1_222' title='bbox 1234 1655 1416 1697; x_wconf 81' lang='lat' dir='ltr'><strong><em>dicatur.</em></strong></span> <span class='ocrx_word' id='word_1_223' title='bbox 1477 1653 1529 1695; x_wconf 93' lang='lat' dir='ltr'><strong><em>In</em></strong></span> <span class='ocrx_word' id='word_1_224' title='bbox 1558 1653 1789 1696; x_wconf 84' lang='lat' dir='ltr'><strong><em>confirma-</em></strong></span> 
     </span>
     <span class='ocr_line' id='line_1_28' title="bbox 349 1709 1788 1764; baseline 0 -14"><span class='ocrx_word' id='word_1_225' title='bbox 349 1709 468 1752; x_wconf 86' lang='lat' dir='ltr'><strong><em>tione</em></strong></span> <span class='ocrx_word' id='word_1_226' title='bbox 507 1711 701 1761; x_wconf 82' lang='lat' dir='ltr'><strong><em>rationis,</em></strong></span> <span class='ocrx_word' id='word_1_227' title='bbox 726 1711 863 1752; x_wconf 78' lang='lat' dir='ltr'><strong><em>multa</em></strong></span> <span class='ocrx_word' id='word_1_228' title='bbox 891 1721 933 1752; x_wconf 87' lang='lat' dir='ltr'><strong><em>et</em></strong></span> <span class='ocrx_word' id='word_1_229' title='bbox 968 1711 1146 1754; x_wconf 75' lang='lat' dir='ltr'><strong><em>vitanda</em></strong></span> <span class='ocrx_word' id='word_1_230' title='bbox 1178 1713 1222 1754; x_wconf 85' lang='lat' dir='ltr'><strong><em>iu</em></strong></span> <span class='ocrx_word' id='word_1_231' title='bbox 1245 1722 1405 1764; x_wconf 85' lang='lat' dir='ltr'><strong><em>nostra,</em></strong></span> <span class='ocrx_word' id='word_1_232' title='bbox 1435 1721 1480 1753; x_wconf 90' lang='lat' dir='ltr'><strong><em>et</em></strong></span> <span class='ocrx_word' id='word_1_233' title='bbox 1519 1709 1788 1753; x_wconf 80' lang='lat' dir='ltr'><strong><em>observanda</em></strong></span> 
     </span>
     <span class='ocr_line' id='line_1_29' title="bbox 349 1767 1786 1826; baseline -0.001 -17"><span class='ocrx_word' id='word_1_234' title='bbox 349 1768 393 1809; x_wconf 91' lang='lat' dir='ltr'><strong><em>in</em></strong></span> <span class='ocrx_word' id='word_1_235' title='bbox 427 1768 768 1809; x_wconf 82' lang='lat' dir='ltr'><strong><em>adversariorum</em></strong></span> <span class='ocrx_word' id='word_1_236' title='bbox 800 1769 966 1810; x_wconf 86' lang='lat' dir='ltr'><strong><em>ratione</em></strong></span> <span class='ocrx_word' id='word_1_237' title='bbox 996 1780 1096 1811; x_wconf 89' lang='lat' dir='ltr'><strong><em>sunt</em></strong></span> <span class='ocrx_word' id='word_1_238' title='bbox 1128 1770 1257 1822; x_wconf 78' lang='lat' dir='ltr'><strong><em>vitia3</em></strong></span> <span class='ocrx_word' id='word_1_239' title='bbox 1291 1779 1601 1826; x_wconf 86' lang='lat' dir='ltr'><strong><em>proptereaque</em></strong></span> <span class='ocrx_word' id='word_1_240' title='bbox 1630 1771 1668 1802; x_wconf 88' lang='lat'><strong><em>91</em></strong></span> <span class='ocrx_word' id='word_1_241' title='bbox 1689 1767 1786 1808; x_wconf 83' lang='lat' dir='ltr'><strong><em>dili·</em></strong></span> 
     </span>
     <span class='ocr_line' id='line_1_30' title="bbox 345 1825 1786 1882; baseline -0.001 -16"><span class='ocrx_word' id='word_1_242' title='bbox 345 1826 519 1881; x_wconf 87' lang='lat' dir='ltr'><strong><em>gentius</em></strong></span> <span class='ocrx_word' id='word_1_243' title='bbox 537 1826 860 1877; x_wconf 79' lang='lat' dir='ltr'><strong><em>consideranda,</em></strong></span> <span class='ocrx_word' id='word_1_244' title='bbox 874 1826 990 1882; x_wconf 90' lang='lat' dir='ltr'><strong><em>quod</em></strong></span> <span class='ocrx_word' id='word_1_245' title='bbox 1012 1837 1213 1868; x_wconf 83' lang='lat' dir='ltr'><strong><em>accurata</em></strong></span> <span class='ocrx_word' id='word_1_246' title='bbox 1225 1827 1498 1869; x_wconf 83' lang='lat' dir='ltr'><strong><em>confirmatio</em></strong></span> <span class='ocrx_word' id='word_1_247' title='bbox 1518 1825 1696 1867; x_wconf 85' lang='lat' dir='ltr'><strong><em>rationis</em></strong></span> <span class='ocrx_word' id='word_1_248' title='bbox 1719 1834 1786 1865; x_wconf 91' lang='lat' dir='ltr'><strong><em>to-</em></strong></span> 
     </span>
     <span class='ocr_line' id='line_1_31' title="bbox 344 1882 1785 1941; baseline 0 -19"><span class='ocrx_word' id='word_1_249' title='bbox 344 1892 434 1924; x_wconf 83' lang='lat' dir='ltr'><strong><em>tam</em></strong></span> <span class='ocrx_word' id='word_1_250' title='bbox 460 1883 837 1924; x_wconf 71' lang='lat' dir='ltr'><strong><em>vehementissime</em></strong></span> <span class='ocrx_word' id='word_1_251' title='bbox 859 1885 1115 1938; x_wconf 79' lang='lat' dir='ltr'><strong><em>comprobat</em></strong></span> <span class='ocrx_word' id='word_1_252' title='bbox 1146 1884 1581 1941; x_wconf 81' lang='lat' dir='ltr'><strong><em>argumentationem.</em></strong></span> <span class='ocrx_word' id='word_1_253' title='bbox 1643 1882 1785 1924; x_wconf 80' lang='lat' dir='ltr'><strong><em>Utun-</em></strong></span> 
     </span>
     <span class='ocr_line' id='line_1_32' title="bbox 346 1939 1784 1998; baseline 0.001 -18"><span class='ocrx_word' id='word_1_254' title='bbox 346 1948 414 1980; x_wconf 90' lang='lat' dir='ltr'><strong><em>tur</em></strong></span> <span class='ocrx_word' id='word_1_255' title='bbox 444 1943 485 1974; x_wconf 84' lang='lat'><strong><em>92</em></strong></span> <span class='ocrx_word' id='word_1_256' title='bbox 500 1942 633 1997; x_wconf 83' lang='lat' dir='ltr'><strong><em>igitur</em></strong></span> <span class='ocrx_word' id='word_1_257' title='bbox 651 1940 832 1982; x_wconf 85' lang='lat' dir='ltr'><strong><em>studiosi</em></strong></span> <span class='ocrx_word' id='word_1_258' title='bbox 855 1940 899 1983; x_wconf 90' lang='lat' dir='ltr'><strong><em>in</em></strong></span> <span class='ocrx_word' id='word_1_259' title='bbox 918 1942 1214 1984; x_wconf 83' lang='lat' dir='ltr'><strong><em>confirmanda</em></strong></span> <span class='ocrx_word' id='word_1_260' title='bbox 1236 1942 1401 1983; x_wconf 82' lang='lat' dir='ltr'><strong><em>ratione</em></strong></span> <span class='ocrx_word' id='word_1_261' title='bbox 1423 1940 1586 1998; x_wconf 87' lang='lat' dir='ltr'><strong><em>duplici</em></strong></span> <span class='ocrx_word' id='word_1_262' title='bbox 1607 1939 1784 1982; x_wconf 85' lang='lat' dir='ltr'><strong><em>conclu·</em></strong></span> 
     </span>
     <span class='ocr_line' id='line_1_33' title="bbox 344 1997 760 2050; baseline 0.005 -12"><span class='ocrx_word' id='word_1_263' title='bbox 344 1997 479 2050; x_wconf 83' lang='lat' dir='ltr'><strong><em>sione,</em></strong></span> <span class='ocrx_word' id='word_1_264' title='bbox 503 1997 586 2040; x_wconf 90' lang='lat' dir='ltr'><strong><em>hoc</em></strong></span> <span class='ocrx_word' id='word_1_265' title='bbox 604 1998 734 2040; x_wconf 87' lang='lat' dir='ltr'><strong><em>modo</em></strong></span> <span class='ocrx_word' id='word_1_266' title='bbox 751 2012 760 2040; x_wconf 67' lang='grc' dir='ltr'>ε</span> 
     </span>
    </p>
   </div>
   <div class='ocr_carea' id='block_1_4' title="bbox 1083 2137 1782 2181">
    <p class='ocr_par' dir='ltr' id='par_1_7' title="bbox 1083 2137 1782 2181">
     <span class='ocr_line' id='line_1_34' title="bbox 1083 2137 1782 2181; baseline 0.001 -10"><span class='ocrx_word' id='word_1_267' title='bbox 1083 2141 1127 2172; x_wconf 84' lang='lat' dir='ltr'><strong><em>tis</em></strong></span> <span class='ocrx_word' id='word_1_268' title='bbox 1140 2141 1320 2172; x_wconf 88' lang='lat' dir='ltr'><strong><em>amicorum</em></strong></span> <span class='ocrx_word' id='word_1_269' title='bbox 1335 2144 1384 2172; x_wconf 80' lang='lat' dir='ltr'><strong><em>est</em></strong></span> <span class='ocrx_word' id='word_1_270' title='bbox 1393 2137 1569 2181; x_wconf 70' lang='lat' dir='ltr'><strong><em>generalis:</em></strong></span> <span class='ocrx_word' id='word_1_271' title='bbox 1593 2138 1682 2170; x_wconf 88' lang='lat' dir='ltr'><strong><em>eadit</em></strong></span> <span class='ocrx_word' id='word_1_272' title='bbox 1694 2140 1782 2172; x_wconf 88' lang='lat' dir='ltr'><strong><em>enim</em></strong></span> 
     </span>
    </p>
   </div>
   <div class='ocr_carea' id='block_1_5' title="bbox 385 2139 1782 2220">
    <p class='ocr_par' dir='ltr' id='par_1_8' title="bbox 385 2139 1782 2220">
     <span class='ocr_line' id='line_1_35' title="bbox 385 2139 1040 2180; baseline 0.003 -11"><span class='ocrx_word' id='word_1_273' title='bbox 385 2142 425 2170; x_wconf 75' lang='lat'><strong><em>88</em></strong></span> <span class='ocrx_word' id='word_1_274' title='bbox 442 2139 512 2180; x_wconf 64' lang='lat' dir='ltr'><strong><em>‚Qui</em></strong></span> <span class='ocrx_word' id='word_1_275' title='bbox 532 2143 647 2170; x_wconf 69' lang='lat' dir='ltr'><strong><em>contra</em></strong></span> <span class='ocrx_word' id='word_1_276' title='bbox 661 2139 870 2180; x_wconf 71' lang='lat' dir='ltr'><strong><em>fortunam]</em></strong></span> <span class='ocrx_word' id='word_1_277' title='bbox 897 2139 937 2171; x_wconf 86' lang='lat' dir='ltr'><strong><em>In</em></strong></span> <span class='ocrx_word' id='word_1_278' title='bbox 960 2139 993 2171; x_wconf 51' lang='lat' dir='ltr'><strong><em>hi</em></strong></span> <span class='ocrx_word' id='word_1_279' title='bbox 1017 2140 1040 2172; x_wconf 85' lang='lat'><strong><em>1.</em></strong></span> 
     </span>
     <span class='ocr_line' id='line_1_36' title="bbox 1086 2181 1782 2220; baseline 0.001 -6"><span class='ocrx_word' id='word_1_280' title='bbox 1086 2193 1152 2214; x_wconf 91' lang='lat' dir='ltr'><strong><em>non</em></strong></span> <span class='ocrx_word' id='word_1_281' title='bbox 1181 2184 1278 2214; x_wconf 86' lang='lat' dir='ltr'><strong><em>modo</em></strong></span> <span class='ocrx_word' id='word_1_282' title='bbox 1303 2185 1338 2214; x_wconf 90' lang='lat' dir='ltr'><strong><em>in</em></strong></span> <span class='ocrx_word' id='word_1_283' title='bbox 1366 2183 1500 2220; x_wconf 82' lang='lat' dir='ltr'><strong><em>amicoS,</em></strong></span> <span class='ocrx_word' id='word_1_284' title='bbox 1534 2181 1591 2212; x_wconf 84' lang='lat' dir='ltr'><strong><em>sed</em></strong></span> <span class='ocrx_word' id='word_1_285' title='bbox 1617 2184 1720 2214; x_wconf 80' lang='lat' dir='ltr'><strong><em>etiarn</em></strong></span> <span class='ocrx_word' id='word_1_286' title='bbox 1746 2184 1782 2215; x_wconf 87' lang='lat' dir='ltr'><strong><em>in</em></strong></span> 
     </span>
    </p>
   </div>
   <div class='ocr_carea' id='block_1_6' title="bbox 334 2179 1045 2814">
    <p class='ocr_par' dir='ltr' id='par_1_9' title="bbox 337 2179 1045 2434">
     <span class='ocr_line' id='line_1_37' title="bbox 341 2179 1043 2223; baseline 0.003 -12"><span class='ocrx_word' id='word_1_287' title='bbox 341 2179 391 2211; x_wconf 83' lang='lat' dir='ltr'><strong><em>ita</em></strong></span> <span class='ocrx_word' id='word_1_288' title='bbox 404 2183 532 2212; x_wconf 83' lang='lat' dir='ltr'><strong><em>variant</em></strong></span> <span class='ocrx_word' id='word_1_289' title='bbox 547 2182 621 2212; x_wconf 84' lang='lat' dir='ltr'><strong><em>libri</em></strong></span> <span class='ocrx_word' id='word_1_290' title='bbox 639 2184 753 2223; x_wconf 81' lang='lat' dir='ltr'><strong><em>scripti</em></strong></span> <span class='ocrx_word' id='word_1_291' title='bbox 768 2188 801 2213; x_wconf 82' lang='lat' dir='ltr'><strong><em>et</em></strong></span> <span class='ocrx_word' id='word_1_292' title='bbox 822 2183 914 2219; x_wconf 80' lang='lat' dir='ltr'><strong><em>editi,</em></strong></span> <span class='ocrx_word' id='word_1_293' title='bbox 933 2191 973 2213; x_wconf 76' lang='lat' dir='ltr'><strong><em>ur.</em></strong></span> <span class='ocrx_word' id='word_1_294' title='bbox 994 2184 1043 2213; x_wconf 80' lang='lat' dir='ltr'><strong><em>ni-</em></strong></span> 
     </span>
     <span class='ocr_line' id='line_1_38' title="bbox 342 2222 1043 2265; baseline 0.004 -12"><span class='ocrx_word' id='word_1_295' title='bbox 342 2222 389 2253; x_wconf 88' lang='lat' dir='ltr'><strong><em>hil</em></strong></span> <span class='ocrx_word' id='word_1_296' title='bbox 411 2225 492 2254; x_wconf 81' lang='lat' dir='ltr'><strong><em>certi</em></strong></span> <span class='ocrx_word' id='word_1_297' title='bbox 515 2234 584 2255; x_wconf 80' lang='lat' dir='ltr'><strong><em>esse</em></strong></span> <span class='ocrx_word' id='word_1_298' title='bbox 607 2226 718 2264; x_wconf 81' lang='lat' dir='ltr'><strong><em>possit.</em></strong></span> <span class='ocrx_word' id='word_1_299' title='bbox 772 2226 888 2265; x_wconf 75' lang='lat' dir='ltr'><strong><em>Itaque</em></strong></span> <span class='ocrx_word' id='word_1_300' title='bbox 913 2235 953 2256; x_wconf 85' lang='lat' dir='ltr'><strong><em>ne</em></strong></span> <span class='ocrx_word' id='word_1_301' title='bbox 976 2227 1043 2257; x_wconf 78' lang='lat' dir='ltr'><strong><em>fru-</em></strong></span> 
     </span>
     <span class='ocr_line' id='line_1_39' title="bbox 339 2266 1045 2305; baseline 0.006 -10"><span class='ocrx_word' id='word_1_302' title='bbox 339 2270 410 2296; x_wconf 82' lang='lat' dir='ltr'><strong><em>stra</em></strong></span> <span class='ocrx_word' id='word_1_303' title='bbox 434 2266 669 2305; x_wconf 79' lang='lat' dir='ltr'><strong><em>laboraremus,</em></strong></span> <span class='ocrx_word' id='word_1_304' title='bbox 693 2272 751 2298; x_wconf 81' lang='lat' dir='ltr'><strong><em>aut</em></strong></span> <span class='ocrx_word' id='word_1_305' title='bbox 771 2268 947 2298; x_wconf 80' lang='lat' dir='ltr'><strong><em>lectoribus</em></strong></span> <span class='ocrx_word' id='word_1_306' title='bbox 975 2279 1045 2299; x_wconf 89' lang='lat' dir='ltr'><strong><em>mo-</em></strong></span> 
     </span>
     <span class='ocr_line' id='line_1_40' title="bbox 340 2307 1040 2351; baseline 0.006 -14"><span class='ocrx_word' id='word_1_307' title='bbox 340 2307 414 2338; x_wconf 82' lang='lat' dir='ltr'><strong><em>lesti</em></strong></span> <span class='ocrx_word' id='word_1_308' title='bbox 433 2318 591 2345; x_wconf 67' lang='lat' dir='ltr'><strong><em>essemus-2,</em></strong></span> <span class='ocrx_word' id='word_1_309' title='bbox 619 2320 696 2340; x_wconf 79' lang='lat' dir='ltr'><strong><em>eum</em></strong></span> <span class='ocrx_word' id='word_1_310' title='bbox 719 2312 882 2340; x_wconf 84' lang='lat' dir='ltr'><strong><em>intactum</em></strong></span> <span class='ocrx_word' id='word_1_311' title='bbox 905 2317 1040 2351; x_wconf 84' lang='lat' dir='ltr'><strong><em>praeter·</em></strong></span> 
     </span>
     <span class='ocr_line' id='line_1_41' title="bbox 339 2350 1042 2389; baseline 0.007 -10"><span class='ocrx_word' id='word_1_312' title='bbox 339 2350 499 2382; x_wconf 77' lang='lat' dir='ltr'><strong><em>misimus,</em></strong></span> <span class='ocrx_word' id='word_1_313' title='bbox 551 2352 685 2389; x_wconf 81' lang='lat' dir='ltr'><strong><em>Negent</em></strong></span> <span class='ocrx_word' id='word_1_314' title='bbox 704 2353 850 2383; x_wconf 82' lang='lat' dir='ltr'><strong><em>dedimus</em></strong></span> <span class='ocrx_word' id='word_1_315' title='bbox 869 2364 887 2383; x_wconf 87' lang='lat' dir='ltr'><strong><em>e</em></strong></span> <span class='ocrx_word' id='word_1_316' title='bbox 909 2353 989 2385; x_wconf 86' lang='lat' dir='ltr'><strong><em>Mss.</em></strong></span> <span class='ocrx_word' id='word_1_317' title='bbox 1007 2359 1042 2384; x_wconf 86' lang='lat' dir='ltr'><strong><em>et</em></strong></span> 
     </span>
     <span class='ocr_line' id='line_1_42' title="bbox 337 2392 718 2434; baseline 0.003 -11"><span class='ocrx_word' id='word_1_318' title='bbox 337 2392 389 2423; x_wconf 86' lang='lat' dir='ltr'><strong><em>ed.</em></strong></span> <span class='ocrx_word' id='word_1_319' title='bbox 407 2393 494 2424; x_wconf 85' lang='lat' dir='ltr'><strong><em>Med.</em></strong></span> <span class='ocrx_word' id='word_1_320' title='bbox 511 2405 570 2434; x_wconf 88' lang='lat' dir='ltr'><strong><em>pro</em></strong></span> <span class='ocrx_word' id='word_1_321' title='bbox 586 2400 718 2433; x_wconf 78' lang='lat' dir='ltr'><strong><em>negant.</em></strong></span> 
     </span>
    </p>

    <p class='ocr_par' dir='ltr' id='par_1_10' title="bbox 336 2436 1038 2645">
     <span class='ocr_line' id='line_1_43' title="bbox 381 2436 1037 2477; baseline 0.005 -11"><span class='ocrx_word' id='word_1_322' title='bbox 381 2439 421 2468; x_wconf 80' lang='lat'><strong><em>89</em></strong></span> <span class='ocrx_word' id='word_1_323' title='bbox 435 2436 736 2477; x_wconf 64' lang='lat' dir='ltr'><strong><em>AIendicusfieret]</em></strong></span> <span class='ocrx_word' id='word_1_324' title='bbox 763 2437 815 2467; x_wconf 87' lang='lat' dir='ltr'><strong><em>Sic</em></strong></span> <span class='ocrx_word' id='word_1_325' title='bbox 837 2438 1037 2469; x_wconf 80' lang='lat' dir='ltr'><strong><em>correximus</em></strong></span> 
     </span>
     <span class='ocr_line' id='line_1_44' title="bbox 337 2477 1038 2518; baseline 0.006 -11"><span class='ocrx_word' id='word_1_326' title='bbox 337 2477 510 2517; x_wconf 74' lang='lat' dir='ltr'><strong><em>vulgatum</em></strong></span> <span class='ocrx_word' id='word_1_327' title='bbox 518 2479 640 2518; x_wconf 54' lang='lat' dir='ltr'><strong><em>jhc-tas</em></strong></span> <span class='ocrx_word' id='word_1_328' title='bbox 660 2485 750 2516; x_wconf 68' lang='lat' dir='ltr'><strong><em>esset,</em></strong></span> <span class='ocrx_word' id='word_1_329' title='bbox 773 2492 790 2511; x_wconf 84' lang='lat' dir='ltr'><strong><em>e</em></strong></span> <span class='ocrx_word' id='word_1_330' title='bbox 815 2480 894 2510; x_wconf 82' lang='lat' dir='ltr'><strong><em>Mss.</em></strong></span> <span class='ocrx_word' id='word_1_331' title='bbox 912 2481 1038 2511; x_wconf 82' lang='lat' dir='ltr'><strong><em>duobus</em></strong></span> 
     </span>
     <span class='ocr_line' id='line_1_45' title="bbox 337 2520 1037 2562; baseline 0.006 -12"><span class='ocrx_word' id='word_1_332' title='bbox 337 2530 391 2560; x_wconf 83' lang='lat' dir='ltr'><strong><em>ap.</em></strong></span> <span class='ocrx_word' id='word_1_333' title='bbox 415 2520 687 2562; x_wconf 38' lang='lat' dir='ltr'><strong><em>Oudffndorpium</em></strong></span> <span class='ocrx_word' id='word_1_334' title='bbox 707 2528 742 2553; x_wconf 87' lang='lat' dir='ltr'><strong><em>et</em></strong></span> <span class='ocrx_word' id='word_1_335' title='bbox 763 2533 781 2553; x_wconf 89' lang='lat' dir='ltr'><strong><em>e</em></strong></span> <span class='ocrx_word' id='word_1_336' title='bbox 800 2522 874 2562; x_wconf 80' lang='lat' dir='ltr'><strong><em>lege</em></strong></span> <span class='ocrx_word' id='word_1_337' title='bbox 889 2523 1037 2554; x_wconf 70' lang='lat' dir='ltr'><strong><em>latinita-</em></strong></span> 
     </span>
     <span class='ocr_line' id='line_1_46' title="bbox 337 2562 1037 2605; baseline 0.007 -13"><span class='ocrx_word' id='word_1_338' title='bbox 337 2563 392 2593; x_wconf 72' lang='lat' dir='ltr'><strong><em>tis.</em></strong></span> <span class='ocrx_word' id='word_1_339' title='bbox 438 2562 559 2594; x_wconf 74' lang='lat' dir='ltr'><strong><em>Factus</em></strong></span> <span class='ocrx_word' id='word_1_340' title='bbox 585 2569 663 2594; x_wconf 74' lang='lat' dir='ltr'><strong><em>esset</em></strong></span> <span class='ocrx_word' id='word_1_341' title='bbox 692 2566 871 2605; x_wconf 83' lang='lat' dir='ltr'><strong><em>repetitum</em></strong></span> <span class='ocrx_word' id='word_1_342' title='bbox 904 2571 955 2596; x_wconf 84' lang='lat' dir='ltr'><strong><em>est</em></strong></span> <span class='ocrx_word' id='word_1_343' title='bbox 988 2572 1037 2597; x_wconf 86' lang='lat' dir='ltr'><strong><em>te·</em></strong></span> 
     </span>
     <span class='ocr_line' id='line_1_47' title="bbox 336 2606 697 2645; baseline 0.008 -11"><span class='ocrx_word' id='word_1_344' title='bbox 336 2614 425 2635; x_wconf 83' lang='lat' dir='ltr'><strong><em>mere</em></strong></span> <span class='ocrx_word' id='word_1_345' title='bbox 439 2616 456 2635; x_wconf 84' lang='lat' dir='ltr'><strong><em>e</em></strong></span> <span class='ocrx_word' id='word_1_346' title='bbox 467 2606 697 2645; x_wconf 84' lang='lat' dir='ltr'><strong><em>superioribus.</em></strong></span> 
     </span>
    </p>

    <p class='ocr_par' dir='ltr' id='par_1_11' title="bbox 334 2647 1037 2814">
     <span class='ocr_line' id='line_1_48' title="bbox 379 2647 1037 2691; baseline 0.005 -14"><span class='ocrx_word' id='word_1_347' title='bbox 379 2650 421 2681; x_wconf 77' lang='lat'><strong><em>90</em></strong></span> <span class='ocrx_word' id='word_1_348' title='bbox 443 2647 640 2678; x_wconf 67' lang='lat' dir='ltr'><strong><em>Extenuata</em></strong></span> <span class='ocrx_word' id='word_1_349' title='bbox 661 2649 812 2690; x_wconf 66' lang='lat' dir='ltr'><strong><em>ratione]</em></strong></span> <span class='ocrx_word' id='word_1_350' title='bbox 837 2650 858 2680; x_wconf 87' lang='lat' dir='ltr'><strong><em>i.</em></strong></span> <span class='ocrx_word' id='word_1_351' title='bbox 886 2661 914 2682; x_wconf 84' lang='lat' dir='ltr'><strong><em>e.</em></strong></span> <span class='ocrx_word' id='word_1_352' title='bbox 937 2659 1037 2691; x_wconf 86' lang='lat' dir='ltr'><strong><em>quam</em></strong></span> 
     </span>
     <span class='ocr_line' id='line_1_49' title="bbox 337 2689 1036 2732; baseline 0.007 -13"><span class='ocrx_word' id='word_1_353' title='bbox 337 2697 396 2719; x_wconf 85' lang='lat' dir='ltr'><strong><em>nos</em></strong></span> <span class='ocrx_word' id='word_1_354' title='bbox 411 2689 509 2727; x_wconf 65' lang='lat' dir='ltr'><strong><em>vulgo</em></strong></span> <span class='ocrx_word' id='word_1_355' title='bbox 531 2691 727 2731; x_wconf 81' lang='lat' dir='ltr'><strong><em>opponimus</em></strong></span> <span class='ocrx_word' id='word_1_356' title='bbox 746 2693 903 2732; x_wconf 81' lang='lat' dir='ltr'><strong><em>generali,</em></strong></span> <span class='ocrx_word' id='word_1_357' title='bbox 924 2700 959 2724; x_wconf 82' lang='lat' dir='ltr'><strong><em>et</em></strong></span> <span class='ocrx_word' id='word_1_358' title='bbox 979 2703 1036 2732; x_wconf 84' lang='lat' dir='ltr'><strong><em>ap-</em></strong></span> 
     </span>
     <span class='ocr_line' id='line_1_50' title="bbox 335 2732 1036 2773; baseline 0.006 -11"><span class='ocrx_word' id='word_1_359' title='bbox 335 2732 496 2772; x_wconf 78' lang='lat' dir='ltr'><strong><em>pellamus</em></strong></span> <span class='ocrx_word' id='word_1_360' title='bbox 521 2733 713 2773; x_wconf 76' lang='lat' dir='ltr'><strong><em>specialem3</em></strong></span> <span class='ocrx_word' id='word_1_361' title='bbox 745 2744 818 2773; x_wconf 85' lang='lat' dir='ltr'><strong><em>quae</em></strong></span> <span class='ocrx_word' id='word_1_362' title='bbox 846 2745 911 2766; x_wconf 90' lang='lat' dir='ltr'><strong><em>non</em></strong></span> <span class='ocrx_word' id='word_1_363' title='bbox 939 2735 1036 2766; x_wconf 90' lang='lat' dir='ltr'><strong><em>modo</em></strong></span> 
     </span>
     <span class='ocr_line' id='line_1_51' title="bbox 334 2775 1032 2814; baseline 0.004 -10"><span class='ocrx_word' id='word_1_364' title='bbox 334 2776 446 2814; x_wconf 79' lang='lat' dir='ltr'><strong><em>generi</em></strong></span> <span class='ocrx_word' id='word_1_365' title='bbox 469 2775 655 2812; x_wconf 62' lang='lat' dir='ltr'><strong><em>conveniat,</em></strong></span> <span class='ocrx_word' id='word_1_366' title='bbox 675 2776 731 2807; x_wconf 80' lang='lat' dir='ltr'><strong><em>sed</em></strong></span> <span class='ocrx_word' id='word_1_367' title='bbox 749 2777 790 2807; x_wconf 84' lang='lat' dir='ltr'><strong><em>ad</em></strong></span> <span class='ocrx_word' id='word_1_368' title='bbox 804 2787 876 2807; x_wconf 89' lang='lat' dir='ltr'><strong><em>eam</em></strong></span> <span class='ocrx_word' id='word_1_369' title='bbox 892 2779 1032 2808; x_wconf 79' lang='lat' dir='ltr'><strong><em>formam</em></strong></span> 
     </span>
    </p>
   </div>
   <div class='ocr_carea' id='block_1_7' title="bbox 1077 2226 1783 2817">
    <p class='ocr_par' dir='ltr' id='par_1_12' title="bbox 1086 2226 1178 2257">
     <span class='ocr_line' id='line_1_52' title="bbox 1086 2226 1178 2257; baseline -0.011 0"><span class='ocrx_word' id='word_1_370' title='bbox 1086 2226 1178 2257; x_wconf 78' lang='lat' dir='ltr'><strong><em>alios.</em></strong></span> 
     </span>
    </p>

    <p class='ocr_par' dir='ltr' id='par_1_13' title="bbox 1080 2265 1783 2468">
     <span class='ocr_line' id='line_1_53' title="bbox 1129 2265 1783 2308; baseline 0 -9"><span class='ocrx_word' id='word_1_371' title='bbox 1129 2271 1165 2303; x_wconf 85' lang='lat'><strong><em>91</em></strong></span> <span class='ocrx_word' id='word_1_372' title='bbox 1184 2267 1390 2308; x_wconf 75' lang='lat' dir='ltr'><strong><em>Diligentius</em></strong></span> <span class='ocrx_word' id='word_1_373' title='bbox 1408 2266 1667 2307; x_wconf 62' lang='lat' dir='ltr'><strong><em>consideranda]</em></strong></span> <span class='ocrx_word' id='word_1_374' title='bbox 1713 2265 1783 2299; x_wconf 87' lang='lat' dir='ltr'><strong><em>De-</em></strong></span> 
     </span>
     <span class='ocr_line' id='line_1_54' title="bbox 1083 2310 1782 2350; baseline 0.001 -9"><span class='ocrx_word' id='word_1_375' title='bbox 1083 2310 1145 2341; x_wconf 84' lang='lat' dir='ltr'><strong><em>levi</em></strong></span> <span class='ocrx_word' id='word_1_376' title='bbox 1166 2316 1255 2348; x_wconf 70' lang='lat' dir='ltr'><strong><em>sunt,</em></strong></span> <span class='ocrx_word' id='word_1_377' title='bbox 1275 2311 1363 2350; x_wconf 85' lang='lat' dir='ltr'><strong><em>quod</em></strong></span> <span class='ocrx_word' id='word_1_378' title='bbox 1383 2315 1416 2341; x_wconf 85' lang='lat' dir='ltr'><strong><em>et</em></strong></span> <span class='ocrx_word' id='word_1_379' title='bbox 1439 2322 1458 2341; x_wconf 89' lang='lat' dir='ltr'>a</span> <span class='ocrx_word' id='word_1_380' title='bbox 1475 2312 1596 2341; x_wconf 84' lang='lat' dir='ltr'><strong><em>nostris</em></strong></span> <span class='ocrx_word' id='word_1_381' title='bbox 1617 2310 1698 2342; x_wconf 79' lang='lat' dir='ltr'><strong><em>MSS.</em></strong></span> <span class='ocrx_word' id='word_1_382' title='bbox 1713 2315 1782 2342; x_wconf 87' lang='lat' dir='ltr'><strong><em>eta</em></strong></span> 
     </span>
     <span class='ocr_line' id='line_1_55' title="bbox 1082 2352 1781 2394; baseline 0.001 -11"><span class='ocrx_word' id='word_1_383' title='bbox 1082 2353 1196 2384; x_wconf 88' lang='lat' dir='ltr'><strong><em>multis</em></strong></span> <span class='ocrx_word' id='word_1_384' title='bbox 1222 2364 1274 2394; x_wconf 81' lang='lat' dir='ltr'><strong><em>ap.</em></strong></span> <span class='ocrx_word' id='word_1_385' title='bbox 1296 2353 1445 2383; x_wconf 83' lang='lat' dir='ltr'><strong><em>Oudend.</em></strong></span> <span class='ocrx_word' id='word_1_386' title='bbox 1476 2358 1511 2384; x_wconf 82' lang='lat' dir='ltr'><strong><em>et</em></strong></span> <span class='ocrx_word' id='word_1_387' title='bbox 1539 2353 1647 2384; x_wconf 80' lang='lat' dir='ltr'><strong><em>Graev.</em></strong></span> <span class='ocrx_word' id='word_1_388' title='bbox 1673 2352 1781 2391; x_wconf 76' lang='lat' dir='ltr'><strong><em>abest,</em></strong></span> 
     </span>
     <span class='ocr_line' id='line_1_56' title="bbox 1082 2395 1782 2436; baseline -0.001 -10"><span class='ocrx_word' id='word_1_389' title='bbox 1082 2400 1207 2426; x_wconf 84' lang='lat' dir='ltr'><strong><em>temere</em></strong></span> <span class='ocrx_word' id='word_1_390' title='bbox 1224 2395 1289 2426; x_wconf 91' lang='lat' dir='ltr'><strong><em>huc</em></strong></span> <span class='ocrx_word' id='word_1_391' title='bbox 1308 2406 1325 2427; x_wconf 91' lang='lat' dir='ltr'><strong><em>e</em></strong></span> <span class='ocrx_word' id='word_1_392' title='bbox 1345 2396 1494 2436; x_wconf 82' lang='lat' dir='ltr'><strong><em>proximo</em></strong></span> <span class='ocrx_word' id='word_1_393' title='bbox 1511 2401 1674 2427; x_wconf 79' lang='lat' dir='ltr'><strong><em>tractum:</em></strong></span> <span class='ocrx_word' id='word_1_394' title='bbox 1699 2395 1782 2425; x_wconf 85' lang='lat' dir='ltr'><strong><em>item</em></strong></span> 
     </span>
     <span class='ocr_line' id='line_1_57' title="bbox 1080 2437 1296 2468; baseline 0 0"><span class='ocrx_word' id='word_1_395' title='bbox 1080 2438 1121 2468; x_wconf 84' lang='lat' dir='ltr'><strong><em>ab</em></strong></span> <span class='ocrx_word' id='word_1_396' title='bbox 1135 2437 1184 2468; x_wconf 85' lang='lat' dir='ltr'><strong><em>ed.</em></strong></span> <span class='ocrx_word' id='word_1_397' title='bbox 1201 2438 1296 2468; x_wconf 81' lang='lat' dir='ltr'><strong><em>Junt.</em></strong></span> 
     </span>
    </p>

    <p class='ocr_par' dir='ltr' id='par_1_14' title="bbox 1077 2479 1782 2817">
     <span class='ocr_line' id='line_1_58' title="bbox 1122 2479 1782 2522; baseline 0 -11"><span class='ocrx_word' id='word_1_398' title='bbox 1122 2483 1162 2515; x_wconf 76' lang='lat'><strong><em>92</em></strong></span> <span class='ocrx_word' id='word_1_399' title='bbox 1185 2481 1294 2519; x_wconf 73' lang='lat' dir='ltr'><strong><em>Igitur</em></strong></span> <span class='ocrx_word' id='word_1_400' title='bbox 1308 2480 1466 2521; x_wconf 49' lang='lat' dir='ltr'><strong><em>studiosi]</em></strong></span> <span class='ocrx_word' id='word_1_401' title='bbox 1493 2480 1545 2511; x_wconf 81' lang='lat' dir='ltr'><strong><em>Sic</em></strong></span> <span class='ocrx_word' id='word_1_402' title='bbox 1559 2490 1619 2522; x_wconf 89' lang='lat' dir='ltr'><strong><em>pro</em></strong></span> <span class='ocrx_word' id='word_1_403' title='bbox 1641 2479 1782 2511; x_wconf 70' lang='lat' dir='ltr'><strong><em>studiose</em></strong></span> 
     </span>
     <span class='ocr_line' id='line_1_59' title="bbox 1080 2521 1780 2562; baseline 0.004 -10"><span class='ocrx_word' id='word_1_404' title='bbox 1080 2521 1241 2561; x_wconf 77' lang='lat' dir='ltr'><strong><em>dedimus,</em></strong></span> <span class='ocrx_word' id='word_1_405' title='bbox 1269 2534 1287 2554; x_wconf 89' lang='lat' dir='ltr'><strong><em>e</em></strong></span> <span class='ocrx_word' id='word_1_406' title='bbox 1312 2524 1392 2554; x_wconf 87' lang='lat' dir='ltr'><strong><em>Mss.</em></strong></span> <span class='ocrx_word' id='word_1_407' title='bbox 1423 2523 1542 2554; x_wconf 86' lang='lat' dir='ltr'><strong><em>nostris</em></strong></span> <span class='ocrx_word' id='word_1_408' title='bbox 1570 2527 1607 2554; x_wconf 84' lang='lat' dir='ltr'><strong><em>et</em></strong></span> <span class='ocrx_word' id='word_1_409' title='bbox 1633 2521 1706 2553; x_wconf 82' lang='lat' dir='ltr'><strong><em>aliis</em></strong></span> <span class='ocrx_word' id='word_1_410' title='bbox 1724 2531 1780 2562; x_wconf 80' lang='lat' dir='ltr'><strong><em>ap·</em></strong></span> 
     </span>
     <span class='ocr_line' id='line_1_60' title="bbox 1079 2563 1779 2606; baseline 0 -11"><span class='ocrx_word' id='word_1_411' title='bbox 1079 2564 1364 2606; x_wconf 80' lang='lat' dir='ltr'><strong><em>Oudendorpium,</em></strong></span> <span class='ocrx_word' id='word_1_412' title='bbox 1383 2565 1455 2597; x_wconf 84' lang='lat' dir='ltr'><strong><em>edd.</em></strong></span> <span class='ocrx_word' id='word_1_413' title='bbox 1477 2565 1634 2605; x_wconf 86' lang='lat' dir='ltr'><strong><em>antiquis.</em></strong></span> <span class='ocrx_word' id='word_1_414' title='bbox 1677 2563 1779 2596; x_wconf 75' lang='lat' dir='ltr'><strong><em>Lam-</em></strong></span> 
     </span>
     <span class='ocr_line' id='line_1_61' title="bbox 1080 2607 1780 2639; baseline 0.001 -2"><span class='ocrx_word' id='word_1_415' title='bbox 1080 2607 1176 2638; x_wconf 85' lang='lat' dir='ltr'><strong><em>binus</em></strong></span> <span class='ocrx_word' id='word_1_416' title='bbox 1203 2607 1333 2638; x_wconf 85' lang='lat' dir='ltr'><strong><em>induxit</em></strong></span> <span class='ocrx_word' id='word_1_417' title='bbox 1358 2608 1496 2639; x_wconf 73' lang='lat' dir='ltr'><strong><em>studiose</em></strong></span> <span class='ocrx_word' id='word_1_418' title='bbox 1522 2618 1540 2638; x_wconf 89' lang='lat' dir='ltr'><strong><em>e</em></strong></span> <span class='ocrx_word' id='word_1_419' title='bbox 1561 2607 1687 2638; x_wconf 83' lang='lat' dir='ltr'><strong><em>duobus</em></strong></span> <span class='ocrx_word' id='word_1_420' title='bbox 1714 2615 1780 2638; x_wconf 79' lang='lat' dir='ltr'><strong><em>ser.</em></strong></span> 
     </span>
     <span class='ocr_line' id='line_1_62' title="bbox 1081 2648 1779 2690; baseline 0.003 -11"><span class='ocrx_word' id='word_1_421' title='bbox 1081 2649 1228 2690; x_wconf 78' lang='lat' dir='ltr'><strong><em>ineptum</em></strong></span> <span class='ocrx_word' id='word_1_422' title='bbox 1241 2650 1394 2689; x_wconf 87' lang='lat' dir='ltr'><strong><em>judicans</em></strong></span> <span class='ocrx_word' id='word_1_423' title='bbox 1423 2650 1455 2681; x_wconf 86' lang='lat' dir='ltr'><strong><em>h.</em></strong></span> <span class='ocrx_word' id='word_1_424' title='bbox 1476 2649 1498 2680; x_wconf 83' lang='lat'><strong><em>1.</em></strong></span> <span class='ocrx_word' id='word_1_425' title='bbox 1521 2650 1670 2681; x_wconf 66' lang='lat' dir='ltr'><strong><em>studiosi:</em></strong></span> <span class='ocrx_word' id='word_1_426' title='bbox 1691 2648 1779 2688; x_wconf 82' lang='lat' dir='ltr'><strong><em>quod</em></strong></span> 
     </span>
     <span class='ocr_line' id='line_1_63' title="bbox 1080 2691 1778 2731; baseline 0 -9"><span class='ocrx_word' id='word_1_427' title='bbox 1080 2693 1181 2722; x_wconf 86' lang='lat' dir='ltr'><strong><em>miror</em></strong></span> <span class='ocrx_word' id='word_1_428' title='bbox 1200 2693 1235 2722; x_wconf 90' lang='lat' dir='ltr'><strong><em>in</em></strong></span> <span class='ocrx_word' id='word_1_429' title='bbox 1257 2692 1314 2723; x_wconf 83' lang='lat' dir='ltr'><strong><em>illa</em></strong></span> <span class='ocrx_word' id='word_1_430' title='bbox 1337 2692 1395 2722; x_wconf 87' lang='lat' dir='ltr'><strong><em>viri</em></strong></span> <span class='ocrx_word' id='word_1_431' title='bbox 1411 2692 1587 2731; x_wconf 82' lang='lat' dir='ltr'><strong><em>elegantia.</em></strong></span> <span class='ocrx_word' id='word_1_432' title='bbox 1632 2691 1778 2723; x_wconf 68' lang='lat' dir='ltr'><strong><em>Studien*</em></strong></span> 
     </span>
     <span class='ocr_line' id='line_1_64' title="bbox 1078 2733 1777 2774; baseline -0.003 -9"><span class='ocrx_word' id='word_1_433' title='bbox 1078 2740 1157 2765; x_wconf 86' lang='lat' dir='ltr'><strong><em>sunt</em></strong></span> <span class='ocrx_word' id='word_1_434' title='bbox 1182 2734 1380 2774; x_wconf 76' lang='lat' dir='ltr'><strong><em>eloquentiae</em></strong></span> <span class='ocrx_word' id='word_1_435' title='bbox 1407 2733 1561 2765; x_wconf 79' lang='lat' dir='ltr'><strong><em>cultores.</em></strong></span> <span class='ocrx_word' id='word_1_436' title='bbox 1618 2733 1777 2765; x_wconf 76' lang='lat' dir='ltr'><strong><em>Ceterum</em></strong></span> 
     </span>
     <span class='ocr_line' id='line_1_65' title="bbox 1077 2775 1778 2817; baseline 0.001 -10"><span class='ocrx_word' id='word_1_437' title='bbox 1077 2786 1144 2807; x_wconf 87' lang='lat' dir='ltr'><strong><em>non</em></strong></span> <span class='ocrx_word' id='word_1_438' title='bbox 1166 2787 1264 2817; x_wconf 80' lang='lat' dir='ltr'><strong><em>nego,</em></strong></span> <span class='ocrx_word' id='word_1_439' title='bbox 1286 2781 1321 2807; x_wconf 88' lang='lat' dir='ltr'><strong><em>et</em></strong></span> <span class='ocrx_word' id='word_1_440' title='bbox 1343 2776 1516 2816; x_wconf 83' lang='lat' dir='ltr'><strong><em>vulgatum</em></strong></span> <span class='ocrx_word' id='word_1_441' title='bbox 1540 2777 1624 2807; x_wconf 84' lang='lat' dir='ltr'><strong><em>bene</em></strong></span> <span class='ocrx_word' id='word_1_442' title='bbox 1644 2775 1721 2813; x_wconf 83' lang='lat' dir='ltr'><strong><em>dici,</em></strong></span> <span class='ocrx_word' id='word_1_443' title='bbox 1737 2780 1778 2808; x_wconf 81' lang='lat' dir='ltr'><strong><em>ut</em></strong></span> 
     </span>
    </p>
   </div>
   <div class='ocr_carea' id='block_1_8' title="bbox 333 2817 1775 2862">
    <p class='ocr_par' dir='ltr' id='par_1_15' title="bbox 333 2817 1775 2862">
     <span class='ocr_line' id='line_1_66' title="bbox 333 2817 1775 2862; baseline 0.003 -15"><span class='ocrx_word' id='word_1_444' title='bbox 333 2818 579 2848; x_wconf 73' lang='lat' dir='ltr'><strong><em>accommodata</em></strong></span> <span class='ocrx_word' id='word_1_445' title='bbox 603 2818 658 2854; x_wconf 75' lang='lat' dir='ltr'><strong><em>sit,</em></strong></span> <span class='ocrx_word' id='word_1_446' title='bbox 683 2819 722 2849; x_wconf 84' lang='lat' dir='ltr'><strong><em>de</em></strong></span> <span class='ocrx_word' id='word_1_447' title='bbox 750 2828 815 2858; x_wconf 78' lang='lat' dir='ltr'><strong><em>qua</em></strong></span> <span class='ocrx_word' id='word_1_448' title='bbox 836 2829 945 2850; x_wconf 81' lang='lat' dir='ltr'><strong><em>sermo</em></strong></span> <span class='ocrx_word' id='word_1_449' title='bbox 967 2825 1031 2849; x_wconf 76' lang='lat' dir='ltr'><strong><em>est:</em></strong></span> <span class='ocrx_word' id='word_1_450' title='bbox 1074 2823 1218 2849; x_wconf 77' lang='lat' dir='ltr'><strong><em>utuntur</em></strong></span> <span class='ocrx_word' id='word_1_451' title='bbox 1231 2818 1380 2850; x_wconf 78' lang='lat' dir='ltr'><strong><em>absolute</em></strong></span> <span class='ocrx_word' id='word_1_452' title='bbox 1389 2819 1527 2850; x_wconf 78' lang='lat' dir='ltr'><strong><em>dicatur.</em></strong></span> <span class='ocrx_word' id='word_1_453' title='bbox 1542 2819 1606 2850; x_wconf 74' lang='lat' dir='ltr'><strong><em>sed</em></strong></span> <span class='ocrx_word' id='word_1_454' title='bbox 1617 2817 1727 2862; x_wconf 66' lang='lat' dir='ltr'><strong><em>plurffi</em></strong></span> <span class='ocrx_word' id='word_1_455' title='bbox 1739 2823 1775 2851; x_wconf 66' lang='lat' dir='ltr'><strong><em>ot</em></strong></span> 
     </span>
    </p>
   </div>
   <div class='ocr_carea' id='block_1_9' title="bbox 333 2860 1032 2902">
    <p class='ocr_par' dir='ltr' id='par_1_16' title="bbox 333 2860 1032 2902">
     <span class='ocr_line' id='line_1_67' title="bbox 333 2860 1032 2902; baseline 0.006 -12"><span class='ocrx_word' id='word_1_456' title='bbox 333 2865 371 2890; x_wconf 74' lang='lat' dir='ltr'><strong><em>nt</em></strong></span> <span class='ocrx_word' id='word_1_457' title='bbox 386 2860 420 2890; x_wconf 82' lang='lat' dir='ltr'><strong><em>in</em></strong></span> <span class='ocrx_word' id='word_1_458' title='bbox 434 2860 590 2902; x_wconf 60' lang='lat' dir='ltr'><strong><em>exemplis</em></strong></span> <span class='ocrx_word' id='word_1_459' title='bbox 607 2862 794 2902; x_wconf 79' lang='lat' dir='ltr'><strong><em>propositis,</em></strong></span> <span class='ocrx_word' id='word_1_460' title='bbox 809 2862 891 2894; x_wconf 78' lang='lat' dir='ltr'><strong><em>ratio</em></strong></span> <span class='ocrx_word' id='word_1_461' title='bbox 907 2862 1032 2895; x_wconf 72' lang='lat' dir='ltr'><strong><em>utilita-</em></strong></span> 
     </span>
    </p>
   </div>
   <div class='ocr_carea' id='block_1_10' title="bbox 1076 2860 1587 2894">
    <p class='ocr_par' dir='ltr' id='par_1_17' title="bbox 1076 2860 1587 2894">
     <span class='ocr_line' id='line_1_68' title="bbox 1076 2860 1587 2894; baseline 0 -1"><span class='ocrx_word' id='word_1_462' title='bbox 1076 2861 1228 2894; x_wconf 79' lang='lat' dir='ltr'><strong><em>meliores</em></strong></span> <span class='ocrx_word' id='word_1_463' title='bbox 1242 2861 1317 2894; x_wconf 82' lang='lat' dir='ltr'><strong><em>libri</em></strong></span> <span class='ocrx_word' id='word_1_464' title='bbox 1329 2866 1410 2894; x_wconf 82' lang='lat' dir='ltr'><strong><em>sunt</em></strong></span> <span class='ocrx_word' id='word_1_465' title='bbox 1423 2860 1587 2894; x_wconf 75' lang='lat' dir='ltr'><strong><em>audiendi.</em></strong></span> 
     </span>
    </p>
   </div>
  </div>
 </body>
</html>
