1914 3220
660 119 1110 176 PRAEFATIO.
1532 119 1602 172 vii

154 256 260 318 ba,
310 257 507 327 quibus
555 252 848 307 sententias
891 251 1166 323 exprimit,
1212 250 1597 304 conservando.

169 340 404 413 Oportet
439 341 602 413 igitur
627 337 826 401 videre,
854 355 923 390 an
962 337 1146 390 omnia
1171 337 1336 389 verba
1367 337 1423 388 in
1450 336 1599 389 insti-

166 434 287 479 tuto
314 434 472 497 tropo
501 423 847 478 consentiant
872 440 972 475 nec
1001 442 1100 475 ne:
1142 432 1220 483 ut,
1262 420 1305 473 si
1334 420 1467 490 quid
1497 420 1597 473 dis-

167 519 372 581 crepet,
399 512 469 564 de
496 527 763 563 consensu
796 507 1131 561 restituendo
1159 505 1383 576 cogitari
1412 504 1596 575 possit.

158 595 296 657 Quo
330 614 425 647 nos
460 595 627 648 modo
661 595 819 665 plura
853 592 1184 646 restituimus
1221 591 1275 642 in
1312 589 1598 642 tractando

164 678 444 742 Cicerone,
473 697 599 750 quae
627 678 826 731 deinde
860 678 1026 731 etiam
1059 675 1332 729 interdum
1371 674 1427 725 in
1452 672 1598 725 libris

164 765 247 816 vel
274 766 504 836 scriptiS,
530 766 616 819 vel
643 765 771 817 olim
810 763 969 816 editis
996 761 1310 833 reperimus,
1389 758 1455 810 In
1486 775 1598 828 quo

160 867 358 920 genere
390 850 600 921 insigne
639 858 738 912 est,
777 858 840 902 ut
871 849 974 901 hoc
1012 856 1151 908 utar,
1195 844 1509 915 exemplum
1542 843 1596 894 in

162 936 406 988 secundo
434 936 503 988 de
531 935 758 988 Oratore
785 935 939 997 libro,
967 933 1062 985 ubi
1084 951 1151 984 ex
1174 932 1412 1002 vulgatO,
1440 937 1598 981 cantu

164 1021 400 1082 colorari,
452 1019 679 1073 fecimus
728 1028 873 1072 tactu
915 1019 1149 1071 colorari.
1220 1016 1364 1068 Tum
1407 1022 1600 1086 praeter

165 1115 370 1159 ceteros
398 1125 585 1159 omnes
614 1106 847 1176 diligens
881 1113 961 1157 est
990 1102 1180 1156 Cicero
1211 1103 1265 1154 in
1295 1102 1598 1163 verborum,

166 1210 292 1264 quae
315 1193 416 1245 sibi
438 1191 804 1263 respondeant
828 1190 883 1241 in
906 1189 1128 1260 singulis
1156 1187 1430 1250 membriS,
1458 1188 1601 1240 simi-

166 1278 414 1340 litudine,
454 1284 507 1329 et
538 1277 906 1329 membrorum
935 1275 1252 1346 aequalitate
1280 1291 1600 1326 conservan-

167 1361 269 1414 da:
323 1362 377 1414 in
425 1379 538 1432 quo
580 1371 662 1415 est
704 1379 907 1433 magna
956 1360 1211 1413 orationis
1264 1359 1501 1411 suavitas
1546 1368 1601 1410 et

167 1448 522 1501 concinnitas.
603 1447 710 1500 Sed
751 1448 803 1499 in
844 1456 1080 1517 utroque
1106 1463 1300 1518 genere
1327 1443 1600 1497 interdum

166 1532 365 1584 librarii
409 1551 723 1604 peccavere,
763 1533 847 1585 vel
880 1531 1149 1585 mutanda
1178 1531 1466 1583 verborum
1498 1528 1603 1580 sin·

166 1617 415 1688 gulorum
463 1617 654 1681 forma,
699 1619 784 1671 vel
837 1616 1142 1671 omittendo
1187 1616 1374 1685 aliquo
1419 1612 1603 1673 verbO,

170 1702 321 1773 quod
348 1703 538 1756 vitiose
564 1703 870 1756 redundare
898 1710 1171 1775 putarent.
1250 1699 1492 1753 Omnino
1519 1703 1602 1749 est

170 1788 428 1858 quaedam
458 1789 618 1859 quasi
637 1791 787 1861 justa
813 1788 1088 1850 orationiS,
1110 1786 1276 1840 etiam
1303 1786 1359 1837 in
1386 1780 1606 1853 singulis

168 1874 442 1937 membris,
486 1894 756 1937 mensura,
801 1892 969 1946 quam
1011 1892 1164 1927 aures
1211 1872 1374 1925 veluti
1422 1878 1605 1922 tenere

168 1961 391 2023 debent,
431 1970 493 2014 ut
522 1961 592 2013 ad
622 1979 743 2013 eam
773 1961 987 2032 exigere
1019 1958 1279 2020 membra,
1308 1955 1605 2028 praesertim

168 2046 223 2098 in
253 2046 602 2118 periodorum
628 2046 900 2108 clausuliS‚
931 2045 1154 2116 possint.
1235 2043 1387 2096 Nam
1426 2050 1607 2113 potest

169 2131 440 2183 sententia
465 2140 612 2184 recte
641 2149 755 2184 esse
776 2149 1050 2202 expressa,
1077 2149 1178 2183 nec
1200 2137 1386 2182 tamen
1406 2127 1606 2179 habere

168 2216 317 2266 illam
360 2217 568 2286 justam
621 2235 887 2269 mensurae
934 2215 1392 2287 magnitudinem:
1435 2228 1605 2282 quam

170 2298 362 2352 Cicero
390 2300 524 2354 dicit
550 2321 702 2354 aures
738 2321 857 2354 suas
896 2303 1115 2372 eaplere.
1184 2299 1356 2353 Unde
1388 2307 1607 2349 necesse

170 2392 269 2447 est,
316 2384 516 2449 Videre,
559 2406 648 2449 ne,
695 2387 976 2440 diminutis
1026 2394 1180 2458 parte
1220 2385 1408 2455 aliqua
1444 2381 1607 2452 justae

171 2471 563 2542 magnitudinis
617 2473 914 2536 sententiis,
965 2473 1109 2526 fraus
1163 2469 1411 2524 Ciceroni
1461 2467 1611 2520 facta

171 2557 266 2616 sit;
307 2566 361 2610 et
389 2557 431 2610 si
460 2557 595 2628 quid
624 2558 936 2630 hujusmodi
966 2559 1279 2621 sentiamUS,
1306 2557 1390 2610 vel
1412 2554 1627 2608 sentire

169 2642 473 2705 videamur,
523 2643 825 2706 videamus,
880 2663 951 2696 an
1005 2645 1061 2697 ei
1107 2645 1405 2706 restituere,
1458 2639 1609 2712 quod

172 2726 454 2780 ademtum
511 2729 782 2793 videatur,
839 2731 1078 2802 legitime
1147 2730 1431 2802 possimus
1512 2725 1612 2778 Est

170 2811 337 2865 etiam
390 2814 445 2869 in
494 2815 739 2885 pluribus
788 2817 1037 2887 proprius
1087 2817 1315 2887 quidam
1365 2811 1614 2868 Ciceroni

858 2919 892 2953 a
918 2908 953 2955 4
