1914 3220
633 112 1084 167 PRAEFATIO.
1472 110 1565 162 xiii

141 240 321 304 mode,
353 240 455 294 hoc
497 249 594 305 est,
621 243 815 295 eadem
857 242 1113 312 temporis
1155 242 1562 296 continuatione

140 325 355 387 scribat,
383 333 444 378 ut
470 327 697 379 recentis
739 326 1010 379 memoriae
1038 325 1238 378 auxilio
1265 326 1341 378 uti
1372 327 1538 395 possit
1548 346 1561 386 ;

141 427 242 461 nec
270 409 374 466 alio
406 408 526 461 loco
564 411 852 481 relinquat,
881 409 1028 480 quod
1069 410 1175 462 alio
1214 410 1444 472 sustulit,
1469 419 1566 463 aut

141 493 245 545 alio
285 493 405 544 loco
445 493 677 557 dubitet,
713 495 782 548 de
811 512 923 565 quo
960 495 1088 547 alibi
1129 513 1237 547 non
1276 494 1563 547 dubitavit.

142 574 208 628 In
258 575 338 629 his
390 585 576 630 autem
626 579 927 650 generibus,
979 579 1221 651 inprimis
1268 578 1565 650 posteriori,

139 678 284 731 saepe
310 679 343 712 a
379 663 561 715 multis
601 663 921 717 doctissimis
962 663 1082 717 viris
1122 671 1413 735 peccatum
1453 680 1567 716 esse

139 746 335 816 reperi:
377 748 529 819 cujus
557 749 631 801 rei
655 749 1005 802 memorabile
1031 750 1343 820 exemplum
1370 758 1469 811 est,
1505 757 1568 804 ut

138 828 243 882 hoc
268 839 404 894 utar,
426 832 480 884 in
502 833 620 885 libri
648 833 716 886 de
744 833 1066 887 Inventione
1086 834 1311 887 secundi
1337 852 1458 905 cap.
1478 838 1565 886 22.

160 984 165 986 ‚
211 912 342 969 Jam
369 916 411 968 si
440 918 561 988 quis
590 918 660 971 ad
699 918 817 972 haec
861 928 1042 973 nostra
1079 919 1148 972 de
1189 917 1390 972 Critica
1416 916 1570 970 Cice-

140 1001 364 1054 roniana
406 1012 683 1074 praecepta
718 1006 955 1076 exegerit
997 1005 1166 1057 claros
1200 1003 1443 1066 Criticos,
1472 1004 1568 1075 qui

139 1085 195 1137 in
224 1084 484 1141 Cicerone
511 1090 839 1141 recensendo
878 1090 1308 1152 elaboraverunt,
1346 1108 1454 1141 uon
1481 1089 1568 1140 ille

143 1171 365 1241 quidem
392 1173 447 1224 in
487 1191 596 1225 uno
635 1175 890 1245 repererit
920 1175 1131 1234 omnia3
1173 1175 1311 1227 sicut
1343 1193 1442 1227 nec
1471 1193 1569 1227 nos

140 1256 461 1326 reperimus:
492 1266 685 1328 estque
706 1260 927 1312 omnino
945 1259 1276 1331 perdifficile,
1293 1259 1383 1311 illa
1399 1278 1569 1312 unum

142 1339 339 1392 habere
366 1340 568 1405 omnia,
590 1343 683 1395 sed
712 1353 896 1398 tamen
928 1364 1024 1416 per
1051 1345 1228 1416 plures
1257 1344 1570 1397 distributas

144 1440 234 1479 eas
287 1425 510 1480 virtutes
562 1428 948 1500 deprehendet.
1029 1430 1204 1483 Erant
1257 1440 1442 1483 autem
1492 1430 1571 1481 in-

143 1511 328 1583 primis
372 1511 636 1582 quinque,
681 1532 806 1584 quae
860 1516 917 1567 in
972 1514 1174 1569 Critico
1215 1513 1569 1568 Ciceroniano

144 1596 385 1668 perfecto
428 1599 730 1668 spectanda
770 1601 1103 1654 diceremus:
1158 1601 1212 1652 in
1266 1600 1344 1652 his
1389 1594 1573 1670 'prima

143 1683 416 1752 exquisita
450 1683 731 1737 latinitatis
781 1685 1007 1739 scientia
1046 1687 1102 1739 in
1139 1686 1358 1758 singulis
1397 1687 1571 1738 verbis

144 1768 439 1838 formisque
467 1768 710 1822 dicendi:
751 1772 994 1825 secunda
1019 1772 1213 1825 eadem
1239 1772 1294 1824 in
1323 1770 1575 1843 analogia

143 1854 340 1925 linguae
384 1854 665 1917 universae,
698 1864 758 1908 ut
789 1857 844 1909 in
885 1857 1238 1928 temporibUS,
1276 1857 1469 1920 modiS,
1510 1857 1577 1909 si-

145 1938 496 2009 milibusque:
538 1940 695 1991 tertia
715 1950 830 1994 erat
850 1942 906 1993 in
933 1961 1091 1994 sensu
1110 1941 1426 2004 venustatiS,
1447 1959 1574 1994 con-

145 2025 436 2088 cinnitatis,
468 2025 677 2077 numeri
716 2034 886 2096 atque
926 2027 1042 2078 soni
1080 2026 1334 2079 orationis
1362 2025 1577 2080 Cicero-

146 2110 348 2163 nianae:
391 2120 588 2181 quarta
615 2130 741 2164 usus
768 2119 946 2165 rectus
988 2121 1043 2165 et
1085 2119 1372 2165 accuratus
1416 2112 1577 2165 libro-

146 2216 266 2250 rum
294 2197 662 2268 antiquorum,
692 2205 808 2250 tum
845 2197 1167 2268 scriptorum
1194 2206 1249 2250 et
1286 2197 1575 2261 editorum,

147 2301 274 2336 cum
301 2283 518 2354 ingenio
545 2283 837 2335 odorandae
861 2301 996 2335 verae
1024 2283 1268 2337 lectionis
1297 2301 1393 2354 per
1418 2285 1576 2338 vesti·

146 2369 235 2439 gia
261 2369 374 2439 ejus
402 2369 456 2419 in
482 2367 628 2421 libris
656 2368 912 2438 antiquis,

220 2453 304 2506 Ac
331 2454 386 2505 in
414 2453 571 2524 primi
600 2454 822 2523 quidem
863 2454 1069 2524 generis
1108 2455 1224 2506 laus
1253 2454 1454 2529 quibus
1487 2454 1578 2508 de—

147 2528 356 2601 beatur,
398 2539 735 2610 reperiuntur
777 2538 955 2610 plures
1008 2540 1063 2590 in
1104 2539 1165 2591 iis
1211 2536 1439 2603 CriticiS,
1481 2541 1579 2611 qui

150 2623 468 2677 Ciceronem
509 2632 824 2687 tractavere,
866 2623 1108 2696 inprimis
1153 2623 1424 2688 VictoriuS,
1452 2624 1579 2678 Ma-

146 2711 340 2772 nutiuS,
368 2708 669 2772 LambinuS,
700 2708 1009 2773 Gronovius,
1031 2709 1302 2767 Graevz'us,·
1344 2710 1436 2762 sed
1468 2727 1579 2761 ma-

148 2795 293 2848 xime
319 2804 376 2848 et
397 2795 690 2865 saepissime
712 2794 993 2849 Victor-ium
1011 2795 1182 2870 reperi
1208 2796 1263 2848 in
1292 2813 1359 2849 eo
1385 2814 1580 2868 genere
