1945 3235
540 133 727 173 LIBER
753 133 1084 173 SECUNDUS.
1151 154 1155 163 =
1469 139 1537 178 191

104 245 270 291 eantur,
298 247 342 281 et
362 254 387 280 a
408 238 571 295 vulgari
587 235 876 293 intelligentia
896 237 1128 278 remotiora
1149 245 1271 280 sunt:
1305 238 1357 280 ad
1389 240 1540 283 simili-

105 297 303 338 tudinem
321 311 421 338 vero
443 296 643 350 aliquam,
662 304 736 337 aut
754 294 807 336 ad
828 308 919 334 rem
940 293 1286 349 amplificandam
1305 311 1418 351 saepe
1441 309 1540 340 sunt

105 353 346 396 inferenda.
407 351 742 393 Consuetudinis
764 360 907 392 autem
931 350 1006 405 jus
1023 365 1114 391 esse
1135 360 1310 405 putatur
1343 353 1399 403 id,
1422 356 1539 410 quod

108 411 328 452 voluntate
349 409 541 451 omnium
565 410 655 450 sine
675 408 771 464 lege
792 417 981 449 vetustas
1004 408 1312 463 comprobarit.
1335 409 1378 448 in
1396 425 1447 451 ea
1464 427 1541 453 au-

104 477 192 509 tem
208 469 310 523 jura
331 475 428 508 sunt
450 466 649 520 quaedam
679 465 881 521 ipsajam
911 474 1028 506 certa
1060 473 1234 520 propter
1264 474 1537 509 vetustatem.

103 539 190 579 quo
212 526 256 566 in
279 538 432 580 genere
454 533 497 563 et
518 523 601 563 alia
630 532 730 563 sunt
757 523 907 574 inulta,
929 531 973 563 et
1002 536 1150 563 eorum
1180 521 1317 562 multo
1347 524 1538 566 maxima

102 597 214 638 pars,
248 596 343 637 quae
366 590 571 636 praetores
608 580 775 621 edicere
801 588 1075 623 consuerunt.
1137 578 1350 625 Quaedam
1393 590 1536 622 autem

101 653 259 694 genera
287 638 413 692 juris,
441 637 534 691 jam
577 646 707 687 certa,
741 637 1054 680 consuetudine
1092 635 1208 678 facta
1246 646 1367 677 sunt:
1418 639 1534 692 quod

101 710 250 751 genus,
281 703 470 751 pactum,
502 709 590 750 par,
622 694 884 749 judicatum.
946 693 1128 734 Pactum
1162 703 1240 744 est,
1273 694 1388 749 quod
1422 695 1594 737 interes

99 752 264 807 aliquos
295 752 511 803 convenit,
546 751 662 807 quod
685 750 780 806 jam
812 752 872 792 ita
895 751 1066 806 justum
1097 759 1286 806 putatur,
1319 760 1366 792 ut
1387 752 1534 807 82jure

98 810 291 865 praestari
310 809 492 850 dicatur.
554 809 652 860 Par,
676 809 799 864 quod—
813 809 857 849 in
876 823 1023 849 omnes
1043 807 1254 863 aequabile
1272 818 1350 849 est.
1409 808 1434 851 J
1441 810 1536 851 udi-

98 875 258 918 catum‚
281 867 333 907 de
366 881 451 921 quo
472 866 565 922 jam
588 875 687 907 ante
721 866 933 907 sententia
966 865 1163 920 alicujus,
1195 874 1268 905 aut
1290 865 1532 921 aliquorum

99 924 384 964 constitutum
414 933 492 964 est.
551 924 652 966 Jam
673 923 776 978 jura
815 923 1011 979 legitima
1040 937 1095 963 ex
1126 922 1293 978 legibus
1328 925 1534 980 cognosci

96 981 329 1036 oportebit.
374 980 458 1022 His
478 995 581 1037 ergo
603 995 657 1021 ex
678 981 871 1036 partibus
885 980 1012 1035 juris,
1034 979 1244 1035 quidquid
1263 992 1338 1020 aut
1368 995 1422 1021 ex
1442 982 1537 1038 ipsa

95 1052 154 1087 re,
173 1047 247 1078 aut
268 1053 322 1079 ex
346 1038 489 1089 simili,
513 1047 587 1079 aut
616 1052 670 1079 ex
701 1038 864 1093 majore
894 1037 1115 1078 minoreve
1147 1037 1265 1078 nasci
1300 1037 1532 1091 videbitur,

94 1096 329 1147 attendere,
351 1104 480 1150 atque
501 1095 652 1136 elicere
674 1094 957 1150 pertentando
987 1108 1334 1149 unamquamque
1365 1104 1533 1150 partem

87 1150 199 1205 juris
229 1153 462 1209 oportebit.
534 1153 749 1193 Locorum
788 1161 932 1192 autem
974 1151 1287 1202 communium,
1327 1153 1533 1206 quoniam

94 1214 162 1261 (ut
183 1220 282 1250 ante
313 1210 478 1250 dictum
499 1211 581 1257 est)
604 1209 689 1250 duo
714 1217 812 1249 sunt
845 1222 1016 1264 genera,
1039 1222 1221 1263 quorum
1252 1208 1432 1250 alterum
1455 1210 1534 1251 du-

95 1266 178 1307 biae
202 1268 277 1317 rei,
307 1267 487 1307 alterum
517 1274 646 1308 certae
669 1266 865 1307 continet
890 1265 1287 1321 amplificationem,
1311 1266 1414 1320 quid
1438 1267 1532 1322 ipsa

93 1338 222 1364 causa
251 1325 337 1375 det,
371 1333 414 1364 et
435 1324 537 1378 quid
570 1324 718 1379 augeri
752 1338 826 1378 per
848 1336 1120 1364 communem
1153 1322 1297 1363 locum
1320 1324 1456 1378 possit
1487 1335 1532 1365 et

92 1390 303 1436 oporteat,
326 1381 681 1422 considerabitur.
724 1380 839 1422 Nam
858 1381 979 1431 certi,
993 1380 1065 1435 qui
1088 1380 1131 1420 in
1150 1393 1298 1420 omnes
1319 1381 1529 1433 incidant,

91 1437 189 1488 loci,
212 1439 434 1493 praescribi
468 1453 554 1479 non
588 1447 791 1494 possunt:
825 1438 868 1478 in
907 1437 1122 1493 plerisque
1150 1437 1332 1477 fortasse
1366 1439 1421 1480 ab
1454 1453 1530 1480 au-

89 1495 290 1536 ctoritate
321 1495 746 1550 jurisconsultorum,
790 1504 833 1535 et
871 1503 1021 1536 contra
1060 1495 1364 1535 auctoritatem
1387 1499 1426 1527 83
1442 1495 1529 1537 dici

87 1553 321 1607 oportebit.
380 1551 706 1594 Attendendum
736 1561 801 1593 est
831 1561 975 1593 autem
1005 1561 1049 1592 et
1071 1552 1115 1592 iu
1137 1551 1233 1602 hac,
1255 1560 1300 1592 et
1321 1552 1365 1592 in
1387 1553 1529 1594 omni-

88 1608 182 1660 bus,
204 1623 308 1650 num
339 1625 446 1665 quos
476 1610 594 1651 locos
617 1624 882 1660 communes,
905 1618 1061 1665 praeter
1082 1623 1169 1660 eos,
1192 1623 1300 1664 quos
1323 1611 1529 1666 exposui-

86 1680 196 1717 mus,
228 1667 321 1722 ipsa
342 1682 406 1708 res
439 1668 652 1709 ostendat.
714 1666 845 1709 Nunc
869 1666 1117 1722 juridiciale
1150 1681 1285 1723 genus
1317 1675 1361 1707 et
1382 1676 1524 1723 partes

85 1722 178 1777 ejus
201 1725 535 1766 consideremus.

140 1780 405 1822 Juridicialis
428 1792 507 1833 est,
539 1782 583 1822 in
605 1796 691 1837 qua
713 1782 825 1836 aequi
851 1790 895 1822 et
928 1781 1065 1836 iniqui
1100 1791 1267 1833 natura,
1290 1791 1335 1823 et
1355 1783 1606 1838 praemii23

83 1846 158 1878 aut
180 1852 325 1893 poenae
348 1839 457 1879 ratio
479 1839 701 1895 quaeritur.
763 1838 908 1893 Hujus
923 1848 1064 1894 partes
1087 1849 1186 1879 sunt
1207 1839 1320 1890 duae,
1342 1854 1524 1895 quarum
1536 1856 1587 1891 69

83 1894 260 1936 alteram
284 1896 539 1948 absolutam,
571 1896 850 1938 assumtivam
881 1895 1057 1936 alteram
1079 1896 1369 1937 nominamus.
1428 1896 1524 1938 Ab-

84 1952 223 1993 soluta
259 1963 338 2004 est,
372 1969 469 2009 quae
504 1954 598 2009 ipsa
629 1953 674 1994 in
702 1967 760 2004 se,
790 1967 879 1995 non
912 1961 961 1993 ut
993 1953 1222 2008 negotialis
1252 1953 1463 2009 implicite
1480 1964 1526 1995 et

82 2009 350 2062 abscondite,
385 2011 457 2052 sed
491 2011 709 2067 patentius
739 2020 783 2051 et
816 2010 1062 2066 expeditius
1093 2010 1199 2051 recti
1232 2018 1276 2050 et
1306 2026 1393 2052 non
1417 2012 1523 2053 recti

80 2067 366 2120 quaestionem
398 2069 606 2109 continet.
675 2066 739 2108 Ea
772 2077 837 2108 est
871 2067 1145 2122 hujusmodi:
1180 2066 1293 2108 Cum
1326 2067 1523 2110 Thebani
1537 2086 1634 2124 pan.

81 2122 436 2166 Lacedaemonios
460 2125 571 2167 bello
591 2125 922 2181 superavissent,
939 2133 982 2165 et
1005 2124 1092 2165 fere
1113 2139 1208 2165 mos
1231 2136 1342 2166 esset
1362 2125 1566 2182 Grajis,²·

78 2195 179 2222 cum
201 2181 312 2223 inter
334 2197 378 2224 se
396 2183 555 2224 bellum
574 2183 819 2238 gessissent,
843 2191 891 2224 ut
909 2182 955 2232 ii,
969 2181 1044 2237 qui
1067 2182 1285 2234 vicissent,
1308 2192 1523 2239 tropaeum

77 2237 253 2293 aliquod
279 2240 323 2281 in
357 2240 515 2282 finibus
550 2249 800 2290 statuerent,
828 2239 1024 2280 victoriae
1053 2239 1184 2280 modo
1218 2239 1262 2280 in
1294 2241 1526 2295 praesentia

78 2294 346 2347 declarandae
365 2313 509 2349 causa,
531 2312 618 2339 non
649 2306 697 2338 ut
727 2297 771 2337 in
801 2305 1059 2352 perpetuum
1082 2296 1182 2337 belli
1201 2298 1410 2338 memoria
1431 2312 1523 2339 ma-

79 2362 223 2406 neret3
255 2369 424 2396 aeneum
445 2363 687 2396 statuerunt
711 2363 938 2409 tropaeum.
990 2352 1264 2395 Accusantur
1277 2354 1391 2410 apud
1413 2353 1522 2396 Am-

78 2409 351 2467 phictyonas,
385 2412 482 2453 84jd
514 2421 593 2464 est,
624 2412 740 2468 apud
773 2425 1005 2452 commune
1044 2410 1232 2452 Graeciae
1272 2412 1522 2454 concilium.

119 2553 160 2582 82
180 2551 267 2582 Jure
275 2553 431 2592 prees-tari
444 2550 600 2590 dicatur]
625 2550 689 2580 Pro
707 2549 778 2579 vul·
820 2549 901 2579 bent
915 2550 990 2579 duci
1003 2553 1038 2578 et
1050 2548 1096 2578 sic
1110 2548 1182 2579 edd.
1198 2559 1247 2589 pr.
1264 2549 1362 2589 idque
1377 2549 1524 2581 defendit

77 2599 154 2630 gato
173 2592 250 2634 juri
271 2599 446 2634 proestm·e;
470 2593 556 2633 quod
581 2603 622 2623 ne
647 2602 780 2622 sensum
821 2591 1086 2632 Oudendorpius,
1106 2595 1265 2631 tanquam
1282 2591 1346 2621 loci
1369 2592 1443 2622 duci
1467 2592 1522 2623 de-

76 2634 207 2673 quidem
231 2635 340 2667 habet.
368 2637 420 2667 Sic
443 2636 591 2666 dedimus
613 2635 735 2675 partim
759 2645 776 2664 e
819 2635 920 2665 beant
934 2634 975 2665 ab
990 2633 1188 2664 auctoritate
1205 2633 1374 2665 ICtorum.
1406 2634 1469 2664 Sed
1482 2639 1523 2666 ut

78 2677 157 2708 Mss.
176 2678 231 2716 qui
250 2678 373 2710 habent
378 2677 461 2719 jure
469 2692 480 2712 ;
504 2683 538 2708 et
560 2688 600 2708 ex
627 2677 774 2707 Hei-eun.
818 2676 881 2707 hoc
910 2675 1052 2716 intelligi
1085 2677 1200 2715 possit,
1235 2680 1350 2707 tamen
1377 2676 1521 2707 alterurn

76 2721 108 2755 Q,
127 2721 175 2750 13.
188 2719 243 2750 ubi
255 2720 365 2751 eadem
378 2721 526 2751 definitio
538 2725 599 2751 est.
643 2720 776 2750 Ouden-
819 2723 934 2749 contra
976 2719 1206 2749 auctoritatem
1248 2728 1318 2749 non
1354 2719 1520 2749 convenit.

77 2762 209 2802 dorpius
233 2766 345 2793 tamen
367 2764 462 2794 malit
470 2762 557 2803 jura
576 2766 738 2802 proestare
752 2763 772 2792 i.
819 2763 912 2802 Saepe
926 2766 976 2792 est
990 2761 1024 2791 in
1038 2761 1088 2791 his
1101 2761 1207 2791 dicere
1220 2762 1261 2792 ab
1275 2765 1306 2791 et
1319 2765 1445 2797 contra,
1461 2761 1482 2791 i.
1492 2771 1519 2791 e.

76 2815 104 2833 v.
115 2814 305 2844 superare‚e
317 2805 396 2836 Mss.
409 2806 500 2837 [aeid.
513 2805 567 2844 qui
579 2807 624 2836 sic
639 2805 772 2835 habent.
817 2803 990 2835 defendere
1014 2808 1048 2834 et
1071 2803 1228 2834 refellere.
1273 2803 1387 2842 ltaque
1406 2802 1521 2842 vulga-

78 2846 140 2877 Sed
155 2846 186 2877 id
202 2857 268 2877 non
284 2853 370 2878 reete
385 2848 424 2878 de
438 2848 542 2888 pactis
557 2846 687 2877 dicitur.
816 2852 891 2877 tum
905 2846 1112 2876 servandum.

120 2890 159 2919 83
182 2888 262 2920 Diei
286 2890 464 2931 oportebit]
489 2891 569 2922 Mss.
600 2889 685 2921 Oud.
715 2888 772 2920 ha·
860 2892 901 2922 84
915 2888 958 2921 Id
981 2888 1268 2929 est-com-ilium]
1299 2887 1373 2920 Hoc
1397 2898 1419 2920 a
1442 2887 1519 2919 vii-is
