1945 3235
594 117 778 155 LIBER
813 116 1141 155 SECUNDUS.
1500 119 1574 154 311

139 235 211 263 eas
233 221 474 278 diligenter,
494 222 747 278 penitusque
765 230 1015 276 cognoscat.
1051 220 1149 261 Hoc
1168 222 1207 260 in
1232 222 1332 262 ludo
1356 237 1438 262 non
1465 236 1573 277 prae-
1588 230 1663 263 100

138 279 312 334 cipitur.
346 280 487 320 faciles
509 280 622 319 enim
642 293 780 319 causae
812 279 863 318 ad
889 292 1041 333 pueros
1063 277 1325 318 deferuntur.
1388 280 1477 319 Lex
1502 294 1574 335 pe-

139 338 358 391 regrinum
392 347 504 377 vetat
531 337 572 376 in
612 351 779 376 murum
815 335 1096 375 adscendere:
1139 337 1388 377 adscendit:
1431 338 1573 377 hostes

138 388 314 449 repulit:
347 404 584 435 accusatur.
632 393 751 433 Nihil
774 402 838 432 est
854 392 1017 446 negotii
1041 391 1286 446 hujusmodi
1309 407 1478 432 causam
1500 409 1573 434 co-

138 465 358 506 gnoscere.
412 451 546 491 Recte
571 449 827 505 igitur-nihil
850 449 902 489 de
925 464 1052 489 (musa
1074 449 1276 490 discenda
1297 451 1614 505 praecipiuntf’·
1634 445 1701 475 ¹¹⁸·

140 508 232 548 llaec
254 519 316 548 est
338 509 516 548 enimin
554 507 653 547 ludo
683 521 903 547 causarum
940 506 1027 546 fere
1050 506 1246 547 formula.
1306 506 1365 547 At
1399 522 1497 547 vero
1532 498 1614 548 in*

137 565 246 616 foro,
271 564 441 614 tabulae,
464 565 723 614 testimonia,
747 574 886 620 pacta,
909 574 1137 614 conventa,
1169 565 1482 620 stipulationes,
1505 581 1578 606 co-

136 623 374 677 gnationes,
394 622 639 671 affinitates,
657 622 842 671 decreta,
864 635 1078 676 responsa,
1105 621 1191 661 vita
1210 623 1394 676 denique
1412 637 1575 673 eorum,

134 681 208 734 qui
233 680 274 719 in
304 694 432 719 causa
464 688 699 729 versantur,
733 689 825 718 tota
856 679 1159 734 cognoscenda
1188 690 1276 720 est:
1309 694 1487 734 quarum
1514 694 1576 720 re-

134 751 226 776 rum
249 735 512 791 negligentia
536 735 756 792 plerasque
778 750 940 785 causaS,
963 745 1005 775 et
1035 736 1225 776 maxime
1249 737 1433 792 privatas
1455 742 1575 789 (sunt

131 793 245 833 enim
283 793 418 833 multo
453 807 567 848 saepe
600 793 888 838 obscuriores)
924 792 1114 832 videmus
1145 794 1301 834 amitti.
1363 794 1431 835 Ita
1464 810 1571 835 non-
1587 799 1656 831 101

130 850 250 900 nulli,
271 850 371 890 dum
396 864 568 905 operam
601 865 717 890 suam
743 849 920 890 multam
955 850 1192 890 existimari
1227 852 1390 903 volunt,
1413 862 1457 893 ut
1480 863 1572 894 toto

130 906 224 948 foro
249 907 439 957 volitare,
462 916 504 947 et
526 922 550 947 a
572 922 701 948 causa
721 908 772 948 ad
798 921 969 947 causam
996 908 1055 947 ire
1078 908 1316 958 videantur,
1340 925 1488 950 causas
1510 911 1576 950 di-

128 975 233 1005 cunt
255 965 513 1020 incognitas.
574 968 613 995 84
632 964 682 1004 In
705 980 791 1019 quo
822 973 885 1004 est
908 964 978 1003 illa
1000 965 1173 1018 quidem
1198 980 1356 1021 magua
1377 967 1573 1018 offensio,

130 1022 195 1062 vel
215 1022 507 1078 negligentiae,
528 1022 737 1077 susceptis
755 1021 903 1062 rebus:
941 1020 1004 1061 vel
1027 1022 1234 1076 perfidi-ce,
1260 1025 1466 1079 receptis:
1500 1026 1570 1067 sed

127 1081 254 1119 etiam
283 1079 351 1120 illa
375 1079 511 1133 major
532 1079 752 1135 opinione,
775 1078 890 1133 quod
915 1092 1040 1118 nemo
1064 1090 1204 1133 potest
1225 1081 1276 1121 de
1299 1096 1348 1122 ea
1367 1096 1424 1131 re,
1441 1097 1571 1137 quain

127 1150 214 1176 non
238 1137 372 1186 novit,
397 1151 480 1176 non
507 1136 750 1191 turpissime
772 1136 928 1176 dicere.
961 1135 1020 1175 ita
1038 1136 1138 1176 dum
1166 1137 1330 1179 inertiae
1356 1139 1571 1195 vitupera-

127 1194 303 1244 tionem,
341 1209 437 1248 quae
478 1193 614 1247 major
661 1204 739 1243 est,
778 1202 1077 1242 contemnunt,
1117 1206 1402 1249 assequuntur
1438 1197 1567 1238 etiam

126 1250 257 1301 illam,
288 1265 416 1305 quam
447 1252 584 1306 magis
608 1250 687 1306 ipsi
714 1250 902 1304 fugiunt,
927 1250 1155 1291 tarditatis.
1217 1251 1428 1307 Equidem
1453 1255 1568 1296 soleo
1586 1246 1657 1280 102

125 1307 225 1348 dare
245 1322 433 1362 operam,
457 1317 504 1347 ut
526 1308 578 1348 de
610 1322 684 1347 sua
706 1307 887 1362 quisque
909 1321 952 1346 re
975 1321 1043 1346 ine
1066 1308 1156 1363 ipse
1178 1309 1346 1361 doceat,
1369 1320 1425 1360 et,
1449 1322 1492 1351 ut
1519 1327 1570 1352 ne

122 1365 217 1419 quis
248 1366 354 1405 alius
387 1365 512 1415 adsit,
546 1379 632 1419 quo
665 1364 838 1404 liberius
861 1364 1074 1418 loquatur,
1108 1375 1151 1405 et
1181 1381 1308 1422 agere
1339 1368 1568 1409 adversarii

121 1436 309 1472 causam,
335 1431 380 1462 ut
403 1421 471 1462 ille
501 1432 602 1476 agat
623 1436 758 1471 suam,
789 1430 846 1471 et,
868 1421 1077 1476 quidquid
1111 1423 1164 1463 de
1187 1438 1262 1464 sua
1286 1439 1327 1464 re
1350 1426 1569 1480 cogitarit,

123 1478 164 1519 in
201 1479 386 1520 medium
420 1479 623 1534 proferat.
685 1478 839 1532 ltaque
875 1493 972 1518 cum
1004 1478 1074 1519 ille
1107 1480 1316 1531 discessit,
1353 1493 1434 1522 tres
1475 1498 1570 1539 per-

119 1550 244 1577 sonas
278 1551 385 1576 unus
418 1537 606 1576 sustineo
630 1551 796 1576 summa
825 1536 955 1575 animi
991 1537 1210 1591 aequitate,
1242 1553 1395 1589 meam,
1418 1540 1567 1581 adver-

122 1593 429 1648 sarii‚judicis.
475 1593 560 1639 Qui
587 1593 704 1633 locus
727 1603 790 1633 est
815 1593 924 1643 talis,
945 1602 988 1633 ut
1012 1595 1105 1648 plus
1131 1595 1285 1636 lrabeat
1309 1596 1564 1650 adjumenti,

119 1665 249 1706 quam
282 1650 562 1701 incommodi,
596 1650 709 1691 hunc
737 1650 890 1706 judico
923 1664 1013 1690 esse
1055 1652 1309 1694 dicendum:
1363 1654 1432 1694 ubi
1469 1655 1564 1710 plus

121 1708 237 1757 mali,
268 1722 396 1762 quain
428 1708 529 1748 boni
564 1709 743 1762 reperio,
768 1707 808 1748 id
842 1716 979 1747 totuin
1018 1708 1222 1762 abjudico
1257 1720 1385 1766 atque
1417 1712 1561 1766 ejiciO.

124 1763 193 1805 Ita
223 1779 438 1819 assequor,
472 1775 517 1804 ut
538 1764 622 1804 alio
655 1775 848 1820 tempore
879 1765 1085 1819 cogitem,
1108 1767 1210 1821 quid
1233 1767 1390 1818 dicam,
1413 1779 1455 1809 et
1478 1769 1561 1810 alio
1578 1769 1650 1801 103

118 1822 284 1862 dicam:
317 1837 413 1876 quae
444 1821 528 1862 duo
561 1821 750 1876 plerique
784 1823 960 1877 ingenio
993 1821 1106 1873 freti,
1137 1825 1260 1865 simul
1286 1825 1464 1867 faciunt.
1489 1827 1560 1868 sed

117 1889 234 1919 certe
253 1879 380 1920 iidem
405 1877 462 1918 illi
487 1879 636 1919 melius
656 1879 876 1933 aliquanto
898 1879 1104 1929 dicerent,
1121 1881 1155 1921 si
1173 1882 1286 1923 aliud
1307 1884 1560 1925 sumendum

115 1936 196 1976 sibi
223 1946 389 1991 tempus
409 1935 464 1976 ad·
484 1935 779 1990 cogitandum,
802 1936 915 1976 aliud
935 1936 987 1976 ad
1005 1936 1235 1978 (licendum
1258 1950 1473 1995 putarent.

175 1993 286 2033 Cum
321 2008 406 2033 rein
446 1994 614 2048 penitus
652 2007 909 2047 causamque
939 1995 1142 2048 cognovi,
1185 1998 1328 2037 statim
1372 1992 1648 2040 occurrit104

114 2050 278 2100 animo,
301 2064 397 2104 quae
422 2051 476 2090 sit
498 2065 626 2090 causa
648 2051 856 2106 ambigui.
919 2050 1040 2090 Nihil
1063 2063 1126 2092 est
1157 2054 1286 2105 enim,
1310 2057 1424 2110 quod
1449 2057 1560 2097 inter

116 2107 312 2147 homines
342 2108 602 2162 ambigatur,
622 2108 711 2148 sive
741 2123 795 2148 ex
818 2107 998 2148 crimine
1020 2124 1148 2150 causa
1177 2122 1360 2163 constet,
1384 2124 1430 2154 ut
1454 2114 1560 2155 faci-

116 2165 248 2215 noris,
268 2164 356 2205 sive
378 2179 431 2205 ex
463 2165 769 2215 controversia,
794 2174 838 2205 ut
858 2165 1122 2216 hereditatis,
1146 2167 1235 2208 sive
1265 2183 1319 2210 ex
1351 2171 1560 2212 delibera-

116 2222 247 2271 tione,
270 2232 317 2262 ut
351 2221 463 2271 belli,
486 2222 575 2262 sive
604 2236 658 2262 ex
692 2237 885 2278 persona,
913 2232 959 2262 ut
989 2222 1140 2274 laudis,
1161 2226 1250 2266 sive
1277 2240 1330 2267 ex
1366 2228 1559 2284 disputa-

113 2280 246 2330 tione,
270 2290 316 2320 ut
337 2279 390 2320 de
421 2279 586 2319 ratione
618 2280 815 2331 vivendi3
848 2280 890 2320 in
914 2294 999 2335 quo
1028 2296 1129 2332 non,
1163 2294 1238 2323 aut
1266 2285 1368 2339 quid
1393 2285 1558 2327 factum

156 2417 196 2445 84
220 2413 262 2444 In
285 2424 345 2453 quo
366 2419 412 2444 est
427 2415 486 2444 illa
508 2414 555 2454 q.]
582 2414 697 2445 Voluit
720 2414 808 2444 hune

113 2455 222 2486 locum
248 2457 435 2496 diligentius
463 2457 682 2496 superioribus
707 2457 808 2496 expli-

114 2508 187 2528 care
211 2499 371 2535 Peneius,
395 2498 450 2528 sed
476 2509 542 2528 non
566 2505 616 2529 est
642 2507 809 2530 assecutus

113 2542 191 2569 satis
206 2550 316 2570 verum
340 2551 483 2571 sensum.
512 2542 734 2580 Negligentz'oe
749 2542 810 2571 cri-

116 2591 191 2611 men
206 2589 266 2618 est,
281 2584 306 2613 si
322 2585 391 2622 quis
404 2593 462 2614 sua
476 2590 605 2623 sponte,
631 2594 697 2614 non
713 2594 807 2618 roffa-

116 2629 181 2660 tus,
205 2635 334 2655 cansam
358 2625 499 2664 aliquam
524 2629 610 2665 agit:
640 2627 729 2665 (nam
747 2626 807 2657 hoc

113 2672 164 2695 est
176 2668 334 2706 suscipere
348 2677 508 2706 causam,)
526 2674 558 2698 et
570 2679 640 2698 eam
657 2670 724 2708 agit
735 2679 807 2708 pro-

114 2714 187 2747 pter
225 2709 470 2740 multitudinem
509 2720 693 2747 causarum,
729 2721 808 2750 quas

115 2751 195 2786 agit,
212 2750 309 2780 male:
334 2755 366 2781 at
376 2753 535 2794 perfidiae,
547 2753 571 2782 si
591 2762 722 2792 rogatus
738 2754 805 2792 agit

113 2792 200 2821 adse
216 2792 371 2828 delatam,
399 2796 486 2826 (nam
512 2794 573 2824 hoc
595 2801 643 2825 est
668 2796 807 2835 recipere

110 2843 272 2875 causam‚)
301 2841 336 2866 et
364 2839 433 2866 non*
456 2836 631 2877 diligenter
659 2844 692 2868 et
726 2840 806 2867 bene

851 2415 933 2454 agit:
959 2425 1035 2445 nam
1049 2416 1096 2446 ita
1110 2416 1197 2447 fallit
1210 2418 1318 2449 fidem.
1353 2420 1441 2452 Hinc
1457 2423 1556 2458 intel,-

852 2457 981 2497 ligenda
1011 2461 1200 2495 sequentia:
1240 2461 1285 2491 ita
1321 2465 1554 2505 committunt,

852 2505 889 2529 ut
902 2500 1077 2539 dupliciter
1091 2502 1384 2542 reprehendantur,
1396 2508 1553 2546 primum,

852 2541 937 2581 quod
952 2552 1064 2572 causa-s
1082 2552 1146 2573 non
1162 2544 1338 2585 diligenter
1351 2553 1384 2578 et
1399 2560 1473 2579 cum
1492 2551 1554 2583 fide

850 2585 990 2623 egerint,
1011 2584 1138 2621 deinde,
1155 2587 1243 2625 quod
1266 2598 1332 2619 non
1353 2592 1432 2621 satis
1455 2592 1554 2626 intel,-

851 2627 990 2656 lexerint
1005 2627 1054 2656 vel
1069 2637 1264 2666 cognoscere
1277 2634 1459 2670 potuerint,
1469 2636 1552 2665 sint·

851 2679 914 2708 que
929 2668 1012 2698 tardi
1024 2670 1168 2707 ingenio,
1180 2672 1266 2710 quod
1279 2676 1420 2705 maxime
1434 2677 1552 2708 volunt

850 2711 1004 2749 effugere.
1052 2712 1277 2752 Assequantur
1290 2721 1402 2752 ettam,
1419 2718 1551 2758 elegan-

849 2759 911 2790 ter,
929 2763 987 2793 pro
1000 2763 1051 2788 eo,
1065 2755 1153 2791 quod
1169 2756 1248 2788 alias
1263 2757 1343 2790 dicit
1359 2760 1485 2798 Cicero,
1502 2763 1553 2792 in-

848 2797 962 2826 cidunt
976 2797 1010 2825 in
1026 2796 1130 2827 illum.

781 2885 856 2921 x4
