1945 3235
358 135 429 170 134
790 130 866 169 DE
902 131 1286 171 INVENTION‘E

356 245 462 285 tum,
484 249 538 276 ex
572 235 782 276 contraria
815 245 934 292 parte
963 236 1065 277 dici.
1127 237 1323 294 Longum
1346 243 1437 288 est,-
1477 237 1559 293 uod
1579 237 1786 296 pluribus.

357 291 511 342 verbis,
534 301 606 333 aut
625 293 859 344 sententiis,
879 293 987 334 ultra
1008 309 1135 348 quam
1160 295 1259 339 satis
1279 251 1637 350 est‚·pr0‘‹³iucitur.
1697 296 1786 353 Se·—

356 356 551 404 paratum
570 359 646 400 est,
667 350 779 404 quod
800 365 882 390 non
906 365 957 390 ex
981 351 1073 405 ipsa
1095 366 1221 392 eausa
1252 351 1428 392 ductum
1451 359 1529 401 est,
1553 365 1645 404 nec,
1663 352 1774 395 sieut

356 404 527 461 aliquod
569 407 821 456 membrum,
860 421 1073 448 annexum
1115 407 1314 448 orationi.
1374 405 1654 450 'Translatum
1694 418 1774 460 est,

355 463 470 517 quod
507 462 624 512 ,aliud
658 463 847 513 conficit,
886 478 1013 518 quam
1056 480 1193 506 causa·
1237 480 1371 521 genus
1404 465 1615 520 postulat:
1663 471 1712 506 ut
1740 466 1787 518 si·

357 518 450 573 quis
473 519 655 560 docilem
688 519 818 561 faciat
848 520 1100 572 auditorem,
1123 525 1269 562 ⁵9eum
1295 521 1626 563 benivolentiam
1648 525 1777 564 eau'sa.

355 576 590 618 desiderat:
623 586 709 627 aut,
733 577 765 617 si
800 577 1010 633 principio
1034 587 1191 629 ututur,
1221 594 1318 620 cum
1351 578 1680 620 insinuationem
1710 593 1776 620 res

354 633 557 688 postulat.
618 633 781 674 Contra
812 643 1026 689 praeeepta
1054 644 1131 685 est,
1162 637 1275 690 quod
1306 635 1411 677 nihil
1444 649 1592 677 eorum
1629 635 1786 688 efficit,'

355 704 535 744 quorum
576 705 703 731 causa
745 691 796 730 de
834 691 1022 731 exordiis
1057 703 1271 748 praecepta
1309 693 1554 734 traduntur:
1586 692 1669 734 hoc
1698 700 1777 744 est,

356 747 469 801 quod
501 761 612 794 eum,
647 747 719 802 qui
755 747 888 798 audit,
920 762 1056 803 neque
1088 749 1348 803 benivolum,
1382 764 1519 805 neque
1549 758 1776 800 attentum,

356 817 494 858 neque
515 803 697 844 docilem
720 803 875 845 efficit:
908 814 995 856 aut,
1014 820 1098 860 quo
1129 805 1322 863 profecto
1352 807 1458 848 nihil
1488 806 1609 863 pejus
1630 815 1708 859 est,
1730 814 1780 861 ut

360 870 508 901 contra
530 861 598 910 sit,
621 860 739 901 facit.
799 860 864 902 Ac
886 861 937 902 de
959 862 1137 903 exordio
1168 863 1340 918 quidem
1365 864 1465 904 satis
1487 864 1651 905 dictum
1669 872 1748 906 est.
1778 911 1781 913 ,

282 909 348 963 19
419 917 618 958 {Narratio
641 927 704 958 est
727 931 865 958 rerum
887 928 1117 974 gestarum,
1136 930 1209 960 aut
1227 930 1274 961 ut
1296 930 1525 977 gestarum,
1547 921 1793 978 expositio.·

297 980 344 1018 ‘27
363 974 667 1015 Narratiouum
689 975 770 1015 tria'
790 984 889 1015 sunt
907 988 1077 1030 genera.
1101 989 1235 1018 unum
1257 991 1390 1033 genus
1412 987 1490 1030 est,
1513 978 1556 1019 in
1577 978 1665 1034 quo
1686 978 1782 1035 ipsa.

313 1073 318 1078 ,
359 1046 500 1081 causa,
519 1042 562 1072 et
584 1032 722 1072 omnis
754 1031 862 1073 ratio
881 1033 1196 1074 'controversiae
1220 1034 1484 1076 continetur:
1517 1034 1710 1088 alterum,
1734 1035 1778 1077 in

358 1098 443 1144 quo
475 1088 682 1144 digressio
716 1088 857 1144 aliqua
889 1099 1012 1130 extra
1044 1103 1216 1130 eausam
1247 1098 1319 1131 aut
1346 1091 1671 1144 criminationis,
1703 1101 1779 1135 aut

357 1145 664 1195 similitudinis,
688 1155 761 1186 aut
794 1145 1089 1187 delectationis
1124 1162 1209 1187 non
1245 1146 1394 1189 alienae
1427 1148 1481 1189 ab
1512 1162 1563 1190 eo
1584 1150 1777 1206 negotio,

356 1217 442 1257 quo
466 1203 519 1244 de
537 1205 694 1258 agitur,
717 1212 789 1243 aut
813 1203 1160 1260 amplificationis
1182 1219 1323 1255 eausa,
1346 1205 1646 1262 interponitur.
1675 1205 1781 1250 Ter-

357 1262 463 1300 tium
498 1274 632 1315 genus
663 1269 726 1300 est
759 1270 971 1301 remotum
1006 1276 1031 1301 a
1057 1261 1254 1302 civilibus
1283 1262 1437 1313 causis,
1459 1262 1573 1318 quod
1595 1262 1780 1312 delecta-

358 1317 487 1357 tionis
513 1331 654 1367 causa‚
678 1331 762 1358 non
786 1317 928 1358 inutili
951 1332 1047 1358 cum
1072 1319 1395 1370 exercitatione,
1418 1319 1575 1361 dicitur
1604 1328 1649 1361 et
1679 1321 1782 1363 scri-

357 1374 488 1415 bitur.
554 1372 657 1428 Ejus
689 1383 830 1430 partes
863 1383 961 1415 sunt
990 1375 1102 1425 duae,
1132 1390 1311 1431 quarum
1343 1375 1475 1417 altera
1505 1377 1548 1418 in
1578 1378 1781 1434 negotiis,

356 1430 489 1471 altera
521 1430 563 1471 in
601 1431 790 1486 personis
822 1432 1011 1473 maxime
1049 1441 1283 1484 versatur„
1323 1431 1401 1484 Ea,
1433 1448 1530 1489 quae
1568 1433 1612 1475 in
1646 1449 1780 1491 nego-

356 1489 515 1529 tiorum
545 1487 818 1543 expositione
849 1489 991 1545 posita
1020 1498 1097 1539 est,
1121 1498 1204 1530 tres
1239 1490 1369 1531 habet
1391 1499 1546 1546 partes,
1570 1490 1779 1544 fabulam,

354 1542 595 1595 historiam,
620 1556 936 1600 argumentum.
998 1545 1159 1586 Fabula
1181 1556 1258 1597 est,
1281 1547 1324 1587 in
1346 1562 1432 1603 qua
1449 1561 1527 1590 nec
1550 1561 1677 1600 verae,
1693 1563 1778 1602 grec

354 1601 603 1642 verisimiles
625 1615 690 1642 res
712 1602 1001 1644 eontinentur.
1021 1603 1262 1658 cujusmodi
1286 1614 1374 1646 est:

507 1677 653 1724 Angues
670 1678 829 1724 ingentes
844 1678 960 1720 alites,
971 1675 1094 1723 juncti
1111 1676 1215 1726 jugo.

354 1740 551 1784 Historia
571 1752 635 1784 est
669 1752 789 1798 gesta
817 1759 896 1795 res,
927 1745 980 1785 ab
1014 1745 1153 1787 aetatis
1184 1752 1342 1787 uostrae
1364 1746 1572 1788 memoria
1590 1755 1780 1790 remota:

352 1800 466 1855 quod
490 1814 639 1855 genus,
661 1801 829 1856 Appius
849 1801 1007 1842 indixit
1032 1801 1466 1858 Karthaginiensibus
1487 1802 1679 1846 belluin..
1699 1803 1783 1846 Ar-

353 1867 606 1913 gumentum
628 1866 693 1898 est
715 1858 816 1899 ficta
837 1873 916 1909 reS‚
931 1873 1027 1915 quae
1046 1867 1189 1900 tamen
1209 1859 1300 1900 fieri
1324 1861 1481 1916 potuit.
1513 1860 1779 1918 Hujusmodi

352 1914 465 1970 apud
487 1913 760 1957 Terentium:

509 1988 605 2024 Nam
625 1989 656 2024 is
673 1994 866 2038 postquam
882 1992 1028 2027 excessit
1046 2002 1088 2026 ex
1101 1977 1256 2039 ephebis,
1277 1991 1394 2029 Sosia.

353 2052 433 2104 Illa
454 2064 597 2096 autem
621 2057 823 2109 narratio,
845 2072 943 2112 quae
967 2066 1158 2098 versatur
1179 2058 1223 2098 in
1246 2049 1453 2114 personiS,
1475 2058 1685 2116 ejusmodi
1705 2066 1784 2110 est,

351 2120 400 2154 ut
419 2111 460 2152 in
483 2126 533 2152 ea
554 2112 679 2153 simul
701 2128 798 2154 eum
822 2116 946 2155 rebus
970 2114 1072 2170 ipsis
1091 2124 1369 2170 personarum
1391 2128 1605 2156 sermones
1627 2123 1670 2156 et
1690 2115 1781 2156 ani-

352 2168 412 2209 mi
438 2169 620 2225 perspici
641 2171 820 2227 possint,
843 2171 925 2212 hoc
947 2170 1100 2211 modo:
1630 2181 1634 2185 '

511 2240 614 2283 Venit
632 2244 681 2278 ud
701 2255 754 2279 me
770 2256 862 2293 soepe
877 2244 1082 2286 olumnam,
1105 2244 1202 2285 Quid
1218 2247 1297 2292 agis
1312 2245 1424 2282 Mitto
1439 2247 1460 2283 .9

507 2293 579 2329 Cur
595 2297 716 2342 perdis
735 2297 992 2332 adolescentem
1005 2296 1104 2332 nobis
1121 2297 1141 2332 ‚9
1169 2308 1232 2332 cur
1249 2302 1349 2334 amat
1365 2299 1386 2335 ‚9

507 2345 579 2382 Cur
593 2351 701 2394 potat
715 2348 736 2383 ‚9
763 2360 826 2385 cur
845 2354 883 2384 tu
898 2349 953 2385 his
970 2348 1071 2385 rebus
1085 2353 1242 2385 sumtum
1258 2352 1420 2398 suggeris
1432 2352 1454 2388 ‚9

509 2392 647 2434 Vestitu
662 2401 774 2435 nimio
791 2401 967 2448 indulges,
987 2400 1138 2436 nimium
1156 2402 1298 2450 ineptus
1313 2415 1360 2439 es.

503 2447 544 2478 60
558 2450 721 2486 Nimium
736 2453 811 2501 ipse
828 2454 937 2488 durus
955 2458 1006 2489 est
1015 2456 1151 2501 praeter
1164 2465 1372 2504 oequumque
1384 2458 1420 2490 et
1437 2454 1576 2491 bonum.

392 2552 443 2584 59-
459 2551 952 2596 Cum—desiderae—-postulaffl
980 2555 1047 2586 Ou-
1090 2557 1152 2587 nisi
1166 2557 1252 2597 quod
1264 2562 1401 2598 uterque
1415 2567 1448 2588 es
1461 2556 1564 2587 durus
1582 2555 1694 2597 habet)
1717 2557 1785 2596 ipse

349 2591 547 2634 dendorpius
561 2606 578 2624 e
593 2595 673 2625 Mss.
690 2597 809 2628 Graevii
832 2603 866 2628 et
880 2598 958 2635 suis,
974 2599 1043 2637 qui·
1089 2604 1136 2629 est
1150 2601 1265 2638 durus,
1281 2606 1317 2630 ut
1332 2600 1396 2630 fuit
1417 2600 1516 2630 etiam
1538 2599 1573 2628 in
1594 2597 1658 2629 Ms.
1674 2603 1784 2630 vetere

348 2632 484 2665 bustum
499 2644 532 2666 et
547 2636 636 2667 Cass.
651 2640 829 2677 consentit,
844 2645 878 2670 et
893 2640 955 2670 Gu.
966 2641 1046 2671 desi—
1089 2641 1423 2681 Terentii,ediditque
1437 2641 1470 2672 h.
1483 2641 1506 2671 l.
1519 2640 1721 2678 Lambinus„
1739 2640 1786 2672 Et

349 2675 451 2713 deret,
469 2680 609 2717 postulet
621 2692 629 2708 .-
664 2689 731 2710 non
757 2682 838 2712 bene
862 2682 893 2712 b.
919 2682 941 2713 l.
969 2692 1045 2714 nam
1089 2684 1134 2714 sic
1150 2693 1259 2715 versus
1283 2683 1442 2715 dimensio
1466 2682 1594 2714 facilior
1617 2686 1678 2714 est.
1720 2682 1784 2713 Sed

349 2726 424 2749 crem
448 2718 595 2750 habet‘h.
618 2721 641 2751 l.
663 2722 939 2762 significationem
961 2730 1045 2755 tem—
1089 2726 1190 2757 etiam
1215 2727 1307 2757 elisio
1325 2735 1392 2757 esse
1417 2729 1528 2766 potest
1548 2725 1583 2755 in
1605 2724 1720 2762 durus,
1742 2728 1787 2755 ut

349 2760 436 2800 poris
451 2771 488 2791 ac
502 2761 575 2792 loci.
1087 2778 1162 2798 eum
1178 2774 1225 2800 esc
1237 2774 1343 2806 coeat,
1358 2772 1397 2798 ut
1410 2768 1492 2798 bene
1507 2766 1638 2798 monuit
1658 2766 1700 2798 ad
1715 2765 1782 2798 Te-

390 2802 431 2832 60
447 2803 601 2834 Nimium
623 2805 690 2844 ipse
704 2807 808 2837 durus
825 2807 898 2846 est.]
923 2807 952 2838 E
965 2808 1041 2839 Ter.
1086 2812 1230 2841 rentium
1243 2810 1426 2847 Bentleius,
1438 2810 1532 2849 cujus
1545 2808 1621 2839 libri
1632 2809 1734 2841 etiam
1744 2807 1786 2838 in

346 2843 484 2890 Adelph.
503 2845 530 2882 1,
551 2849 576 2876 l.
592 2849 643 2881 39.
658 2847 806 2879 Oudend.
822 2850 917 2880 malit
930 2860 947 2880 e
962 2849 1042 2887 Mss.
1088 2851 1228 2885 lectione
1242 2852 1375 2894 vulgata
1389 2851 1612 2884 consentiunt.

346 2894 412 2915 suis
450 2887 579 2928 (quibus
592 2889 696 2932 stass.
722 2891 785 2922 Gu.
817 2893 1041 2931 consentiunt,
