1945 3235
367 154 444 189 550
947 146 1238 189 ORATOR.

369 252 447 295 Est
469 252 587 304 enim,
597 252 773 310 jndices,
791 252 870 295 lucc
892 268 970 295 uon
992 253 1157 309 scripta,
1178 251 1247 293 sed
1266 258 1364 293 natu
1385 246 1473 293 Iex:
1505 266 1626 308 quam
1646 267 1726 294 non
1747 247 1814 294 dz‘-

369 310 552 361 dit-imm,
570 311 806 366 accepimus,
829 310 1019 368 legimus‚·
1047 324 1185 352 verum
1205 324 1253 350 ex
1274 316 1424 350 natura
1444 308 1532 365 ipsa
1552 308 1814 365 arripuimuS,

372 367 588 418 hausimus,
610 368 889 423 expressimus:
920 368 976 408 ad
995 382 1116 424 quum
1146 381 1227 408 non
1250 365 1372 417 docti,
1393 367 1460 407 sed
1473 364 1593 422 facti
1606 383 1617 407 .·
1647 381 1728 408 non
1748 366 1815 408 in-

241 452 272 484 p.
290 425 521 476 vastitati,
542 425 610 466 sed
630 425 775 467 imbuli
795 439 941 465 suum-s.
1004 425 1115 467 Haec
1145 424 1261 465 euim
1284 422 1384 464 talia
1407 433 1519 474 sunt,
1540 433 1603 474 ut,
1625 424 1727 480 quia
1748 437 1814 464 re-

330 493 360 513 a.
377 482 571 524 feruntur
610 483 660 524 ad
695 499 758 532 ea,
792 482 844 522 ad
878 497 975 536 quae
1014 482 1173 523 debent
1206 481 1367 532 referri,
1405 481 1692 538 intelligamus
1728 494 1818 522 non

293 540 605 596 166quaesitum
639 554 728 580 esse
762 553 1001 589 numerum,
1034 540 1105 580 sed
1137 549 1345 581 secutum.
1406 538 1537 586 Quod
1561 538 1608 580 fit
1639 539 1742 580 item
1771 537 1818 579 in

377 597 603 640 contrariis
627 596 882 637 referendis:
915 604 962 636 ut
986 596 1055 637 illa
1077 605 1190 647 sunt,
1212 597 1367 651 quibus
1398 610 1484 638 non
1517 595 1646 638 modo
1667 608 1819 638 nume-

376 669 474 697 rosa
494 654 647 704 oratio,
670 653 742 694 sed
764 653 895 694 etiam
915 655 956 684 43
973 667 1115 694 versus
1137 654 1338 696 efficitur.

479 728 586 771 Eam,
607 740 716 777 quam
733 727 826 764 nihil
844 740 1003 770 accusas,
1023 728 1186 764 damnas.

379 794 645 847 Conclemnas,
667 795 843 847 diceret,
865 795 938 851 qui
963 810 1132 837 versum
1153 794 1343 851 effugere
1366 795 1506 838 vellet.

478 869 576 906 Bene
594 882 703 918 quam
722 871 889 906 meritam
907 881 980 906 esse
1001 871 1043 900 4⁴
1055 874 1233 910 autumas,
1255 871 1344 906 dicis
1361 871 1456 906 male
1473 871 1613 908 mereri.

479 922 535 964 Id,
555 923 651 971 quod
666 924 748 964 scis,
764 923 912 971 prodest
932 922 1049 958 nihil:
1078 923 1130 964 id,
1152 923 1248 970 quod
1265 924 1388 963 nescis,
1410 923 1518 960 obest.

378 987 560 1030 Versum
583 989 718 1031 efficit
747 990 895 1046 ⁴¹5ipsa
926 989 1075 1031 relatio
1098 989 1427 1031 contrariorum.
1459 989 1501 1030 id
1523 995 1635 1030 esset
1663 987 1708 1030 in
1729 1003 1826 1031 ora-

380 1046 498 1087 tione
520 1061 811 1097 numerosum,
839 1046 961 1092 Quod
979 1047 1065 1098 scis,
1089 1046 1196 1088 nillil
1208 1046 1396 1102 prodest.-
1427 1045 1536 1103 quod
1563 1044 1700 1098 nescis,
1720 1045 1826 1087 mul-

297 1096 369 1144 50
381 1110 466 1144 tum
488 1104 611 1145 obest.
662 1105 841 1161 Semper
862 1105 971 1156 haec,
994 1120 1090 1160 quae
1114 1105 1260 1147 Graeci
1282 1111 1442 1148 ἀντίθετοι
1462 1104 1703 1154 nominant,
1723 1117 1824 1145 cum

382 1162 607 1202 contrariis
630 1172 909 1218 opponuntur
927 1163 1158 1213 contraria,
1177 1177 1401 1205 numerum
1421 1161 1657 1204 oratorium
1679 1175 1827 1203 neces-

296 1220 367 1259 167
383 1219 508 1260 sitate
531 1219 624 1275 ipsa
645 1220 854 1271 efficiunt,
878 1220 920 1251 46
933 1229 976 1261 et
998 1234 1097 1261 eum
1129 1221 1219 1261 sine
1252 1221 1474 1262 industria.
1536 1218 1638 1260 Hoc
1668 1232 1826 1275 genere

381 1276 547 1331 antiqui
573 1276 667 1332 jam
689 1286 789 1319 ante
816 1277 1050 1320 Isocratem
1072 1278 1412 1329 delectabantur,
1434 1287 1477 1319 et
1499 1276 1689 1318 maxime
1711 1275 1826 1318 Gor-

379 1334 497 1389 gias:
530 1335 654 1389 cujus
698 1335 740 1375 in
774 1336 969 1376 oratione
1009 1336 1260 1392 plerumque
1298 1335 1434 1377 efficit
1473 1347 1698 1375 numerum
1731 1334 1826 1389 ipsa

379 1391 666 1432 concinnitas,
728 1392 820 1433 Nos
856 1393 986 1433 etiam
1019 1394 1062 1434 in
1093 1393 1177 1434 hoc
1209 1407 1364 1448 genere
1386 1393 1645 1448 frequentes,
1678 1402 1727 1432 ut
1756 1391 1828 1432 illa

380 1459 482 1488 sunt
513 1449 555 1489 in
578 1458 731 1504 quarto
763 1449 1075 1491 accusationis:
1111 1449 1306 1506 Couferte
1335 1450 1607 1504 hancpucem
1636 1463 1726 1490 cum
1756 1447 1827 1489 illo

382 1504 510 1547 bello.-
531 1505 649 1562 hujus
663 1506 851 1560 praetoris
871 1506 1103 1558 adventum,
1122 1523 1211 1548 cum
1232 1507 1342 1550 illius
1359 1506 1615 1563 imperatoris
1630 1505 1827 1547 victoria:

382 1562 500 1618 hujus
519 1565 720 1604 cohortem
741 1563 958 1618 impuram,
980 1579 1069 1605 cum
1098 1563 1209 1605 illius
1229 1565 1405 1606 exercitu
1430 1563 1608 1606 invicto.-
1637 1563 1758 1620 hujzes
1777 1561 1831 1604 li-

383 1619 551 1671 hmines,
573 1635 661 1661 cum
684 1619 795 1661 illius
815 1620 1092 1662 continentia.-
1123 1621 1176 1662 ab
1197 1621 1287 1673 illo,
1309 1622 1380 1678 qui
1400 1621 1519 1677 cepit,
1542 1620 1746 1670 conditas;
1775 1619 1829 1662 ab

384 1676 470 1728 hoc,
492 1676 563 1732 qui
584 1678 821 1719 constitutas
840 1678 1009 1734 accepit,
1031 1686 1170 1734 captas
1189 1678 1330 1721 dicetis
1352 1679 1588 1736 Syracusas.
1648 1676 1766 1735 Ergo
1786 1685 1831 1720 et

385 1733 431 1774 hi
454 1735 619 1776 numeri
643 1735 729 1776 sint
749 1735 931 1792 cogniti.

302 1791 376 1827 168
446 1791 596 1833 Genus
629 1792 733 1834 illud
767 1794 940 1834 tertium
969 1793 1223 1850 explicetur,
1257 1793 1382 1850 quale
1415 1793 1484 1845 sit,
1514 1807 1754 1834 numerosae
1787 1801 1831 1834 et

387 1858 501 1905 aptae
524 1850 746 1891 orationis.
768 1850 884 1906 quod
906 1851 980 1906 qui
1007 1866 1095 1892 non
1127 1852 1332 1903 sentiunt,
1354 1866 1459 1907 quas
1486 1865 1607 1892 aures
1630 1851 1832 1902 habeant,

386 1916 462 1947 aut
483 1907 588 1962 quid
609 1908 652 1948 in
677 1907 743 1948 his
765 1908 952 1949 hominis
980 1908 1118 1950 simile
1139 1909 1210 1960 sit,
1230 1910 1391 1951 nescio.
1452 1908 1570 1949 Meae
1592 1908 1764 1964 quidem
1786 1917 1832 1949 et

386 1963 581 2019 perfecto
611 1965 914 2021 completoque
943 1967 1172 2008 verborum
1206 1967 1370 2008 ambitu
1404 1966 1609 2022 gaudent,
1635 1974 1679 2007 et
1707 1975 1832 2007 curta

387 2021 593 2074 sentiunt,
615 2037 694 2063 nec
716 2034 863 2064 amant
884 2023 1182 2065 redundantia.
1221 2024 1339 2071 Quid
1361 2024 1460 2066 dico
1482 2026 1625 2065 meas?
1655 2023 1831 2065 concio-

382 2092 463 2125 ‚nes
497 2093 612 2136 saepe
643 2080 884 2122 exclamare
917 2081 1021 2132 vidi,
1054 2096 1153 2123 cum
1191 2092 1291 2138 apte
1325 2083 1456 2122 verba
1485 2080 1755 2122 cecidissent.
1787 2080 1831 2122 id

388 2136 504 2176 enim
544 2147 801 2193 exspectant
841 2153 978 2190 aures,
1019 2147 1068 2180 ut
1108 2140 1248 2181 verbis
1291 2138 1549 2195 colligentur
1590 2137 1831 2180 sententiae.

391 2192 494 2235 Non
516 2203 607 2234 erat
637 2194 720 2236 hoc
753 2195 864 2252 apud
896 2196 1110 2251 antiquos,
1171 2195 1229 2237 Et
1258 2196 1432 2252 quidem
1465 2195 1570 2236 nihil
1604 2195 1718 2236 aliud
1745 2195 1836 2237 fere

389 2264 477 2292 non
508 2260 611 2311 erat.
644 2267 744 2293 nam
775 2261 819 2293 et
849 2254 980 2295 verba
1007 2254 1240 2310 eligebant,
1269 2263 1313 2295 et
1344 2253 1577 2295 sententias
1609 2267 1760 2310 graves
1790 2263 1836 2294 et

392 2322 543 2349 suaves
575 2310 860 2365 reperiebant,
892 2311 962 2352 sed
997 2326 1066 2353 eas
1100 2323 1174 2352 aut
1207 2311 1469 2362 vinciebant,
1496 2320 1571 2351 aut
1599 2309 1833 2366 explebant

309 2379 382 2417 169
395 2380 561 2422 parum.
623 2366 724 2409 Hoc
748 2382 817 2408 me
847 2368 986 2424 ipsum
1009 2368 1209 2419 delectat,
1233 2369 1447 2423 inquiunt.
1509 2368 1626 2415 Quid
1657 2367 1690 2408 si
1723 2368 1835 2408 anti-

393 2422 600 2477 quissima
630 2424 701 2465 illa
723 2425 894 2481 pictura
915 2440 1151 2481 paucorum
1173 2426 1380 2478 colorum,
1403 2425 1556 2482 magis,
1577 2439 1704 2480 quam
1739 2424 1834 2466 haec

384 2479 480 2534 jam
523 2480 728 2536 perfecta,
758 2482 968 2525 delectet?
1014 2483 1086 2525 illa
1124 2484 1248 2524 nobis
1292 2485 1362 2535 sit,
1393 2483 1537 2531 credo,
1574 2482 1832 2537 repetenda:

391 2536 487 2577 haec
517 2538 681 2580 scilicet
717 2540 997 2595 repudianda.
1060 2541 1321 2583 Nominibus
1357 2551 1546 2582 veterum
1579 2539 1834 2595 gloriantur.

392 2592 544 2635 Habet
562 2604 723 2648 autem,
744 2605 794 2637 ut
823 2597 866 2638 in
895 2598 1097 2639 aetatibus
1128 2599 1429 2640 auctoritatem
1460 2606 1671 2649 senectuS,
1694 2597 1755 2638 sic
1787 2597 1830 2638 in

433 2709 609 2755 ‘iaz-ersus
631 2708 788 2750 efficitur]
822 2710 952 2751 Nempe
978 2712 1095 2743 iambi·
1138 2713 1181 2743 tio
1206 2723 1235 2743 c.
1260 2713 1359 2744 Ratio
1381 2710 1511 2750 quidem
1535 2710 1598 2741 dici
1627 2710 1680 2741 hic
1703 2714 1834 2751 posset:

393 2758 450 2780 eus
463 2749 602 2780 dimeter
614 2760 745 2782 scazon.
1137 2755 1193 2785 sed
1217 2757 1332 2786 relatio
1358 2754 1461 2793 magis
1485 2754 1614 2794 proprie
1639 2764 1657 2784 e
1679 2753 1835 2792 formula,

434 2793 476 2822 44
498 2792 672 2832 autumas]
715 2794 751 2824 [n
778 2793 828 2824 ed.
858 2794 942 2825 Vcn.
965 2796 1095 2827 additur
1137 2799 1306 2828 contraria
1319 2796 1512 2837 reseruntur
1527 2796 1711 2827 constavit&

387 2843 451 2874 pro
464 2834 625 2865 autimas.-
648 2835 754 2867 voluit
763 2835 840 2866 dare
856 2838 1009 2875 oestiaenas,
1023 2848 1096 2878 quae
1179 2840 1222 2871 46
1253 2845 1285 2872 εί
1311 2839 1399 2881 etant]
1429 2839 1490 2871 Ed.
1512 2839 1610 2874 Ven.,
1625 2839 1741 2870 etiam.
1767 2846 1838 2871 nou

392 2880 442 2906 est
456 2876 573 2916 glossa.
1137 2881 1234 2915 male.

435 2921 475 2950 »¹15
498 2921 569 2960 ipsa
581 2921 696 2952 relatio
707 2919 750 2960 c.]
788 2921 849 2954 Ed.
866 2921 948 2954 Ven-
963 2924 1024 2954 illa
1039 2932 1094 2954 ru-
