1945 3235
558 181 741 221 LIBER
768 184 887 224 QUA
901 182 1059 222 RTUS.
1462 189 1510 222 85

97 302 207 340 mus,
245 302 343 330 cum
381 288 432 329 iis
461 287 503 328 in
542 301 695 343 campo
730 287 958 328 metuimus
999 287 1229 328 dimicare?
1281 288 1368 334 Qui
1411 304 1506 330 cum

97 344 238 400 plures
260 354 392 395 erant,
414 344 560 401 paucis
582 345 707 385 nobis
729 345 945 398 exaequari
969 359 1053 384 non
1075 351 1294 399 poterant3
1324 344 1368 385 hi
1392 356 1509 400 post-

96 416 226 456 quam
257 402 475 458 pauciores
497 411 609 452 sunt,
640 402 884 451 metuimus,
908 415 960 442 ne
983 401 1068 441 sint
1096 400 1360 456 superiores?
1408 401 1507 443 Hoc

96 458 388 501 exornationis
409 471 558 513 genus,
582 459 814 499 2brevibus
837 467 877 498 et
901 458 1161 499 continuatis
1182 456 1320 497 verbis
1343 458 1505 512 perfec-
1517 469 1568 503 ‘26

97 523 190 556 tum
211 530 301 557 esse
321 515 461 565 debet,
474 523 518 555 et
538 529 636 556 cum
654 515 928 556 commodum
948 524 1012 555 est
1035 514 1197 564 auditu,
1216 523 1390 569 propter
1414 514 1506 555 bre-

97 585 194 613 vem
212 582 254 613 et
271 570 508 613 absolutam
530 571 874 624 conclusionem
908 581 1000 612 tum
1022 586 1120 613 vero
1141 570 1427 622 vehementer,
1449 571 1506 622 id,

97 629 212 684 quod
242 643 349 684 opus
379 637 443 669 est
471 629 644 680 oratori,
666 630 921 684 comprobat
954 629 1167 670 contraria
1195 642 1254 678 re,
1284 637 1326 668 et
1356 641 1410 667 ex
1441 642 1508 678 eo,

96 685 212 739 quod
241 685 418 726 dubium
448 699 534 726 non
567 694 645 736 est,
674 686 850 741 expedit
882 685 1000 736 illud,
1022 685 1137 740 quod
1160 685 1338 725 dubium
1360 693 1438 735 est,
1461 694 1509 724 ut

96 750 170 782 aut
189 741 292 782 dilui
314 757 400 783 non
422 743 572 798 possit,
594 751 668 784 aut
688 743 823 784 multo
846 742 1096 783 difficillime
1114 742 1263 797 possit.

153 797 401 840 Membrum
423 799 628 840 orationis
650 800 886 857 appellatur
907 813 971 840 res
991 799 1176 840 breviter
1205 798 1401 840 absoluta
1418 798 1508 839 sine
1526 797 1592 852 19

95 854 226 895 totius
256 856 477 898 sententiae
508 857 884 907 demonstratione,
906 871 1003 912 quae
1033 857 1173 897 denuo
1200 855 1283 896 alio
1314 856 1509 897 membro

94 912 298 953 orationis
318 913 548 969 excipitur,
571 914 654 955 hoc
674 914 825 955 modo:
860 913 916 954 Et
942 914 1118 955 inimico
1146 913 1361 968 proderas.
1382 913 1425 953 id
1447 921 1512 954 est

94 982 241 1021 unum,
263 970 378 1025 quod
407 971 644 1026 appellatur
672 972 938 1012 membrum:
973 970 1125 1012 deinde
1156 970 1239 1011 hoc
1269 969 1512 1026 excipiatur

94 1034 265 1081 oportet
285 1028 339 1068 ab
362 1027 509 1079 altero,
533 1027 590 1068 Et
619 1028 806 1069 amicum
837 1027 1037 1069 laedebas.
1098 1026 1165 1067 Ex
1189 1027 1355 1067 duobus
1377 1040 1513 1067 mem-

94 1082 181 1123 bris
203 1083 298 1125 haec
328 1085 552 1126 exornatio
574 1094 717 1142 potest
739 1094 933 1127 constare
954 1102 963 1126 :
997 1085 1069 1125 sed
1099 1084 1448 1125 commodissima
1469 1093 1513 1124 et

93 1139 394 1182 absolutissma
410 1150 487 1192 est,
507 1157 602 1197 quae
621 1156 675 1182 ex
706 1142 841 1183 tribus
863 1150 1046 1192 constat,
1067 1141 1151 1181 hoc
1174 1150 1322 1196 pacto:
1356 1139 1413 1181 Et
1431 1141 1513 1181 ini-

92 1196 207 1237 mico
226 1198 437 1252 proderas,
457 1207 500 1239 et
517 1199 702 1239 amicum
720 1199 920 1249 laedebas,
942 1207 986 1238 et
1006 1198 1086 1239 tibi
1109 1198 1190 1253 ipsi
1209 1211 1296 1237 non
1318 1197 1512 1238 consule-

92 1253 184 1315 bas,
244 1253 369 1305 Item,
393 1255 486 1297 Nec
516 1255 762 1312 reipublicae
794 1255 1060 1307 consuluisti,
1081 1268 1160 1295 nec
1193 1254 1342 1295 amicis
1365 1253 1512 1310 profu-

92 1311 178 1361 1sti‚
200 1325 278 1352 nec
296 1312 480 1353 inimicis
502 1312 710 1353 restitisti.

149 1367 367 1409 Articulus
398 1369 569 1420 dicitur,
600 1384 699 1411 cum
731 1369 898 1427 singula
926 1371 1058 1411 verba
1091 1369 1323 1411 intervallis
1358 1368 1511 1409 distin-

93 1432 283 1479 guuntur
303 1439 415 1467 caesa
434 1427 642 1478 oratione,
664 1427 747 1468 hoc
774 1427 929 1469 modo:
961 1426 1225 1478 Acrimonia,
1249 1440 1368 1477 voce,
1391 1426 1511 1466 vultu

91 1480 352 1524 adversarios
383 1484 662 1539 perterruisti.
723 1483 849 1536 Item,
882 1483 1087 1526 Inimicos
1119 1484 1294 1534 invidia,
1327 1482 1512 1538 injuriis,

90 1540 298 1593 potentia,
332 1540 512 1596 perfidia
544 1541 766 1583 sustulisti.
829 1541 947 1582 Inter
975 1541 1104 1597 hujus
1135 1541 1316 1596 generis,
1340 1549 1383 1580 et
1400 1539 1512 1580 illius

91 1596 318 1651 superioris
340 1597 654 1640 vehementiam
675 1599 758 1640 hoc
781 1599 971 1651 interest,
994 1601 1012 1629 3
1026 1598 1141 1654 quod
1163 1597 1265 1638 illud
1288 1597 1450 1638 tardius
1469 1606 1513 1637 ct

90 1652 223 1694 rarius
245 1654 376 1706 venit,
405 1654 489 1697 hoc
510 1656 699 1697 crebrius
733 1665 776 1698 et
805 1656 982 1697 celerius
1015 1654 1224 1712 pervenit.
1285 1653 1437 1708 Itaque
1468 1654 1512 1694 in

90 1707 163 1750 illo
185 1724 354 1765 genere,
376 1726 430 1753 ex
452 1714 690 1755 remotione
719 1713 900 1764 brachii,
931 1722 974 1754 et
994 1712 1297 1754 4contortione
1320 1711 1510 1752 dexterae

91 1765 257 1820 gladius
293 1769 345 1809 ad
378 1784 533 1826 corpus
565 1770 731 1822 afferri;
770 1770 814 1811 in
837 1771 920 1811 hoc
953 1778 1096 1811 autem
1127 1770 1276 1810 crebro
1308 1778 1352 1808 et
1385 1768 1509 1808 celeri

92 1822 264 1865 vulnere
286 1840 440 1881 corpus
463 1828 726 1869 consauciari
750 1828 932 1868 videtur.

149 1880 430 1924 Continuatio
443 1893 508 1925 est
528 1885 658 1926 densa
675 1892 718 1925 et
730 1885 954 1925 continens
973 1883 1259 1939 frequentatio
1283 1883 1508 1924 verborum
1520 1890 1567 1928 ⁶27

90 1951 189 1978 cum
211 1939 479 1982 absolutione
510 1942 830 1982 sententiarum.
891 1940 954 1981 Ea
975 1950 1142 1981 utemur
1165 1939 1511 1981 commodissime

88 1994 329 2050 tripertit03
361 1997 404 2038 in
434 1999 658 2049 sententia,
688 1999 732 2038 in
765 1999 995 2048 contrario,
1026 1998 1070 2038 in
1103 1997 1392 2039 conclusione.
1461 1995 1513 2036 In

90 2053 315 2104 sententia,
337 2053 420 2095 hoe
434 2064 583 2111 pacto:
617 2055 669 2096 Ei
690 2070 777 2096 non
791 2053 974 2096 multum
995 2064 1136 2110 potest
1156 2054 1304 2095 obesse
1325 2053 1514 2103 fortuna,

89 2108 163 2164 qui
186 2109 266 2151 sibi
291 2110 453 2152 firmius
480 2112 523 2153 in
547 2113 717 2163 virtute,
745 2126 874 2168 quam
904 2112 948 2152 in
971 2127 1086 2162 casu,
1110 2110 1358 2167 praesidium
1381 2110 1515 2151 collo-

89 2166 218 2207 cavit.
278 2166 331 2208 In
360 2170 590 2222 contrario,
631 2169 716 2211 hoc
754 2169 909 2210 modo:
960 2168 1074 2210 Nam
1109 2169 1143 2209 si
1173 2167 1267 2223 quis
1303 2168 1392 2223 spei
1427 2181 1514 2208 non

821 2287 882 2313 est.
925 2281 1025 2322 quue
1044 2286 1136 2322 patet
1161 2292 1178 2312 e
1203 2282 1348 2321 subjecta
1371 2280 1514 2311 ratione:

89 2290 162 2312 rum
176 2284 272 2322 putat
285 2282 370 2313 Oud.
397 2283 468 2323 Ego
482 2283 652 2324 vulgatum
665 2293 779 2315 verum

814 2329 951 2364 propter
975 2325 1100 2354 brevem
1126 2328 1157 2354 et
1175 2324 1242 2354 abs.
1265 2324 1494 2354 conclusionem
1505 2336 1515 2354 .-

87 2328 178 2363 puto.
231 2324 271 2354 ln
288 2326 440 2356 omnibus
461 2327 616 2367 exemplis
639 2326 779 2357 alterum

88 2366 271 2397 membrum
279 2367 377 2398 habet
390 2368 474 2398 hanc
488 2368 640 2405 formam,
650 2378 722 2408 quae
731 2372 780 2398 est

88 2407 122 2437 in
146 2408 292 2448 vulgato,
316 2419 392 2440 eum
417 2411 475 2441 διο.
504 2411 591 2450 quod
616 2410 702 2451 apud
727 2420 780 2440 me

87 2449 265 2490 plurimum
276 2452 374 2482 valet.

130 2494 149 2523 2
157 2492 318 2524 Brevitas
330 2499 361 2524 et
373 2495 570 2526 continuatis
581 2493 709 2533 verbis]
725 2493 781 2524 Li-

88 2533 137 2565 bri
151 2534 282 2574 quidam
296 2545 356 2567 ser.
366 2536 500 2574 habent,
517 2538 662 2567 breviter.
696 2536 781 2567 Bre-

89 2577 145 2606 via
156 2578 266 2615 verba,
281 2588 340 2618 pro
355 2579 466 2619 paucis
480 2579 543 2609 diei
564 2580 645 2609 bene
665 2578 780 2614 latine,

90 2618 194 2649 credo.
227 2620 260 2650 Si
275 2620 346 2651 libri
360 2621 518 2658 faverent,
531 2621 665 2652 mallem
679 2631 779 2651 mem-

90 2660 166 2697 bris,
185 2670 282 2701 quam
303 2663 416 2693 verbis.
452 2663 548 2694 Certe
568 2663 621 2693 hie
643 2667 692 2693 est
706 2672 778 2693 sen-

91 2711 162 2732 sus:
194 2704 341 2735 membra
364 2704 484 2736 debent
506 2715 574 2736 esse
592 2705 713 2741 brevia,
740 2708 779 2735 ut

90 2743 157 2775 sint
168 2745 357 2783 efficaciora,
372 2751 406 2777 et
424 2747 512 2778 inter
525 2757 559 2778 se
573 2751 663 2787 apta,
678 2751 717 2777 ut
731 2747 778 2777 vis

91 2786 304 2818 concludendi
319 2794 486 2829 appareat,
501 2789 522 2820 i.
536 2800 564 2820 e.
576 2789 780 2826 continuata,

91 2838 120 2857 v.
137 2828 227 2860 Clav.
250 2830 284 2859 in
301 2831 506 2862 continuatio.
555 2832 643 2863 Nam
665 2831 704 2861 de
724 2830 782 2862 illa

90 2871 337 2902 continuatione
363 2873 548 2909 verborum,
573 2883 646 2914 quae
671 2877 722 2904 est
747 2873 781 2903 in

90 2913 304 2945 collocatione
327 2914 511 2954 verborum,
524 2916 578 2947 hic
594 2925 699 2947 sermo
715 2924 782 2946 non

821 2377 893 2406 quae
907 2377 951 2397 sc.
966 2367 1000 2396 in
1014 2367 1075 2397 tali
1088 2367 1194 2396 forma
1206 2371 1267 2396 est.

864 2411 883 2439 3
897 2409 996 2449 ‚Quod
1023 2408 1130 2447 illuct]
1163 2407 1262 2448 ‚Quod
1281 2409 1374 2438 abest
1395 2417 1415 2437 a
1437 2406 1517 2437 Mss.

824 2451 1003 2488 nonnullis,
1029 2452 1129 2481 etiam
1149 2450 1236 2490 Lips.
1254 2457 1287 2480 et
1310 2449 1358 2480 ed.
1382 2448 1517 2479 Mediol.

827 2496 917 2526 1474.
962 2494 1039 2523 Non
1060 2492 1227 2532 displicet:
1255 2492 1310 2522 sed
1323 2498 1437 2522 tamen
1451 2491 1517 2521 for-

824 2545 879 2565 ma
886 2534 1011 2574 vulgati
1027 2535 1179 2565 usitatior
1192 2539 1315 2564 nostro,

865 2580 886 2607 4
905 2576 1128 2616 Cantor-tione]
1160 2575 1359 2607 contorsione
1379 2574 1459 2605 Mss.
1484 2579 1519 2605 et

821 2619 893 2650 edd.
912 2622 1002 2652 1474.
1024 2618 1158 2649 Mediol.
1181 2628 1229 2658 pr.
1260 2619 1356 2649 Junt.
1382 2617 1518 2654 habent,

821 2671 865 2692 sc·
879 2672 897 2692 e
912 2661 1183 2702 pronunciatione
1199 2661 1327 2691 serioris
1347 2660 1455 2689 aetatis
1470 2658 1518 2689 la-

820 2703 910 2734 tinae.
943 2703 1031 2734 Med.
1062 2705 1150 2737 1498.
1183 2703 1391 2738 contentione,
1417 2706 1456 2731 ut
1484 2705 1519 2731 et

820 2745 876 2776 alii
888 2745 979 2783 libri3
995 2754 1068 2785 quae
1080 2750 1129 2774 est
1142 2743 1259 2784 glossa.
1285 2745 1431 2775 Verbum
1445 2752 1519 2772 eon-

823 2789 919 2819 tortio
933 2792 984 2818 est
995 2788 1094 2818 etiam
1109 2786 1179 2817 Fat.
1195 2789 1224 2817 8.
1238 2791 1272 2817 et
1285 2791 1334 2817 est
1348 2785 1517 2826 proprium

823 2829 858 2860 in
871 2828 1082 2870 exprimenda
1096 2829 1126 2858 vi
1133 2828 1303 2868 jaculandi
1317 2828 1470 2860 verbum:
1487 2835 1517 2855 v,

824 2871 916 2903 Clav.
930 2873 964 2903 in
978 2875 1191 2912 contorquere.

853 2962 931 2999 03
