1914 3220
652 137 1105 196 PRAEFATIO.
1472 134 1600 192 'xliii

170 291 282 346 quo
326 281 519 326 auctor
559 280 641 326 est
679 271 913 324 Brutum
945 269 1208 330 imitatuS,
1252 282 1365 337 quo
1419 274 1603 322 tamen

164 368 247 414 est
273 357 556 430 copiosior.

238 444 346 497 Sed
387 442 513 495 novi
555 441 795 513 exempli
837 439 1006 493 editio
1033 437 1220 511 paullo
1261 445 1387 508 post
1414 446 1606 491 curata

168 536 251 583 est
272 547 310 580 a.
333 527 473 581 Jano
505 524 755 580 GruterO.
835 525 888 579 Is
910 544 1038 578 usus
1061 532 1140 577 est
1160 523 1397 595 primum
1424 539 1608 575 excer-

167 613 275 685 ptis
318 612 588 665 librorum'
618 611 962 683 scriptorum,
1008 627 1134 681 quae
1171 606 1472 670 itineribuS‚
1510 624 1611 678 per

167 697 475 759 Franciam‚
507 696 761 769 Belgium
799 704 854 748 et
897 693 1254 748 Germaniam
1294 691 1472 755 factis,
1500 692 1609 745 col-

164 782 370 853 legerat
392 781 678 853 diligenter
694 780 778 834 Jo.
802 779 1150 836 Guilielmz'us,
1171 795 1369 831 novam
1387 777 1475 830 ille
1498 776 1611 830 edi-

167 867 372 920 tionem
411 865 894 920 Ciceronianorum
934 866 1196 918 librorum
1236 863 1474 926 molitus,
1513 860 1609 914 sed

167 959 296 1005 ante
323 970 436 1005 rem
467 951 770 1024 perfectam
798 958 1070 1011 mortuus;
1111 947 1310 1003 deinde
1349 966 1380 1000 e
1411 946 1612 999 codici-

168 1038 271 1091 bus
299 1037 562 1091 Palatinis
596 1037 729 1108 ipse.
759 1036 1081 1108 adjuverant
1112 1033 1280 1087 etiam
1319 1033 1374 1084 in
1414 1032 1610 1086 eodem

169 1141 363 1195 genere
406 1123 578 1176 Janus
609 1121 922 1174 Gebhardus
973 1128 1029 1173 et
1056 1120 1242 1172 David
1269 1117 1521 1180 Clericus),
1556 1117 1612 1170 in

170 1209 410 1279 epistolis
446 1206 692 1278 inprimis
728 1206 798 1258 ad
833 1205 1091 1259 Diversos
1124 1205 1229 1267 ille,
1260 1203 1328 1256 ad
1359 1203 1608 1267 Atticum

170 1293 274 1345 hic.
356 1293 420 1345 In
461 1292 862 1346 Guilielmianis
899 1291 1170 1362 excerptis
1207 1301 1363 1343 erant
1403 1296 1459 1341 et
1488 1306 1615 1359 quae

174 1380 397 1433 Carolus
425 1379 667 1449 Longius
694 1386 749 1431 et
778 1376 1043 1446 Suffridus
1072 1376 1228 1428 Petri
1255 1375 1614 1446 collegerant:

167 1465 238 1518 de
267 1465 467 1535 quibus
511 1463 744 1535 legenda
779 1462 939 1534 hujus
979 1461 1213 1533 epistola
1252 1461 1306 1512 in
1341 1459 1617 1512 Gabbemce

174 1549 402 1603 Collect.
451 1549 630 1620 Epist.
683 1568 735 1620 p.
782 1554 907 1602 ⁶243.
989 1547 1125 1601 Erat
1160 1545 1429 1598 Gruterus
1468 1545 1523 1597 in
1563 1564 1619 1597 re

172 1635 362 1688 critica
405 1654 488 1697 ec,
520 1653 634 1704 quo
668 1634 946 1695 Victorias,
977 1651 1156 1694 sensu,
1194 1631 1273 1684 ita
1312 1631 1456 1683 libris
1496 1630 1620 1683 scri-

173 1721 280 1792 ptis
309 1719 582 1781 addicam,
610 1722 674 1772 ut
712 1718 1004 1772 manifesta
1047 1734 1194 1789 saepe
1221 1716 1426 1770 menda
1453 1716 1621 1769 etiam

175 1805 596 1858 accuratissimis
625 1812 681 1858 et
719 1803 1137 1857 evidentissimis
1167 1803 1404 1854 virorum
1433 1801 1623 1854 docto-

176 1910 296 1943 rum
349 1889 829 1943 emendationibus
883 1888 1177 1960 praeferret,
1222 1905 1402 1958 eaque
1455 1887 1622 1940 etiam

175 1976 451 2047 explicare
480 1982 717 2028 tentaret
744 1992 808 2026 ac
836 1973 1174 2026 defenderet.
1242 1971 1446 2043 Itaque
1468 1972 1625 2025 basin

176 2079 289 2113 suae
319 2059 571 2113 editionis
598 2077 714 2112 esse
753 2058 926 2111 voluit
953 2066 1167 2110 textum
1209 2056 1623 2110 Victorianum:

178 2163 347 2217 quern
379 2155 563 2198 tamen
585 2145 680 2198 ille
709 2163 819 2196 non
855 2143 1023 2196 modo
1051 2163 1081 2196 θ
1108 2143 1254 2195 libris
1291 2142 1504 2215 scriptis
1532 2161 1628 2195 sae-

175 2250 248 2303 pe
287 2231 542 2294 mutavit,
582 2230 678 2283 sed
706 2230 874 2283 etiam
914 2228 1192 2281 interdum
1233 2247 1263 2281 e
1301 2229 1626 2300 conjecturis

179 2334 368 2369 eorum
396 2315 645 2386 quidem,
677 2332 914 2386 quorum
942 2313 1093 2386 apud
1123 2332 1251 2366 eum
1280 2322 1423 2367 esset
1462 2332 1630 2386 pecu-

178 2401 320 2453 liaris
359 2400 621 2471 quaedam
649 2400 966 2461 auctoritas,
993 2407 1057 2452 ut
1096 2398 1346 2451 Simeonis
1385 2398 1545 2452 Bosi-z'·
1575 2400 1631 2452 in

178 2485 421 2557 epistolis
450 2485 521 2537 ad
550 2485 820 2538 Atticum.
903 2484 1190 2537 Editiones
1213 2485 1549 2556 antiquiores
1577 2493 1633 2537 et

178 2572 324 2642 ipsas
353 2570 588 2644 subinde
617 2580 1034 2632 commemorat,
1062 2570 1155 2622 sed
1198 2570 1328 2623 satis
1357 2570 1634 2642 negligen-

181 2666 279 2721 ter,
316 2676 425 2710 non
465 2656 633 2709 modo
676 2656 819 2709 hanc
863 2657 919 2708 in
960 2665 1194 2727 partem,
1237 2656 1388 2726 quod
1429 2657 1630 2728 primas

183 2741 299 2795 illas
318 2742 600 2794 Romanas
629 2751 684 2794 et
711 2742 844 2795 alias
866 2760 977 2794 non
999 2742 1282 2812 requisivit
1310 2759 1633 2795 necrconsu÷

183 2828 302 2891 luit,
331 2829 425 2880 sed
472 2828 625 2898 quod
673 2828 839 2882 etiam
886 2845 984 2898 pro
1028 2827 1213 2898 primis
1251 2828 1632 2897 laudat-,quae
