1945 3235
695 117 978 158 ORATOR·
1486 121 1573 171 5517

110 223 324 282 exemplis
346 223 605 281 antiquitas:
629 238 727 280 quae
749 222 923 279 quidem
946 219 1061 277 apud
1083 233 1152 260 me
1174 219 1314 276 ipsum
1330 220 1445 263 valet
1469 220 1561 277 plu-

109 281 284 324 rimum.
313 297 394 325 nec
425 297 508 340 ego
539 281 598 333 id,
629 282 746 337 quod
775 281 896 322 deest
927 276 1192 332 antiquitati,
1215 279 1368 335 flagito
1399 279 1558 335 potiuS,

108 353 241 394 quam
272 340 414 392 laudo,
437 340 553 397 quod
574 349 663 381 est:
697 336 934 395 praesertim
957 349 1057 376 cum
1079 348 1130 374 ea
1156 335 1322 389 majora
1343 335 1556 391 judicem,

105 411 205 452 quae
236 407 350 449 sunt,
371 413 501 453 quam
532 396 617 449 illa,
638 411 736 452 quae
757 395 926 436 desunt.
989 392 1092 433 Plus
1114 400 1179 432 est
1199 392 1313 432 enim
1346 394 1389 433 in
1414 395 1556 436 verbis

105 462 150 495 et
171 455 214 495 in
237 455 461 497 sententiis
485 454 602 505 boni,
623 453 781 508 quibus
811 450 872 492 illi
895 450 1128 500 excellunt,
1150 462 1280 504 quam
1311 449 1356 490 in
1378 451 1554 493 conclu·
1576 501 1598 514 .

105 511 227 553 sione
248 513 712 565 sententiarum‚quam
733 523 820 549 non
842 508 1020 550 habent.
1061 507 1166 548 Post
1182 506 1358 547 inventa
1379 503 1632 552 conclu-Ol

103 568 171 611 sio
192 578 271 620 est,
292 585 378 625 qua
397 569 526 610 credo
547 581 698 608 usuros
721 576 884 609 veteres
907 565 1001 607 illos
1023 564 1170 616 fuisse,
1192 563 1226 624 si
1246 563 1342 619 jam
1364 574 1468 606 nota
1488 576 1552 607 at-

102 640 189 682 que
219 635 424 682 usurpata
449 639 515 666 res
548 634 684 666 esset:
716 639 803 680 qua
833 624 1023 675 inventa,
1052 636 1202 664 omnes
1237 636 1334 663 usos
1368 636 1552 678 magnos

102 693 294 725 oratores
316 683 525 724 videmus.
586 682 671 724 Sed
692 681 825 723 habet
846 695 1004 723 nomen
1027 680 1249 730 invidiam,
1268 694 1368 721 cum
1389 679 1435 721 in
1457 695 1551 721 ora·
1566 683 1640 723 170

102 741 223 782 tione
237 739 437 797 judiciali
459 749 503 781 et
523 742 563 775 47
575 739 736 782 forensi
766 753 984 790 numerus,
1006 752 1149 794 graece
1167 745 1304 796 ῥυθμὸς,
1326 738 1465 779 inesse
1485 738 1551 779 di-

100 798 228 839 citur.
290 797 434 838 Nimis
455 797 571 839 enim
594 798 846 839 insidiarum
868 797 921 838 ad
944 796 1174 852 capiendas
1201 811 1323 838 aures
1354 796 1593 839 adhiberib-

99 854 285 907 videtur,
309 856 343 896 si
370 855 502 896 etiam
533 856 578 897 in
600 855 783 897 dicendo
806 854 972 895 numeri
1004 855 1059 895 ab
1082 865 1251 896 oratore
1282 863 1551 910 quaeruntur.

99 910 205 954 Hoc
227 911 324 954 freti
347 912 434 964 isti,
456 922 500 954 et
521 913 602 969 ipsi
626 912 810 954 infracta
831 921 874 954 et
896 921 1120 968 amputata
1141 911 1392 968 loquuntur,
1413 922 1457 952 et
1477 926 1551 954 eos

96 969 361 1027 vituperant,
384 971 458 1026 qui
489 980 591 1027 apta
611 980 655 1011 et
685 970 809 1012 finita
830 969 1128 1027 pronuntiant.
1160 970 1195 1011 si
1226 969 1428 1011 inanibus
1460 984 1553 1011 ver-

97 1027 181 1080 bis,
202 1029 456 1084 levibusque
477 1028 723 1070 sententiis:
749 1028 865 1083 jure.
896 1027 962 1068 sin
985 1027 1134 1083 probae
1161 1041 1238 1079 res,
1261 1027 1373 1069 lecta
1395 1028 1549 1070 verba:

95 1085 251 1142 48quid
266 1096 330 1126 est
352 1101 428 1127 cur
446 1086 642 1127 claudere
666 1095 740 1127 aut
759 1086 955 1127 insistere
974 1085 1214 1126 orationem
1233 1085 1402 1136 malint,
1421 1100 1550 1142 quam

94 1157 196 1184 cum
219 1144 433 1185 sententia
454 1144 613 1200 pariter
633 1146 889 1185 excurrere?
941 1142 1030 1184 Hic
1052 1143 1168 1184 enim
1199 1143 1437 1185 invidiosus
1469 1157 1549 1184 nu-

93 1214 238 1242 merus
260 1201 368 1243 nihil
390 1201 514 1244 affert
537 1201 666 1252 aliud,
690 1201 771 1242 nisi
794 1210 843 1242 ut
864 1201 920 1242 sit
949 1210 1050 1257 apte
1070 1201 1213 1242 verbis
1234 1200 1548 1257 comprehensa

95 1259 334 1301 sententia:
366 1259 483 1315 quod
505 1259 554 1300 fit
575 1259 706 1300 etiam
737 1259 792 1300 ab
822 1259 1026 1314 antiquis,
1048 1258 1122 1300 sed
1153 1258 1406 1315 plerumque
1427 1273 1545 1311 casu,

93 1330 211 1373 saepe
240 1326 418 1359 natura:
449 1326 493 1358 et
524 1332 622 1372 quae
657 1317 777 1357 valde
809 1316 1038 1358 laudantur
1065 1317 1179 1372 apud
1212 1316 1322 1368 illos,
1354 1331 1404 1357 ea
1439 1316 1544 1369 fere,

90 1376 196 1430 quia
226 1383 325 1416 sunt
358 1374 575 1425 conclusa,
608 1374 852 1415 laudantur.
913 1372 971 1415 Et
1007 1373 1121 1430 apud
1154 1374 1335 1415 Graecos
1366 1374 1541 1429 quidem
1558 1373 1627 1413 171

79 1431 182 1488 ιῇἃηι
211 1432 314 1472 anni
342 1446 477 1488 prope
499 1431 805 1489 quadringenti
837 1440 951 1483 sunt,
974 1447 1075 1473 cum
1106 1431 1190 1473 hoc
1221 1432 1443 1488 probatur,
1466 1447 1544 1473 nos

88 1503 230 1545 nuper
259 1490 531 1546 agnovimuS.
594 1488 712 1546 Ergo
737 1489 879 1531 Ennio
910 1489 1049 1541 licuit,
1073 1498 1219 1531 vetera
1248 1490 1544 1532 contemnenti

89 1546 261 1590 dicere:

294 1604 465 1649 Versibu',
486 1617 574 1654 quos
592 1605 679 1642 olim
697 1606 825 1648 Fauni,
844 1610 1015 1654 vatesque
1032 1605 1207 1642 canebant
1219 1621 1232 1642 .-

86 1668 251 1709 ⁴9mihi
291 1667 343 1708 de
361 1662 564 1723 *antiquis
596 1668 748 1710 eodem
784 1668 915 1710 modo
948 1682 1036 1709 non
1077 1668 1254 1709 licebit?
1301 1667 1547 1723 praesertim

87 1740 188 1767 cum
220 1725 463 1767 5⁰dicturus
493 1741 580 1767 non
614 1726 709 1777 sim,
733 1724 846 1767 Ante
877 1725 997 1777 hunc,
1028 1734 1077 1766 ut
1108 1725 1205 1778 ille3
1236 1739 1315 1766 nec
1345 1740 1442 1780 quae
1478 1740 1543 1767 se—

86 1792 295 1839 quuntur,
318 1782 405 1825 Nos
425 1783 515 1824 ausi
535 1798 721 1825 reserare.
776 1783 883 1840 Legi
905 1784 1020 1824 enim
1043 1784 1275 1839 audivique
1297 1783 1543 1837 nonnullos,

85 1855 271 1896 quorum
293 1841 608 1897 propemodum
629 1840 825 1882 absolute
847 1841 1176 1883 concluderetur
1196 1841 1351 1882 oratio.
1409 1841 1541 1888 Quod

86 1899 162 1954 qui
195 1913 282 1940 non
319 1908 512 1955 possunt,
545 1914 630 1940 non
662 1908 727 1940 est
760 1900 821 1940 eis
851 1900 954 1940 satis
985 1914 1073 1940 non
1105 1899 1342 1950 contemni,
1375 1898 1540 1940 laudari

85 1957 219 1998 etiam
242 1956 408 1998 volunt.
471 1956 567 2013 Ego
590 1966 734 1998 autem
766 1956 860 1998 illos
892 1958 1008 2013 ipsos
1039 1956 1182 2007 laudo,
1206 1956 1337 2012 idque
1367 1957 1540 2008 merito,

86 2028 273 2069 quorum
305 2029 349 2055 se
380 2014 505 2055 5listi
536 2015 776 2056 imitatores
799 2029 890 2055 esse
920 2015 1086 2065 dicunt,
1108 2014 1189 2055 etsi
1219 2014 1264 2054 in
1285 2014 1345 2055 eis
1376 2013 1540 2070 aliquid

85 2071 307 2114 desidero:
340 2072 418 2113 hos
452 2086 551 2113 vero
573 2072 764 2124 minime,
797 2072 870 2128 qui
902 2072 1012 2113 nihil
1041 2072 1227 2124 illorum,
1258 2071 1339 2112 nisi
1368 2071 1538 2124 vitium,

87 2138 340 2186 sequuntur,
362 2144 462 2171 cum
492 2145 517 2171 a
545 2130 671 2171 bonis
704 2131 849 2172 absint
883 2129 1150 2186 longissime.
1212 2129 1381 2177 Quodsi
1413 2145 1535 2171 aures
1551 2133 1624 2173 172

86 2195 176 2228 tam
200 2187 470 2238 inhumanas,
494 2197 668 2243 tamque
690 2198 878 2244 agrestes
910 2187 1087 2239 habent,
1109 2203 1164 2229 ne
1185 2188 1537 2229 doctissimorum

84 2245 261 2300 quidem
286 2245 472 2287 virorum
495 2260 567 2286 eos
589 2246 784 2287 movebit
805 2246 1054 2287 auctoritas.
1091 2244 1263 2287 Omitto
1283 2244 1536 2298 Isocratem,

82 2302 405 2359 discipulosque
443 2303 552 2358 ejus,
591 2302 815 2359 Ephorum
855 2312 898 2345 et
940 2303 1230 2345 Naucratem:
1273 2318 1536 2359 quamquam

83 2361 292 2402 orationis
343 2360 554 2403 faciendae
604 2371 648 2402 et
688 2362 891 2403 ornandae
943 2371 1140 2403 auctores
1190 2360 1535 2418 locupletissimi,

85 2468 88 2472 i
123 2479 163 2511 47
183 2476 317 2516 sorensi
341 2487 512 2514 numerus,
536 2486 642 2515 groece
666 2476 788 2519 ρυθμδς,
831 2487 908 2507 men
938 2476 991 2508 hic
1017 2479 1130 2519 paruit
1152 2477 1258 2509 editor
1280 2477 1373 2518 Lips.
1395 2486 1456 2508 nee
1481 2477 1534 2508 Fr.

81 2519 197 2559 inesse]
236 2519 353 2550 Delevi
383 2517 486 2551 latine
514 2524 589 2560 post
617 2529 786 2558 numeru-3,
831 2519 955 2561 Gryph.

82 2561 161 2601 quia
174 2562 271 2592 nimis
286 2564 434 2604 ineptum
452 2567 502 2593 est
517 2562 550 2592 id
563 2562 648 2593 addi.
666 2563 788 2593 Simili·
871 2566 913 2597 49
936 2564 1123 2594 milvi—nan
1139 2563 1245 2593 licebit
1257 2562 1287 2602 ?]
1316 2563 1369 2593 Sic
1385 2563 1460 2600 ista,
1476 2573 1535 2603 per

82 2607 137 2634 ter
150 2604 220 2635 sine
231 2605 294 2636 hoc
309 2607 408 2636 verbo
421 2611 534 2636 totum
547 2605 610 2635 hoc
624 2610 675 2636 est
689 2614 788 2647 supra
830 2605 1142 2678 ἰηῐεπῖῗζεῖὶοιίεω,
1153 2605 1355 2646 accipienda:
1371 2605 1452 2636 alias
1461 2615 1535 2636 sen-

83 2655 113 2677 c.
127 2649 181 2677 20.
830 2657 884 2678 sus
900 2657 945 2678 nu
974 2657 1010 2678 us
1025 2657 1058 2678 es
1080 2673 1086 2679 .

125 2691 168 2719 48
191 2689 271 2729 quid
281 2694 327 2721 est
341 2699 401 2720 cur
411 2689 579 2730 claudere]
604 2690 692 2721 Ante
704 2690 789 2720 Gru·
875 2692 915 2720 50
938 2691 1088 2721 dicturus
1108 2699 1173 2721 non
1197 2689 1275 2730 sim]
1303 2699 1361 2730 np.
1388 2689 1533 2729 primum

83 2733 197 2761 terum
220 2731 376 2762 edebatur
399 2734 608 2764 claudicare:
630 2733 717 2771 quod
733 2733 790 2763 ille
832 2732 945 2763 odium
968 2732 1160 2763 habitururn
1176 2738 1260 2770 erat,
1285 2731 1429 2764 alterum
1451 2732 1535 2762 invi-

81 2776 244 2813 tanquam
260 2785 278 2805 c
290 2774 371 2806 Mss.
389 2776 531 2807 correxit
545 2776 708 2806 claudere.
741 2775 787 2806 At
829 2775 929 2806 diam.
946 2780 1024 2806 ante
1037 2777 1135 2812 hunc,
1148 2785 1179 2805 v.
1194 2775 1291 2806 Brut.
1303 2785 1332 2805 c.
1351 2777 1400 2805 18.

80 2816 132 2858 *sie
156 2816 229 2847 edd.
254 2822 332 2847 ante
355 2817 490 2856 Aldum,
518 2819 572 2859 qui
601 2819 788 2848 claudicare
874 2820 910 2848 51
934 2817 1004 2858 ish]
1038 2818 1145 2849 intell.
1168 2826 1354 2849 numerosae
1376 2816 1536 2848 orationis

84 2862 223 2895 temere,
237 2865 274 2889 ut
295 2859 371 2897 alia,
386 2860 530 2898 induxit,
552 2861 723 2901 morigeris
739 2860 793 2890 ni·
830 2859 1090 2901 reprehensores

84 2900 149 2933 mis
170 2901 349 2936 editoribus
362 2903 608 2944 posterioribus.
653 2904 724 2936 Nee
737 2908 790 2934 ta-

746 2952 879 2989 Nn4
