1945 3235
319 157 373 192 60
807 155 888 194 AD
922 155 1302 195 HERENNJUM

321 257 567 300 mittemus:
591 263 711 313 (nam
733 256 818 302 hoc
848 269 914 303 est
935 277 960 302 a
985 269 1139 303 natura
1160 261 1325 312 datum,
1348 268 1396 301 ut
1419 273 1549 316 quam
1572 259 1772 318 proxime

322 324 417 356 tum
440 315 607 358 vultum
638 317 945 359 admoveamus
967 319 1019 360 ad
1043 319 1275 367 auditores,
1300 319 1333 360 si
1356 332 1486 374 quam
1509 331 1597 359 rein
1617 319 1773 361 docere

322 387 411 423 θος,
434 382 480 415 et
501 374 778 416 vehementer
796 376 1004 431 instigare
1027 377 1207 417 velimus
1223 378 1253 425 ε)
1273 377 1337 417 sin
1361 376 1443 417 crit
1461 376 1505 417 in
1527 376 1774 418 narratione

324 444 492 483 eer1n03
526 432 638 473 idem
668 442 812 473 motus
847 434 1008 489 poterit
1038 434 1219 475 idoneus
1253 448 1359 485 esse,
1390 433 1462 489 qui
1495 432 1640 489 paullo
1671 441 1773 475 ante

324 488 704 530 demonstrabatur
733 490 778 531 in
806 490 1041 546 dignitate:
1067 492 1131 532 sin
1164 491 1470 547 injocation03
1494 490 1615 532 vultu
1637 505 1774 546 quan-

326 545 426 586 dam
449 546 704 588 debebimus
735 546 996 589 hilaritatem
1031 548 1292 605 significare,
1315 549 1406 590 sinc
1430 548 1776 590 commutatione

265 618 317 656 27
329 611 491 660 gestus.
524 605 568 645 Si
589 605 900 645 contendemus
915 620 990 661 pcr
1009 607 1381 648 continuationem
1398 624 1408 658 ;
1432 605 1612 647 brachio
1630 605 1774 656 celeri,

327 661 479 702 mobili
511 661 648 712 vultu,
679 662 767 703 acri
799 673 975 718 aspectu
1010 673 1204 706 utemur:
1237 663 1302 705 sin
1333 663 1557 705 contentio
1593 662 1679 720 fiet&
1700 676 1776 719 per

325 717 677 759 distributionem
695 736 705 770 ς
728 719 853 760 celeri
875 723 915 752 &2
929 721 1199 777 projectione
1217 721 1399 772 brachii,
1418 719 1775 772 inambulatione,

327 776 448 832 pedis
474 776 616 817 dextri
652 791 747 818 rara
779 777 1099 833 supplausione,
1130 779 1215 820 acri
1251 788 1294 820 et
1327 778 1474 820 defixo
1502 785 1680 834 aspectu
1710 777 1776 819 uti

326 833 562 889 oportebit.
623 838 663 867 83
679 835 723 875 Si
747 843 918 876 utemur
940 836 1280 892 amplificatione
1304 850 1379 893 per
1400 835 1777 887 cohortationem3

358 890 472 931 aullo
495 890 681 932 tardiore
702 899 747 932 et
779 891 1118 935 consideratiore
1139 903 1263 950 gestu
1295 893 1527 935 conveniet
1555 893 1635 944 uti,
1658 892 1778 934 simi-

344 948 439 988 ibus
462 949 616 990 ceteris
636 949 918 1004 rebuS,atque
933 949 975 990 in
989 951 1271 992 contentione
1290 966 1365 1007 per
1378 951 1777 993 continuationem:

326 1005 361 1045 si
381 1013 553 1046 utemur
568 1005 911 1062 amplificatione
931 1021 1005 1063 per
1018 1009 1392 1063 conquestionem,
1410 1011 1452 1040 84
1465 1007 1637 1050 feminis
1658 1008 1779 1064 plan-

327 1077 446 1118 gore,
469 1071 513 1104 et
531 1064 686 1119 capitis
709 1064 814 1116 ictu,
836 1079 1149 1121 nonnunquam
1173 1065 1321 1106 sedato
1336 1074 1379 1106 et
1400 1066 1617 1106 constanti
1638 1073 1779 1122 gestu,

327 1130 490 1161 moesto
523 1129 568 1161 et
595 1121 857 1163 conturbato
891 1122 1012 1164 vultu
1043 1124 1105 1164 uti
1141 1124 1378 1180 oportebit.
1439 1122 1542 1164 Non
1577 1137 1673 1164 sum
1705 1136 1782 1164 ne-

329 1177 457 1229 scius,
471 1186 682 1234 quantum
698 1180 958 1236 susceperim
971 1181 1153 1237 negotii,
1172 1181 1247 1237 qui
1266 1190 1409 1223 motus
1423 1180 1617 1237 corporis
1634 1180 1782 1237 expri-

328 1250 445 1277 mere
467 1236 624 1288 verbis,
655 1235 816 1279 imitari
843 1239 1058 1294 scriptura
1086 1250 1269 1280 conatus
1304 1239 1385 1280 sim
1414 1252 1557 1280 voces.
1618 1237 1782 1279 Verum

328 1307 410 1335 nec
432 1293 517 1335 hoc
538 1294 729 1335 confisus
751 1310 846 1337 sum
869 1310 995 1352 posse
1017 1296 1125 1348 ficri,
1150 1305 1198 1337 ut
1220 1297 1273 1338 de
1295 1296 1362 1338 his
1384 1296 1512 1337 rebus
1536 1296 1639 1337 satis
1661 1310 1790 1337 com«

329 1351 460 1393 mode
483 1352 613 1393 scribi
640 1362 810 1409 posset3
833 1368 928 1405 nec,
960 1354 994 1395 si
1028 1353 1070 1395 id
1105 1354 1197 1395 fieri
1232 1369 1320 1396 non
1352 1361 1512 1411 posset,
1543 1353 1642 1405 hoe,
1665 1352 1784 1409 quod

330 1408 431 1460 feci,
466 1408 559 1451 fore
589 1409 741 1452 inutile
775 1411 999 1467 putabam,
1033 1421 1265 1469 propterea
1295 1411 1414 1468 quod
1449 1411 1522 1452 hic
1551 1411 1784 1452 admonere

329 1466 563 1518 voluimus,
581 1470 621 1499 85
635 1467 739 1523 quid
763 1477 1005 1525 oporteret:
1030 1469 1194 1525 reliqua
1215 1470 1433 1511 trademus
1460 1467 1782 1510 exercitationi.

332 1521 435 1566 Hoc
466 1527 574 1567 scire
605 1532 749 1567 tamen
773 1535 960 1582 oportet,
981 1527 1383 1584 pronuntiationem
1411 1527 1571 1568 bonam
1590 1526 1634 1568 id
1653 1526 1784 1582 perfi-

331 1595 443 1633 cere,
465 1591 514 1623 ut
532 1596 598 1624 res
616 1597 671 1624 ex
694 1584 840 1625 animo
863 1585 933 1641 agi
958 1585 1170 1626 videatur.

253 1630 321 1687 16
392 1639 522 1682 Nunc
541 1640 595 1682 ad
616 1639 867 1683 thesaurum
886 1643 1177 1695 inventorum,
1196 1643 1237 1674 86
1250 1650 1379 1699 atque
1399 1642 1450 1684 ad
1471 1641 1668 1684 omnium
1687 1655 1786 1698 par-

269 1709 323 1744 28
337 1697 444 1739 tium
466 1697 694 1740 rhetoricae
717 1699 958 1752 custodem,
980 1701 1235 1742 memoriam
1265 1709 1548 1741 transeamus.
1588 1706 1590 1710 ’
1609 1699 1786 1742 Memo-

287 1758 322 1792 b·
335 1755 398 1798 ria
417 1763 564 1797 utrum
586 1756 746 1798 habeat
767 1759 806 1791 87
820 1757 1058 1814 quidquam
1081 1758 1321 1810 artificiosi,
1344 1773 1398 1800 an
1421 1758 1562 1799 omnis
1585 1773 1612 1799 a
1630 1764 1787 1798 natura

332 1813 649 1911 Qroficiscatur,
678 1814 794 1856 aliud
817 1815 989 1857 dicendi
1013 1825 1183 1872 tempus
1206 1816 1346 1873 magis
1369 1816 1575 1857 idoneum
1595 1814 1785 1856 dabitur.

333 1885 350 1913 r
381 1885 465 1913 unc
484 1871 662 1928 perinde
683 1881 814 1928 atque
841 1882 1012 1915 constet
1040 1874 1084 1914 in
1111 1875 1191 1915 hac
1214 1888 1258 1915 re
1281 1873 1466 1916 multum
1489 1873 1630 1915 valere
1648 1881 1786 1914 artem
1822 1907 1825 1909 Α

288 1968 294 1976 ,
329 1937 374 1970 et
396 1929 752 1986 praeceptionem,
780 1931 841 1972 ita
862 1945 913 1972 ea
934 1931 987 1973 de
1014 1946 1058 1973 re
1088 1931 1330 1988 loquemur.
1355 1931 1498 1988 placet
1519 1930 1636 1972 enim
1657 1929 1786 1972 nobis

329 2000 423 2028 esse
453 1987 687 2029 artificium
711 1989 960 2031 memoriae:
984 2004 1118 2045 quare
1140 1989 1322 2046 placeat,
1354 1989 1458 2031 alias
1481 1988 1785 2030 ostendemus:

329 2044 374 2086 in
397 2045 631 2101 praesentia
648 2045 894 2102 cujusmodi
917 2061 969 2088 ea
989 2047 1060 2098 sit,
1084 2047 1342 2104 aperiemus,
1403 2047 1517 2087 Sunt
1535 2046 1671 2102 igitur
1688 2045 1788 2087 duae

329 2102 580 2155 memoriae3
613 2117 700 2144 una
732 2103 956 2157 naturalis,
988 2104 1123 2146 altera
1155 2104 1406 2146 artificiosa.
1468 2103 1693 2145 Naturalis
1723 2111 1790 2144 est

384 2277 427 2307 82
464 2275 677 2308 Porrectione
716 2278 867 2318 brachii]
923 2279 1043 2320 Scripsi

1088 2279 1159 2309 vius
1180 2279 1214 2309 in
1234 2279 1299 2310 Ms.
1329 2278 1399 2310 Erf.
1425 2279 1583 2320 repererit
1586 2277 1742 2319 seminis,
1757 2277 1792 2309 id

324 2317 534 2360 projectione,
550 2329 610 2360 pro
618 2323 833 2360 porrectione,
851 2331 949 2352 sensu
961 2326 996 2352 et
1010 2332 1044 2352 re
1502 2321 1508 2328 ⁸

1087 2323 1157 2352 sine
1172 2321 1381 2353 haesitatione
1403 2332 1523 2363 recepi.
1567 2321 1649 2352 Vide
1671 2321 1791 2361 ipsum.

331 2361 535 2404 postulante,
551 2373 591 2393 ex
605 2363 699 2393 Orat.
725 2373 754 2394 c.
782 2366 828 2395 18.
857 2364 911 2394 ubi
928 2365 1043 2395 Cicero

332 2405 458 2434 brachii
472 2403 707 2446 prqjectionem
722 2407 757 2436 in
771 2407 1042 2438 contentionibus

332 2447 481 2485 requirit.

376 2491 418 2520 83
439 2489 477 2519 Sz·
503 2493 638 2520 utemur
672 2490 818 2530 amplifi]
844 2491 954 2531 Vulgo
978 2491 1041 2522 sin.

334 2530 398 2562 Sed
422 2537 473 2562 est
494 2532 630 2563 initium
657 2542 753 2564 novae
778 2533 981 2574 partitionis,
1002 2538 1041 2564 ut

334 2577 431 2604 ante:
456 2575 484 2604 ,η’
498 2575 736 2606 contendemus.

377 2619 419 2647 84
431 2615 773 2658 seminisplang-ore]
800 2618 864 2648 Pro
879 2619 968 2659 vulg.
981 2617 1042 2658 fe-

334 2659 441 2689 mineo
448 2661 623 2698 plangore.
678 2662 814 2701 Semper
836 2671 889 2691 me
903 2662 1042 2692 offendit

323 2699 498 2741 semineus
518 2704 679 2741 plangor,
709 2704 764 2741 qui
793 2704 917 2734 oratori
948 2704 1043 2734 nullo

334 2742 434 2773 modo
449 2744 622 2774 convenit:
647 2750 681 2776 et
696 2746 809 2785 putavi
833 2747 1041 2777 scribendum

333 2784 553 2825 essesenwrz's
559 2788 718 2826 plangor,
732 2798 806 2818 cum
815 2790 981 2828 percussio
984 2788 1042 2829 Je-

336 2829 437 2859 moris
450 2828 484 2858 in
499 2830 685 2860 oratoribus
699 2835 992 2870 commemoretur,
1008 2835 1043 2862 et

334 2870 371 2900 'm
385 2871 477 2911 gravi
489 2870 603 2904 dolore
616 2873 774 2904 virorum.
786 2873 850 2904 Sed
861 2883 939 2904 cum
952 2874 1044 2906 Grae-

1088 2364 1272 2404 Plcmgorc‘s
1304 2365 1455 2401 verbum,
1491 2368 1531 2395 ut
1556 2364 1640 2395 bene
1675 2367 1792 2394 monet

1086 2408 1248 2443 Graevius,
1264 2406 1393 2448 decepit
1407 2407 1568 2443 homines,
1586 2405 1673 2447 quod
1687 2405 1792 2436 nesci-

1083 2450 1184 2480 ebant
1211 2449 1336 2480 librarii
1351 2460 1411 2489 pro
1437 2450 1645 2490 percussione
1660 2448 1792 2489 proprie

1084 2492 1158 2522 diei.
1202 2492 1283 2523 Mox
1297 2496 1433 2522 conatus
1446 2502 1521 2523 sum
1536 2492 1645 2533 plures
1660 2491 1741 2522 Mss.
1756 2494 1791 2522 et

1084 2535 1157 2565 cdd.
1173 2535 1281 2575 placet
1297 2534 1542 2574 Oudendorpio.

1128 2580 1167 2609 35
1180 2577 1465 2619 ‚Quizlnporeeren'j
1481 2576 1590 2616 Vulgo
1603 2576 1688 2617 quoe!
1695 2576 1791 2607 male.

1084 2619 1180 2660 ‚Quid
1204 2619 1328 2649 habent
1344 2619 1425 2650 Mss.
1441 2619 1591 2650 Oudend„
1608 2624 1642 2650 et
1671 2619 1790 2656 nostri,

1085 2662 1137 2692 cd.
1155 2662 1247 2692 Med.
1264 2664 1355 2694 1474.

1130 2707 1171 2736 36
1194 2705 1302 2745 Atque
1316 2704 1362 2734 ad
1375 2713 1401 2734 o.
1423 2704 1474 2744 qm]
1504 2703 1699 2736 Addinlimus
1714 2702 1761 2734 ad
1771 2712 1790 2733 e

1086 2747 1168 2778 Mss.
1182 2752 1215 2777 et
1231 2746 1304 2777 edd.
1319 2756 1368 2786 pr.

1129 2791 1169 2824 87
1193 2789 1388 2831 „Quidquam
1414 2787 1525 2829 ‹lo-tif]
1551 2788 1631 2820 Mss.
1660 2790 1695 2818 et
1721 2786 1793 2817 edd.

1085 2836 1168 2863 vett.
1196 2832 1364 2873 quiddam.
1387 2831 1477 2871 quod
1500 2831 1635 2872 praefert
1660 2828 1794 2861 Ouden-

1086 2874 1231 2917 dorpius.
