1945 3235
368 108 417 144 98
841 104 920 142 ΑΙ)
953 100 1323 142 HERENNIUM

371 214 492 249 ctora
522 220 707 249 moerore
734 206 944 264 pulsabat.
1006 206 1159 262 Itaque
1188 205 1390 248 anhelans
1419 218 1474 246 ex
1505 205 1602 247 imis
1624 204 1794 271 pulmo-¹

373 264 500 305 nibus
537 279 611 306 ›rae
634 279 735 306 cura
769 265 942 321 spiritus
971 266 1221 307 ducebatur.
1284 263 1398 304 Nam
1427 262 1470 303 in
1504 264 1794 319 superioribus

372 320 513 377 plures
586 322 737 376 ispani,
760 333 802 363 et
821 322 950 373 Galli,
969 333 1011 363 et
1034 321 1185 377 togati,
1205 321 1275 361 liic
1295 333 1426 360 unum
1448 328 1597 375 pectus
1618 329 1662 361 et
1682 329 1793 362 unus

375 378 521 433 pulmo
544 379 819 432 intelligitur:
852 388 895 419 et
916 380 996 420 erit
1011 379 1095 420 illic
1109 378 1345 419 diminutus
1367 391 1567 418 numerus
1582 377 1792 419 festivita-

375 434 444 486 tis,
467 435 536 477 hic
555 433 761 477 adauctus
782 436 1003 492 gravitatis
1027 435 1178 492 gratia.

431 491 598 534 Abusio
620 502 697 542 cst,
721 508 816 547 quae
841 494 969 534 verbo
993 493 1118 533 simili
1152 500 1195 533 et
1228 492 1470 549 propinquo
1502 505 1580 548 pro
1602 499 1720 532 certo
1749 499 1794 532 et

374 551 549 606 proprio
581 549 786 600 abutitur,
820 550 903 591 hoc
936 549 1089 591 modo:
1125 549 1245 590 Vires
1277 549 1463 590 hominis
1494 548 1643 590 breves
1678 557 1794 599 sunt,

373 616 445 648 aut
479 621 607 662 parva
639 615 813 657 statura,
844 616 917 647 aut
951 607 1127 663 longum
1160 607 1202 647 in
1236 606 1409 648 homine
1441 605 1685 656 consilium,
1719 613 1796 646 aut

373 665 510 704 oratio
534 678 704 719 magna,
727 672 800 704 aut
823 664 882 704 uti
921 678 1058 720 pauco
1083 678 1290 705 sermone.
1353 663 1466 704 Nam
1490 662 1560 704 hic
1582 661 1709 704 facile
1729 668 1794 703 est

374 720 606 771 intellectu,
637 721 822 762 finitima
856 723 983 762 verba
1012 735 1152 762 rerum
1185 720 1470 772 dissimilium,
1494 719 1658 760 ratione
1688 719 1794 760 abu-

375 778 504 817 sionis
524 792 613 818 esse
636 777 843 818 traducta.
1789 782 1792 790 ’

290 848 361 896 34
429 833 669 875 Translatio
688 844 765 885 est,
789 849 886 875 cum
918 834 1093 876 verbum
1119 835 1160 876 in
1183 835 1396 891 quandam
1419 849 1509 875 rem
1539 831 1795 874 transfertur

372 905 425 931 ex
460 891 541 932 alia
572 905 628 941 re,
659 892 771 946 quod
808 902 983 958 propter
1017 892 1340 934 similitudinem
1377 895 1542 932 7⁰reete
1578 889 1796 932 videbitur

373 963 495 1003 posse.
521 948 751 989 transferri.
796 947 858 989 La
880 949 1038 988 utimur
1060 949 1118 989 rei
1137 958 1236 990 ante
1254 948 1400 990 oculos
1421 948 1631 1004 ponendae
1650 961 1793 998 causa,

372 1006 432 1045 sic
448 1022 456 1046 ;
492 1005 579 1046 Hic
595 1003 764 1046 Italiam
784 1005 990 1046 tumultus
1009 1005 1303 1062 expergefecit
1321 1014 1479 1046 terrore
1498 1005 1656 1046 subito.
1689 1003 1795 1045 Bre-

372 1063 517 1103 vitatis
539 1077 680 1113 causa,
703 1062 787 1104 sic:
822 1062 989 1103 Recens
1011 1063 1218 1103 adventus
1240 1063 1454 1104 exercitus
1477 1062 1620 1102 subito
1642 1061 1795 1103 civita-¹

372 1128 459 1160 tem
501 1120 727 1161 exstinxit.
789 1119 1104 1161 Obscoenitatis
1146 1120 1332 1161 vitandae
1362 1133 1504 1170 causa,
1535 1119 1622 1160 sic:
1651 1117 1795 1174 'Cujus

372 1186 507 1218 mater
529 1177 791 1232 quotidianis
822 1177 983 1233 nuptiis
1007 1177 1255 1218 delectatur.
1317 1176 1518 1232 Augendi
1542 1189 1684 1228 causa,
1707 1176 1792 1216 sic:

374 1233 542 1275 Nullius
574 1248 737 1275 moeror
769 1243 812 1275 et
844 1234 1063 1275 calamitas
1096 1234 1218 1275 istius
1251 1234 1423 1291 explere
1457 1232 1721 1284 inimicitias,
1751 1237 1795 1273 et‘

369 1290 577 1332 nefariam
611 1301 798 1332 saturare
831 1291 1125 1332 crudelitatem
1160 1292 1317 1348 potuit.
1386 1290 1618 1331 Minuendi
1651 1303 1794 1340 causa,

369 1348 455 1390 sic:
489 1348 658 1405 Magno
689 1363 731 1389 se
758 1349 966 1405 praedicat
996 1348 1158 1389 auxilio
1182 1348 1327 1400 fuisse,
1361 1348 1463 1404 quia
1491 1346 1727 1403 paullulum
1747 1346 1794 1387 in

370 1405 496 1446 rebus
518 1405 782 1447 difficillimis
802 1406 1019 1462 aspiravit.
1065 1405 1257 1447 Ornandi
1278 1420 1419 1456 causa,
1439 1405 1524 1446 sic:
1548 1403 1796 1460 Aliquando

369 1462 617 1519 reipublicae
652 1463 853 1514 rationes,
887 1478 983 1519 quae
1013 1463 1177 1504 malitia
1204 1472 1436 1504 nocentum
1468 1465 1797 1513 71exaruerunt,
1849 1466 1858 1476 ”

370 1521 529 1560 virtute
551 1519 827 1576 optimatium
851 1521 1121 1562 revirescent.
1182 1518 1524 1561 Translationem
1545 1518 1696 1560 dicunt
1716 1524 1799 1574 pu-'

370 1577 542 1617 dentem
575 1591 666 1617 esse
696 1587 908 1633 oportere,
939 1589 987 1618 ut
1020 1592 1118 1618 cum
1153 1578 1317 1618 ratione
1344 1577 1386 1617 in
1406 1575 1676 1617 consimilem
1706 1589 1796 1616 rem

370 1642 572 1686 transeat,
595 1648 648 1674 ue
671 1634 761 1675 sine
783 1634 950 1676 delectu
974 1644 1132 1676 temere
1153 1643 1197 1675 et
1217 1634 1372 1691 cupide
1393 1633 1588 1675 videatur
1606 1632 1650 1673 in
1672 1631 1799 1673 dissi-³

368 1690 515 1732 milem
537 1692 849 1732 transcurrisse.

307 1741 356 1775 46
429 1748 696 1789 Permutatio
729 1757 793 1790 est
822 1749 974 1800 oratio,
1005 1748 1120 1790 aliud
1153 1749 1308 1800 verbis,
1342 1747 1456 1789 aliud
1489 1746 1702 1789 sententia
1721 1746 1797 1789 de-

260 1812 290 1842 P·
306 1804 356 1832 35·
370 1816 627 1847 monstrans.
689 1805 752 1847 Ea
780 1807 988 1847 dividitur
1017 1806 1060 1846 in
1084 1817 1167 1847 tres
1190 1815 1346 1862 partes,
1369 1804 1708 1856 similitudinem,
1732 1818 1800 1845 ar-

326 1855 356 1875 a.
369 1873 640 1920 gumentum,
674 1864 952 1904 contrarium.
1013 1862 1097 1904 Per
1129 1863 1453 1904 similitudinem
1475 1862 1672 1914 sumitur,
1697 1868 1798 1904 c'um

372 1921 689 1972 translationes,
712 1935 810 1972 una,
844 1930 918 1962 aut
949 1920 1105 1977 plures,
1136 1921 1380 1976 frequenter
1402 1928 1620 1976 ponuntur
1652 1933 1678 1960 a
1698 1918 1800 1959 sim-

367 1977 469 2033 plici
502 1978 668 2019 ratione
690 1978 848 2029 ductae,
868 1979 953 2019 sic:
988 1978 1102 2019 Nam
1121 1993 1217 2019 cum
1238 1992 1363 2019 canes
1380 1977 1621 2033 funguntur
1641 1975 1798 2017 officiis

364 2035 579 2091 luporum,
601 2037 642 2069 72
652 2035 720 2075 cui
746 2035 946 2091 praesidio
970 2050 1105 2091 pecua
1118 2036 1366 2081 credemus?
1390 2034 1473 2075 Per
1493 2040 1796 2090 argumentum

367 2100 589 2142 tractatur,
613 2106 712 2132 cum
732 2107 756 2132 a
778 2106 973 2148 persona,
997 2101 1071 2132 aut
1089 2107 1114 2132 a
1135 2092 1244 2143 loco,
1267 2101 1340 2133 aut
1357 2107 1383 2133 a
1403 2106 1447 2132 re
1469 2090 1625 2146 aliqua,
1648 2089 1797 2131 simili-

366 2150 486 2200 tudo,
509 2150 694 2205 augendi
716 2159 789 2189 aut
811 2149 1031 2190 minuendi
1051 2164 1192 2200 causa,
1207 2150 1401 2190 ducitur:
1436 2157 1482 2189 ut
1503 2149 1535 2189 si
1559 2148 1654 2203 quis
1680 2145 1796 2188 Dru-

363 2221 472 2257 sum,
495 2205 758 2257 Gracchum,
781 2210 821 2240 73
836 2207 1019 2247 nitorem
1055 2206 1297 2247 obsoletum
1331 2207 1462 2247 dicat.
1523 2204 1592 2246 Ex
1625 2211 1796 2246 contra-

363 2263 426 2304 rio
448 2264 619 2305 ducitur
642 2263 726 2314 sic;
757 2272 806 2303 ut
836 2264 869 2304 si
899 2264 993 2319 quis
1026 2263 1245 2305 hominem
1277 2264 1508 2320 prodigum
1530 2272 1575 2304 et
1602 2260 1796 2303 luxurio-

402 2411 443 2442 70
456 2409 556 2440 Recte
574 2409 759 2449 videbitur]
789 2410 850 2440 Pro
872 2411 1012 2448 videtur,
1035 2421 1052 2440 e
1138 2412 1178 2443 73
1222 2411 1377 2441 Nitorem
1409 2408 1608 2449 obsoletum]
1649 2408 1798 2439 Graevius

362 2449 440 2481 Mss.
456 2451 604 2492 pluribus
618 2451 689 2482 edd.
710 2455 798 2485 1474.
814 2453 902 2482 Med.
918 2463 966 2493 pr.
1097 2453 1273 2489 nesciebat,
1297 2453 1374 2492 quid
1394 2456 1480 2483 esset
1504 2451 1594 2482 nitor
1618 2450 1801 2488 obsoletus.
1851 2490 1854 2492 ι
1877 2482 1881 2486 ,

403 2496 438 2526 71
479 2494 961 2534 Exaruerunt—revirescent.]
1002 2496 1054 2525 Sic
1097 2499 1155 2525 aut
1180 2505 1280 2534 quare
1302 2495 1362 2526 Dr.
1381 2499 1415 2525 et
1438 2493 1605 2525 Gracchus
1618 2493 1664 2524 sic
1686 2492 1797 2534 appel-

360 2546 378 2564 e
393 2534 472 2565 Mss.
488 2540 522 2566 et
544 2535 615 2567 edd.
629 2546 676 2576 pr.
694 2538 897 2577 reposuimus
921 2548 978 2577 pro
1001 2548 1053 2567 e.1·-
1099 2537 1257 2567 lai-entur.
1316 2536 1421 2568 Credo
1454 2545 1522 2566 esse
1557 2545 1744 2577 expressum
1777 2545 1796 2566 e

361 2580 740 2609 (tmlerant—-o’et’iruere,
777 2580 815 2610 ln
832 2579 973 2610 lectione
987 2580 1056 2609 vul·
1100 2580 1214 2609 (iraeco
1231 2582 1322 2614 m‘rog:
1347 2580 1381 2610 in
1404 2589 1468 2618 quo
1491 2578 1578 2608 inest
1599 2577 1796 2618 significatio

359 2624 437 2657 gata
464 2619 597 2650 deberet
621 2629 689 2650 esse
714 2622 754 2652 ab
782 2623 896 2652 initio:
924 2622 1057 2652 laudem
1101 2623 1216 2651 nitoris
1237 2627 1273 2652 et
1295 2621 1514 2661 antiquitatis,
1536 2625 1634 2660 atque
1648 2619 1723 2651 inde
1739 2619 1800 2650 ali-

359 2662 545 2701 aliquando.
1101 2666 1190 2704 eujus
1208 2664 1306 2695 veluti
1328 2663 1497 2703 squaloris.
1525 2672 1555 2693 v.
1569 2663 1659 2694 Clav.
1682 2662 1716 2692 in
1739 2661 1797 2692 Gr.

402 2706 442 2736 752
473 2704 532 2734 Cui
556 2704 734 2745 prasidio]
773 2706 852 2736 Mss.
884 2706 991 2745 plures
1025 2712 1058 2736 et
1102 2716 1130 2735 v.
1157 2707 1272 2740 εὑτινές.
1329 2705 1402 2736 Hoc
1428 2706 1511 2736 bene
1537 2704 1692 2735 convenit
1719 2703 1796 2741 iuis,

359 2745 430 2775 edd.
445 2756 492 2785 pr.
508 2749 654 2781 cuinam,
684 2748 768 2787 quod
793 2749 899 2788 plat-et
922 2748 1053 2779 Ouden-
1097 2758 1236 2787 quorum
1250 2748 1354 2789 gloria
1376 2747 1591 2785 obsoleverat,
1613 2746 1670 2777 sed
1683 2751 1796 2777 tamen

359 2787 481 2828 ‹lox-pio.
527 2790 587 2819 Sed
602 2791 703 2821 etiam
722 2792 872 2830 prasidio
895 2790 975 2822 mihi
1000 2792 1055 2821 sri-
1100 2801 1165 2820 nou
1178 2793 1340 2821 exstincta
1351 2795 1484 2829 erat‚ut
1495 2794 1605 2822 essent
1615 2787 1801 2830 apudmul--

358 2840 430 2867 gere
454 2831 590 2862 uidetur.
1101 2840 1151 2862 tos
1169 2834 1200 2864 in
1217 2834 1352 2865 honore.
