1945 3235
763 110 1060 151 ORATOR.
1546 114 1621 149 535

157 217 285 270 tiora,
319 218 393 260 sed
425 217 543 260 hunc
574 217 749 269 librum,
786 215 956 258 etiamsi
993 215 1138 256 minus
1170 222 1317 255 nostra
1343 215 1620 257 commend&-

157 275 292 328 tione,
315 285 391 318 tuo
423 286 568 318 tamen
598 275 775 317 nomine
797 277 834 306 81
851 272 1065 330 divulgari
1086 285 1259 311 necesse
1280 283 1359 314 est.

218 332 323 376 Esse
353 334 488 391 igitur
509 333 700 390 perfecte
727 331 968 387 eloquentis
1001 338 1124 385 puto,
1146 343 1231 369 non
1265 343 1358 370 eam
1394 330 1532 370 solum
1557 323 1702 371 fai-32

158 391 366 433 cultatem
389 392 561 442 habere,
584 407 681 447 quae
705 391 761 431 sit
781 391 875 445 ejus
898 388 1088 444 propria,
1112 386 1220 437 fuse,
1243 385 1414 440 lateque
1431 388 1619 438 dicendi,
1638 396 1712 428 113

159 449 233 490 sed
260 450 392 499 etiam
416 449 603 491 vicinam
626 449 734 504 ejus,
757 457 886 502 atque
909 445 1157 496 finitimam,
1188 443 1514 485 dialecticorum
1539 445 1620 485 sci-

157 508 317 549 entiam
341 521 571 548 assumere.
589 519 856 561 ‚quamquam
879 503 995 544 aliud
1019 503 1190 544 videtur
1212 501 1351 542 oratio
1375 515 1481 550 esse,
1506 501 1622 542 aliud

157 564 429 622 disputati03
479 578 559 605 nec
601 563 716 604 idem
758 562 877 617 loqui
915 575 1021 611 esse,
1061 560 1176 616 quod
1217 559 1385 600 dicere:
1429 568 1621 599 attamen

155 632 390 678 utrumque
420 622 464 662 in
500 619 750 662 disserendo
777 630 857 661 est.
888 618 1138 675 disputandi
1170 618 1297 668 ratio,
1329 626 1373 658 et
1400 615 1621 671 loquendi,

152 680 482 722 dialecticorum
521 678 601 720 sit:
648 687 871 719 oratorum
917 688 1078 728 autem,
1111 675 1283 717 dicendi
1326 684 1370 715 et
1421 674 1618 714 ornandi.

155 737 275 779 Zeno
299 736 474 792 quidem
498 736 582 787 ille,
606 751 631 776 a
651 751 739 792 quo
762 735 992 792 disciplina
1016 734 1263 776 Stoicorum
1287 743 1367 783 est,
1392 746 1519 773 manu
1544 732 1617 773 de-

152 804 394 836 monstrare
423 794 605 843 solebat,
628 794 734 850 quid
756 795 869 835 inter
902 793 977 834 has
1000 802 1113 833 artes
1136 792 1376 832 interesset.
1400 804 1500 830 nam
1517 805 1617 831 cum

151 863 468 909 compresserat
497 852 677 908 digitos,
709 866 992 908 pugnumque
1025 849 1202 901 fecerat,
1225 848 1498 890 dialecticam
1530 849 1618 888 aie-

151 911 229 951 bat
249 910 464 966 ejusmodi
488 925 603 952 esse:
637 925 735 951 cum
760 920 904 951 autem
929 909 1175 959 diduxerat,
1198 916 1240 948 et
1263 920 1442 948 manum
1464 905 1618 946 dilata-

150 978 287 1022 verat,
307 968 461 1025 palmae
478 969 590 1009 illius
606 968 788 1010 similem
802 967 1096 1023 eloquentiam
1119 980 1210 1006 esse
1230 965 1418 1006 dicebat.
1469 963 1617 1019 Atque
1633 975 1705 1012 114

151 1026 284 1068 etiam
306 1036 408 1068 ante
430 1027 546 1068 hunc
570 1025 824 1067 Aristoteles
852 1025 1070 1082 principio
1103 1024 1206 1064 artis
1237 1022 1465 1064 rhetoricae
1493 1022 1617 1070 dicit,

151 1084 268 1126 illam
308 1095 443 1126 artem
478 1085 600 1140 quasi
632 1099 686 1125 ex
719 1084 852 1125 altera
884 1094 1006 1140 parte
1045 1082 1306 1138 respondere
1348 1079 1616 1122 dialecticae:

139 1151 199 1183 ·ut
227 1143 313 1185 hoc
344 1143 546 1184 videlicet
575 1142 780 1184 differant
811 1143 922 1183 inter
953 1156 1012 1193 se,
1044 1141 1159 1197 quod
1192 1140 1288 1180 liaec
1312 1139 1423 1179 ratio
1445 1138 1618 1179 dicendi

147 1199 278 1242 latior
299 1201 370 1251 sit,
393 1201 465 1242 illa
494 1201 696 1257 loquendi
731 1200 1011 1242 contractior.
1077 1198 1186 1240 Volo
1209 1198 1345 1254 igitur
1368 1196 1469 1237 huic
1502 1211 1619 1237 sum-

147 1273 237 1311 mo,
260 1273 450 1310 omnem,
473 1275 570 1315 quae
603 1259 657 1300 ad
687 1259 920 1300 dicendum
949 1260 989 1289 852
1005 1258 1113 1299 tradi
1140 1257 1292 1313 possit,
1314 1254 1519 1311 loquendi
1552 1269 1620 1295 ra—

150 1317 330 1369 tionem,
352 1332 445 1358 esse
477 1326 656 1359 notam:
689 1332 786 1372 quae
818 1317 994 1371 quidem
1022 1331 1087 1356 res
1119 1314 1253 1370 (quod
1289 1324 1330 1354 tc
1363 1313 1428 1354 his
1451 1312 1617 1354 artibus

147 1375 365 1416 eruditum
388 1375 568 1416 mininie
591 1373 721 1425 fallit)
743 1375 962 1431 duplicem
980 1373 1114 1415 habet
1130 1372 1314 1414 docendi
1337 1371 1467 1412 viam.
1501 1370 1618 1412 Nam

147 1441 192 1474 et
222 1433 314 1490 ipse
335 1432 593 1474 Aristotcles
626 1432 804 1473 tradidit
835 1442 1057 1489 praecepta
1082 1431 1267 1488 plurima
1297 1429 1550 1480 disserendi,
1573 1439 1618 1470 et

145 1503 314 1590 Remea,
335 1492 410 1547 qui
430 1491 646 1533 dialectici
672 1491 891 1541 dicuntur,
915 1490 1158 1546 spinosiora
1180 1488 1316 1530 multa
1339 1498 1614 1544 pepererunt.

189 1564 266 1607 rgo
300 1564 399 1591 eum
432 1564 603 1600 censeo,
625 1550 699 1605 qui
731 1548 992 1604 eloquentiae
1023 1548 1148 1589 laude
1180 1547 1377 1597 ducatur,
1403 1561 1490 1587 non
1521 1560 1613 1587 esse
1628 1562 1700 1596 115

144 1621 292 1649 earum
322 1622 466 1649 rerum
495 1608 675 1648 omnino
706 1607 882 1659 rude1n3
915 1607 988 1648 sed
1011 1606 1079 1647 vel
1112 1605 1184 1647 illa
1215 1605 1409 1660 antiqua,
1434 1604 1500 1645 vel
1531 1604 1613 1646 hac

147 1665 386 1722 Chrysippi
410 1665 640 1721 disciplina
664 1665 930 1706 institutum.
955 1665 1125 1706 noverit
1149 1663 1334 1720 primum
1362 1662 1465 1713 vim,
1487 1672 1616 1703 natu-

143 1738 252 1775 ram,
276 1738 436 1780 genera
465 1724 714 1774 verborum,
736 1733 779 1764 et
809 1723 1090 1779 simplicium,
1113 1734 1157 1763 et
1179 1721 1508 1778 copulatorum:
1541 1721 1616 1761 de-

144 1781 246 1823 inde
277 1792 386 1837 quot
418 1781 560 1823 modis
594 1781 786 1837 quidque
819 1781 1013 1823 dicatur:
1047 1796 1133 1837 qua
1163 1781 1345 1829 ratione,
1367 1793 1514 1820 verum
1537 1778 1615 1820 fal-

145 1854 298 1881 sumne
332 1841 402 1891 sit,
427 1839 680 1896 judicetur:
714 1839 819 1895 quid
856 1840 1071 1881 efficiatur
1104 1854 1127 1880 e
1158 1853 1355 1895 quoque:
1389 1837 1506 1893 quod
1543 1838 1612 1878 cui

142 1913 414 1954 consequens
437 1898 725 1954 sit,quodque
746 1899 1034 1940 contrarium:
1069 1911 1256 1953 cumque
1274 1895 1482 1952 ambigue
1504 1895 1613 1936 mul-

142 1965 190 1997 ta
219 1956 435 2007 dicantur,
460 1957 682 2012 quomodo
715 1956 905 2012 quidque
936 1971 1085 1997 eorum
1117 1954 1270 2005 dividi,
1300 1954 1613 2010 explanarique

142 2024 358 2070 oporteat.
421 2014 535 2056 Haec
574 2015 761 2056 tenenda
794 2024 895 2055 sunt
933 2014 1120 2055 oratori:
1155 2028 1270 2069 saepe
1304 2013 1426 2054 enim'
1458 2027 1611 2053 occur-

141 2083 257 2114 runt.
319 2073 405 2114 Sed
435 2073 538 2128 quia
579 2088 656 2113 sua
697 2082 852 2129 sponte
884 2072 1147 2128 squalidiora
1186 2080 1300 2121 sunt,
1335 2070 1609 2111 adhibendus

140 2131 222 2172 erit
243 2131 287 2172 in
310 2131 377 2172 his
400 2130 672 2187 explicandis
694 2131 871 2186 quidam
895 2130 1104 2171 orationis
1128 2130 1258 2170 nitor.
1320 2127 1376 2169 Et
1399 2128 1604 2184 quoniam
1621 2140 1693 2189 33

140 2189 187 2229 in
220 2190 440 2240 omnibus,
469 2204 567 2245 quae
591 2189 757 2230 ratione
789 2189 1014 2240 docentur,
1038 2198 1082 2229 et
1115 2188 1197 2238 via,
1230 2186 1419 2243 primum
1444 2187 1697 2247 consti-116

142 2247 352 2288 tuendum
382 2258 462 2298 est,
494 2247 598 2303 quid
629 2247 822 2302 quidque
856 2247 938 2289 sit:
972 2247 1073 2297 (nisi
1115 2247 1231 2287 enim
1268 2246 1379 2286 inter
1411 2258 1500 2296 θος,
1531 2246 1650 2300 quib,

138 2305 401 2362 disceptent,
423 2305 644 2356 convenit,
666 2305 771 2361 quid
804 2305 860 2346 sit
883 2305 1003 2356 illud,
1025 2306 1079 2346 de
1110 2320 1196 2360 quo
1228 2303 1493 2359 anibigitur3
1526 2317 1607 2347 nec

138 2374 257 2405 recte
273 2363 438 2414 disseri,
456 2378 535 2404 nec
558 2377 765 2418 umquam
789 2363 840 2404 ac]
859 2364 1027 2404 exitum
1049 2362 1263 2419 perveniri
1282 2363 1445 2418 potest)
1467 2361 1607 2416 expli-

137 2421 278 2462 canda
305 2431 371 2462 est
393 2436 509 2478 saepe
533 2421 674 2462 verbis
696 2435 817 2462 mens
845 2433 995 2463 nostra
1016 2422 1069 2462 de
1100 2435 1272 2476 quaque
1295 2434 1354 2470 re,
1380 2428 1511 2473 atque
1541 2418 1607 2459 in-

138 2478 300 2521 volutae
330 2480 391 2521 rei
422 2479 582 2520 notitia
612 2479 860 2521 definiendo
891 2479 1125 2536 aperienda
1155 2489 1246 2520 est:
1289 2476 1505 2533 siquidem
1533 2476 1608 2517 de-

179 2631 216 2660 81
241 2629 414 2669 divulgari
438 2639 564 2660 necesse
584 2628 657 2669 εει]
694 2628 845 2659 Scriben-
889 2634 938 2660 est
965 2635 1080 2660 tamen
1110 2632 1235 2665 mstra,
1261 2637 1330 2658 non
1352 2633 1474 2664 nostro,
1501 2630 1540 2656 ut
1562 2627 1603 2657 ad

134 2671 216 2701 dum
236 2671 368 2702 videtur
388 2682 465 2709 esse,
482 2682 522 2702 ne
546 2672 750 2703 constructio
778 2681 846 2702 non
889 2674 1020 2703 nomine
1048 2671 1234 2702 referatur:
1273 2670 1362 2711 quod
1388 2680 1455 2702 non
1490 2669 1602 2710 displi-

135 2719 267 2744 constet
283 2726 290 2744 z
316 2714 486 2752 Videmus,
505 2725 573 2745 non
590 2724 624 2745 te
648 2714 756 2746 solum
778 2724 847 2745 esse
891 2722 991 2746 ceret.

135 2755 315 2796 lecturum,
333 2758 390 2787 sed
416 2758 505 2789 hunc
528 2758 650 2790 librum
673 2759 776 2788 ctiam
798 2758 848 2787 di·
935 2761 975 2789 82
998 2759 1088 2788 tram·
1116 2756 1232 2797 possit]
1278 2756 1341 2787 Ed.
1374 2756 1458 2787 Ven.
1499 2755 1604 2791 tradi,

132 2799 263 2839 vulgari
275 2809 406 2830 neeesse
418 2810 498 2831 esse.
520 2800 594 2831 Nisi
610 2803 725 2833 Cicero
740 2801 844 2830 varia-
888 2800 977 2840 quod
991 2801 1210 2831 restituimus.
1246 2800 1319 2831 Nee
1343 2800 1435 2830 trahi
1457 2806 1606 2830 commo-

133 2842 183 2872 vit
197 2843 396 2879 orationem,
414 2853 454 2874 ne
470 2853 534 2874 esse
546 2849 600 2874 ter
620 2848 844 2875 concurreret.
888 2843 968 2873 dum
1005 2844 1085 2874 satis
1119 2853 1253 2873 sensum
1281 2842 1395 2873 habet.
1443 2840 1606 2880 Quaedam

134 2883 175 2915 In
192 2884 243 2916 ed.
258 2885 343 2917 Veii.
358 2886 452 2917 abest
472 2888 764 2924 commendatione,
790 2886 846 2917 sed
889 2886 961 2917 edd.
978 2886 1103 2917 babent
1113 2887 1214 2918 etiam
1230 2886 1347 2916 vitiose
1355 2888 1475 2926 posset.

768 2943 803 2969 M
829 2937 916 2973 m4
