1945 3235
393 181 470 216 442
982 179 1255 219 BRUTUS.

399 296 500 324 cum
529 281 641 322 laena
678 281 851 333 faceret,
891 282 1006 339 quod
1036 292 1127 325 erat
1165 284 1320 325 flamen
1358 282 1656 336 Carmentalis,
1692 283 1834 342 plebei

399 349 552 381 contra
573 348 713 396 patres
735 340 1026 382 concitatione
1047 351 1090 382 et
1110 340 1318 381 seditione
1339 341 1564 393 nunciata;
1587 351 1634 383 ut
1653 351 1744 384 erat
1761 342 1834 385 lae-

398 411 457 438 na
482 396 678 449 amictus,
701 397 762 438 ita
785 397 902 438 venit
924 398 967 439 in
987 399 1256 448 concionem,
1279 397 1619 454 seditionemque
1641 413 1739 440 cum
1760 414 1836 441 au-

400 454 618 506 ctoritate,
649 465 739 495 tum
773 455 966 496 oratione
995 456 1173 496 sedavit.
1234 455 1317 496 Sed
1350 469 1422 496 eos
1451 464 1640 497 oratores
1664 455 1837 498 habitos

402 525 509 562 esse,
539 521 612 552 aut
641 511 819 552 omnino
851 522 941 552 tum
975 512 1106 553 ullum
1140 512 1397 568 eloquentiae
1432 513 1657 568 praemium
1690 512 1835 565 fuisse,

403 568 510 610 nihil
534 582 632 609 sane
655 569 760 610 mihi
793 569 945 624 legisse
973 569 1134 611 videor.
1158 570 1457 611 tantummodo
1485 569 1736 626 conjectura
1755 570 1835 612 du-

342 632 479 672 57cor
511 627 563 667 ad
593 626 912 681 suspicandum.
975 624 1148 668 Dicitur
1169 627 1298 668 etiam
1334 626 1385 668 C.
1410 626 1660 679 Flaminius,
1682 627 1731 679 is,
1759 626 1834 683 qui

405 684 602 724 tribunus
636 683 773 739 plebis
806 681 959 738 legem,
993 683 1045 723 de
1077 698 1181 739 agro
1205 683 1374 725 Gallico
1407 683 1644 726 et·Piceno
1673 683 1835 726 viritim

401 741 650 790 dividendo,
674 739 832 790 tulerit,
859 739 933 795 qui
955 740 1104 781 consul
1127 740 1239 796 apud
1266 740 1562 783 Trasimenum
1584 742 1640 783 sit
1660 739 1836 783 iuterfe-

402 809 513 849 ctus,
535 798 587 838 ad
610 797 816 852 populum
831 796 1013 838 valuisse
1028 797 1227 838 dicendo.
1265 797 1323 844 Q.
1337 799 1464 840 etiam
1483 797 1708 840 Maximus
1727 797 1836 840 Ver-

403 869 595 905 rucosus,
617 865 762 895 orator
794 853 966 895 habitus
989 865 1053 895 est
1076 854 1342 911 temporibus
1365 854 1461 907 illis,
1481 865 1525 897 et
1550 856 1607 902 Q.
1631 853 1835 898 Metellus

404 911 454 962 is,
478 912 551 967 qui
577 911 687 952 bello
713 911 878 952 Punico
902 911 1089 953 secundo
1129 927 1228 953 cuin
1253 911 1303 953 L.
1322 912 1503 953 Veturio
1525 912 1707 954 Philone
1730 927 1836 955 con-

325 964 391 1013 15
405 968 469 1010 sul
486 969 583 1010 fuit.
644 969 787 1015 Quem
810 982 910 1010 vcro
941 978 1099 1019 exstet,
1121 977 1166 1011 et
1185 970 1238 1010 de
1261 983 1347 1025 quo
1374 970 1429 1010 sit
1450 970 1668 1012 memoriae
1690 969 1837 1027 prodi-

403 1036 511 1078 tum,
532 1026 803 1082 eloquentem
832 1025 977 1078 fuisse,
999 1036 1043 1067 et
1064 1027 1125 1067 ita
1149 1041 1240 1068 esse
1260 1026 1474 1078 habitum,
1496 1027 1658 1083 primus
1678 1035 1741 1068 est
1765 1025 1834 1068 M.

402 1083 630 1125 Cornelius
648 1082 883 1140 Cethegus,
905 1084 973 1140 cuj
983 1098 1029 1124 us
1051 1083 1308 1139 eloquentiae
1331 1092 1396 1125 est
1417 1095 1581 1135 auctor,
1595 1092 1638 1124 et
1654 1083 1834 1126 idoneus

399 1141 591 1197 quidem,
612 1155 708 1182 mea
736 1142 964 1193 sententia,
987 1141 1045 1188 Q.
1069 1140 1260 1194 Ennius;
1292 1141 1530 1198 praesertim
1553 1155 1651 1182 cum
1679 1148 1723 1182 et
1743 1141 1835 1198 ipse

399 1213 499 1240 eum
520 1198 746 1250 audiverit,
769 1208 812 1239 et
833 1198 993 1240 scribat
1014 1199 1067 1240 de
1088 1207 1284 1240 mortuoz
1317 1213 1372 1240 ex
1400 1213 1486 1255 quo
1508 1197 1624 1240 nulla
1645 1197 1835 1255 suspicio

338 1261 387 1297 58
400 1266 479 1309 est,
501 1256 705 1298 amicitiae
728 1270 857 1297 causa
884 1270 976 1298 esse
997 1257 1242 1299 mentitum.
1305 1255 1385 1298 Est
1408 1256 1544 1313 igitur
1563 1255 1625 1299 sic
1646 1255 1761 1313 apud
1782 1253 1836 1296 il-

397 1313 485 1356 lum
505 1314 548 1356 in
564 1329 680 1356 nono
701 1317 770 1367 (ut
790 1314 964 1371 opinor)
985 1313 1153 1357 annali:

549 1418 712 1454 Additur
730 1421 855 1453 orator
874 1416 1053 1452 Cornelia·
1071 1416 1338 1464 suaviloquenti

551 1471 622 1505 Ore
642 1469 818 1516 Cethegus
836 1469 992 1510 Marcu',
1019 1469 1201 1505 Tuditano
1216 1469 1367 1516 collega,

547 1522 670 1559 Marci
676 1522 783 1571 filius

381 1610 433 1642 et
456 1608 667 1641 oratorem
687 1597 888 1655 appellat,
906 1609 950 1639 et
970 1596 1358 1652 suaviloquentiam
1378 1595 1530 1637 tribuit
1550 1612 1561 1638 ε
1592 1610 1689 1651 quae
1715 1605 1833 1639 nune'

389 1657 562 1714 quidem
583 1671 668 1698 non
692 1666 779 1697 tam
807 1665 871 1696 est
900 1656 942 1696 in
975 1654 1203 1711 plerisque.
1222 1654 1379 1695 latrant
1407 1654 1522 1694 enim
1538 1652 1630 1707 jam
1655 1653 1829 1708 quidam

388 1724 595 1766 oratores,
624 1729 710 1756 non
742 1713 991 1769 loquuntur.
1025 1712 1097 1754 sed
1124 1720 1189 1753 est
1218 1725 1269 1753 ea
1301 1711 1392 1753 laus
1424 1710 1681 1767 eloquentiae
1713 1719 1829 1752 certe

386 1773 593 1824 maxima,

750 1865 781 1900 is
797 1864 928 1905 dictus,
946 1862 1029 1898 ollis
1044 1860 1281 1910 popularibus
1298 1861 1397 1900 olim,

545 1916 617 1957 Qui
637 1920 712 1952 tum
731 1916 897 1952 vivebant
917 1915 1088 1957 homines,
1109 1919 1219 1962 atque
1234 1925 1347 1949 aevum
1364 1911 1569 1961 agitabant,

542 1968 624 2004 Flos
638 1969 816 2005 delibatus
830 1968 971 2016 populi.

327 2051 376 2087 59
393 2047 533 2089 Probe
551 2061 667 2088 vero.
718 2047 781 2089 Ut
803 2046 916 2087 enim
939 2043 1128 2085 hominis
1147 2043 1291 2093 decus,
1315 2040 1552 2097 ingenium,
1575 2039 1636 2081 sic
1662 2039 1826 2095 ingenii

389 2106 523 2162 ipsius
549 2103 691 2145 lumen
721 2114 786 2146 est
817 2102 1077 2158 eloquentia,
1107 2115 1193 2156 qua
1222 2100 1360 2141 virum
1393 2097 1676 2139 excellentem
1714 2110 1825 2152 prae-

386 2163 500 2204 clare
522 2172 612 2204 tum
635 2161 694 2203 illi
717 2161 913 2203 homines
933 2159 1080 2200 florem
1100 2157 1248 2214 populi
1262 2170 1353 2197 esse
1374 2156 1578 2197 dixerunt
1592 2151 1830 2206 3—Suadoe-

386 2235 464 2277 que
491 2219 682 2262 medulla.
733 2219 838 2256 Πειθὼ
865 2231 993 2273 quam
1026 2225 1183 2256 vocant
1207 2213 1368 2265 Graeci,
1397 2212 1520 2268 cujus
1553 2210 1734 2252 effector
1763 2219 1830 2253 est

386 2287 547 2329 orator,
569 2277 680 2318 hanc
705 2274 892 2316 Suadam
915 2272 1148 2330 appellavit
1173 2271 1352 2312 Ennius.
1384 2269 1476 2325 ejus
1499 2278 1641 2310 autem
1668 2267 1828 2310 Cethe-

388 2350 492 2392 gum
514 2334 741 2376 medullam
766 2332 898 2373 fuisse
919 2333 1024 2381 vult,
1049 2340 1114 2381 ut,
1133 2343 1261 2385 quam
1284 2328 1404 2369 deam
1437 2329 1480 2368 in
1503 2324 1679 2367 Periclis
1697 2324 1827 2366 labris

388 2393 561 2448 scripsit
594 2390 771 2448 Eupolis
805 2389 1082 2439 sessitavisse‚
1117 2386 1245 2442 hujus
1277 2385 1349 2427 hic
1378 2383 1606 2425 medullam
1631 2390 1827 2424 nostrum

327 2457 600 2492 moratorem
638 2449 768 2489 fuisse
801 2447 974 2488 dixerit.
1034 2445 1095 2486 At
1123 2444 1194 2485 hic
1226 2443 1447 2499 Cethegus
1476 2439 1625 2482 consul
1655 2453 1752 2480 cum
1775 2438 1826 2480 P.

388 2507 605 2548 Tuditano
623 2506 706 2547 fuit
721 2504 830 2546 bello
852 2504 1018 2545 Punico
1041 2502 1228 2543 secundo
1247 2517 1255 2542 :
1288 2508 1562 2555 quaestorque
1585 2496 1650 2538 his
1669 2510 1839 2538 consu-

386 2565 498 2606 libus
533 2563 600 2605 M.
622 2564 748 2613 Cato,
771 2562 900 2603 modo
929 2560 1055 2617 plane
1084 2559 1206 2601 annis
1233 2571 1328 2599 ch
1355 2565 1454 2598 ante
1489 2567 1557 2595 me
1589 2553 1824 2605 consulem,

385 2632 429 2663 ct
446 2622 632 2677 idipsum
657 2621 737 2661 nisi
760 2622 885 2660 unius
903 2628 1014 2659 esset
1033 2616 1161 2658 Ennii
1181 2614 1427 2656 testimonio
1445 2611 1686 2669 cognitum,
1710 2611 1824 2675 hunc

385 2689 591 2730 vetustaS,
610 2688 657 2718 ut
680 2677 784 2718 alios
808 2676 988 2717 fortasse
1012 2675 1182 2725 multos,
1200 2671 1418 2713 oblivione
1440 2669 1669 2712 obruisset.
1703 2666 1822 2709 Illius

383 2746 528 2778 autem
565 2735 705 2776 aetatis
730 2735 802 2789 qui
835 2747 973 2774 sermo
1007 2730 1150 2782 fuerit,
1172 2745 1225 2771 ex
1260 2727 1481 2770 Naevianis
1504 2725 1676 2782 scriptis
1698 2724 1825 2767 intel-

382 2794 460 2851 ligi
480 2802 636 2851 potest.
698 2791 782 2832 His
804 2791 915 2831 enim
940 2788 1202 2838 consulibus,
1223 2794 1271 2827 ut
1293 2785 1335 2826 in
1357 2785 1571 2826 veteribus
1602 2796 1822 2824 commen·
1842 2834 1845 2837 ‘

251 2871 283 2903 ρ.
304 2863 371 2894 170.
385 2851 503 2892 tariis
525 2851 731 2906 scriptum
764 2858 843 2898 est,
866 2847 1044 2889 lxaevius
1066 2855 1130 2886 est
1151 2852 1370 2886 mortuus:
1403 2854 1662 2897 quamquam
1689 2838 1824 2880 Varro'

338 2913 369 2935 ²·
383 2918 528 2950 noster
547 2905 901 2963 diligentissimus
924 2903 1207 2960 investigator
1224 2899 1510 2956 antiquitatis,
1528 2906 1653 2955 putat
1673 2896 1718 2938 in
1738 2895 1821 2939 hoc
1843 2924 1845 2928 ,
