1945 3235
290 148 370 183 5320
873 139 1163 180 ORATOR<

230 262 282 295 44
297 249 369 292 sed
407 245 546 304 qualis
578 245 706 288 nobis
743 259 836 287 esse
868 247 1079 289 videatur.
1138 244 1206 286 Ac
1239 244 1326 286 duo
1363 242 1553 286 breviter
1586 244 1745 300 prima.

295 315 397 349 sunt
416 305 533 346 enim
554 319 643 346 non
665 313 754 346 tam
777 304 966 362 insignia
987 305 1040 346 ad
1059 304 1296 345 maximam
1312 301 1498 353 laudem,
1517 316 1646 358 quam
1667 316 1744 343 ne-

294 363 493 414 cessaria,
515 371 560 404 et
582 372 725 404 tamen
748 376 847 404 cum
871 363 1016 404 multis
1040 375 1164 419 pcene
1195 360 1458 402 communia.
1490 374 1592 401 nam
1612 369 1656 405 et
1677 359 1746 400 in-

294 422 458 474 venire,
479 428 524 462 et
537 420 751 476 judicare,
779 420 884 476 quid
907 421 1038 471 dicas,
1062 434 1222 476 magna
1250 418 1323 459 illa
1354 417 1531 474 quidem
1556 425 1671 469 sunt,
1700 423 1748 458 et

295 490 502 536 tanquam
519 478 652 519 animi
667 478 802 519 instar
818 477 862 518 in
878 492 1078 535 corpore:
1113 478 1186 519 sed
1204 476 1378 533 propria
1401 475 1541 532 magis
1559 475 1750 531 pruden-

296 538 386 590 tias,
409 551 540 593 quam
560 536 846 591 eloquentiae:
871 537 911 566 32
920 551 1006 591 qua
1027 543 1171 577 tamen
1191 535 1235 576 in
1257 549 1386 576 causa
1400 542 1467 575 est
1486 547 1625 575 vacua
1646 545 1749 588 pru-

297 596 470 638 dentia?
493 593 678 636 Noverit
690 593 826 649 igitur
839 592 911 633 hic
924 593 1098 649 quidem
1112 601 1272 644 orator,
1282 607 1411 648 quem
1426 604 1642 633 summum
1655 603 1749 631 esse

233 667 284 701 45
299 653 513 702 volumus,
527 661 883 708 argumentorum
903 662 946 691 et
963 652 1179 692 rationum
1203 650 1335 692 locos.
1389 649 1505 691 Nam
1525 648 1750 704 quoniam,

298 709 509 768 quidquid
531 719 611 759 est,
633 708 750 764 quod
774 708 818 750 in
839 708 1150 759 controversia,
1181 717 1256 749 aut
1276 708 1322 749 in
1351 706 1634 749 contentione
1655 719 1752 747 ver-
1810 710 1819 716 ’

298 778 429 820 setur,
450 767 494 808 in
517 782 585 818 eo,
608 776 683 807 aut
704 767 830 817 sitne,
852 775 928 808 aut
953 766 1056 822 quid
1081 766 1151 817 sit,
1168 775 1258 807 ‘aut
1279 765 1404 821 quale
1426 765 1496 817 sit,
1518 763 1751 821 quaeritur:

298 828 426 877 sitne,
446 825 607 882 signis;
638 824 744 880 quid
764 825 834 876 sit,
850 823 1179 866 definitionibus
1196 840 1206 875 ;
1238 822 1363 879 quale
1381 822 1452 875 sit,
1473 825 1514 854 33
1527 821 1635 865 recti
1653 835 1753 878 pra-

297 885 428 940 vique
450 883 669 939 partibus:
702 883 861 938 quibus
885 892 932 924 ut
950 882 1012 923 uti
1038 881 1176 939 possit
1197 890 1357 932 orator,
1380 895 1467 922 non
1501 879 1571 922 ille
1601 879 1754 937 vulga-

297 942 371 993 ris,
395 943 469 982 sed
509 941 582 982 hic
622 940 853 992 excellens,
882 956 908 981 a
936 940 1124 997 propriis
1159 939 1354 995 personis
1394 946 1439 979 et
1480 937 1752 994 temporibus

299 1014 484 1056 semper,
521 999 555 1039 si
596 1006 754 1055 potest,
788 1006 944 1040 avocat
986 996 1343 1039 controversiam.
1376 996 1505 1037 latius
1541 995 1657 1036 enim
1698 995 1754 1036 de

301 1072 472 1114 genere,
495 1071 626 1113 quam
643 1057 696 1098 de
714 1064 837 1113 parte
856 1057 1097 1112 disceptare
1121 1056 1244 1097 licet:
1277 1064 1339 1105 ut,
1353 1054 1470 1110 quod
1490 1054 1535 1094 in
1553 1052 1753 1094 universo

236 1128 287 1164 46
301 1117 359 1157 sit
378 1117 627 1172 probatum,
650 1115 694 1156 id
717 1116 760 1155 in
785 1124 908 1171 parte
938 1115 994 1155 sit
1028 1113 1201 1170 probari
1230 1126 1420 1155 necesse.
1482 1110 1596 1153 Haec
1618 1110 1755 1166 igitur

298 1174 487 1230 quaestio
509 1188 534 1214 a
556 1172 743 1229 propriis
766 1172 959 1228 personis
975 1182 1020 1213 et
1041 1170 1326 1228 temporibus,
1339 1170 1393 1212 ad
1412 1168 1601 1211 universi
1625 1182 1757 1225 gene-

299 1233 357 1273 ris
379 1232 622 1273 orationem
645 1231 859 1283 traducta,
882 1230 1124 1288 appeliatur
1146 1228 1279 1270 thesis.
1341 1227 1402 1272 In.
1425 1228 1509 1270 hac
1539 1225 1757 1268 Aristote-

299 1290 359 1331 les
402 1290 712 1340 adolescentes,
754 1303 844 1331 non
882 1289 937 1331 ad
977 1286 1338 1345 philosophorum
1370 1299 1536 1328 morem
1569 1284 1758 1328 tenuiter

301 1348 554 1398 disserendi,
576 1348 650 1388 sed
683 1347 737 1388 ad
770 1347 943 1404 copiam
977 1347 1215 1396 rhetorum,
1239 1345 1284 1387 in
1314 1352 1543 1400 utramque
1573 1351 1759 1400 partem,

302 1408 345 1436 34
359 1416 409 1446 ut
430 1405 624 1447 ornatius
653 1414 697 1446 et
717 1406 894 1446 uberius
923 1405 1011 1447 dici
1035 1413 1195 1461 posset,
1218 1403 1439 1444 exercuit:
1472 1402 1674 1457 idemque
1694 1400 1761 1442 lo-

269 1508 289 1519 u
305 1478 378 1504 cos
401 1463 483 1517 (sic
512 1464 629 1504 enim
652 1463 859 1519 appellat)
881 1463 1004 1518 quasi
1027 1469 1385 1518 argumentorum
1415 1468 1542 1500 notas
1564 1458 1761 1510 tradidit,

222 1510 291 1558 10
307 1521 419 1562 unde
441 1522 582 1562 omnis
604 1521 647 1561 in
678 1531 906 1576 utramque
936 1529 1104 1577 partem
1134 1519 1377 1560 traheretur
1397 1517 1553 1559 oratio.
1615 1516 1763 1558 Facile

239 1579 440 1635 47igitur
464 1578 537 1619 hic
559 1587 719 1630 noster,
739 1583 850 1632 (non
873 1579 989 1619 enim
1011 1577 1346 1619 declamatorem
1365 1575 1554 1632 aliquem
1569 1574 1623 1616 de
1640 1573 1762 1626 ludo,

303 1645 379 1678 aut
412 1635 607 1678 rabulam
640 1636 694 1677 de
727 1635 839 1687 foro,
874 1637 947 1678 sed
983 1635 1286 1677 doctissimum
1318 1641 1363 1675 et
1392 1631 1762 1691 perfectissimum

304 1695 576 1750 quaerimus,)
597 1694 805 1750 quoniam
828 1694 913 1735 loci
936 1695 1043 1736 certi
1077 1693 1322 1744 traduntur,
1346 1699 1568 1748 percurret
1594 1704 1776 1742 omnes,

303 1755 344 1783 3⁵
358 1761 505 1794 utetur
539 1753 668 1808 aptis,
705 1752 946 1809 generatim
980 1752 1122 1793 dicet:
1165 1765 1220 1792 ex
1254 1764 1341 1806 quo
1371 1758 1578 1791 emanant
1613 1748 1763 1800 etiam,

305 1811 380 1865 qui
403 1824 657 1852 communes
681 1810 955 1867 appellantur
984 1809 1084 1851 loci.
1106 1823 1188 1850 nec
1223 1823 1323 1850 vero
1346 1816 1492 1849 utetur
1514 1806 1764 1863 impruden-

308 1878 374 1909 ter
397 1868 479 1910 hac
495 1868 639 1925 copia,
663 1868 737 1909 sed
756 1868 905 1910 omnia
921 1867 1142 1925 expendet
1159 1875 1203 1907 et
1220 1865 1388 1923 seliget.
1405 1880 1492 1907 non
1511 1864 1628 1906 enim
1652 1879 1765 1906 sem-

308 1941 398 1983 per,
411 1941 493 1968 nec
515 1926 559 1967 in
582 1927 787 1968 omnibus
806 1926 962 1977 causis,
984 1941 1039 1967 ex
1063 1925 1215 1967 iisdem
1236 1925 1386 1966 eadem
1409 1931 1767 1980 argumentorum

245 1988 295 2022 48
310 1993 531 2026 momenta
561 1994 676 2026 sunt-
736 1984 959 2027 Judicium
995 1983 1131 2039 igitur
1162 1981 1415 2024 adhibebit:
1461 1996 1541 2023 nec
1574 1980 1768 2022 inveniet

261 2051 294 2082 b.
311 2043 448 2084 solum
464 2042 568 2099 quid
586 2042 719 2094 dicat,
734 2042 805 2083 sed
817 2042 949 2083 etiam
962 2040 1196 2097 expendet.
1230 2039 1355 2082 Nihil
1370 2039 1486 2080 enim
1502 2047 1567 2080 est
1581 2037 1767 2080 feracius

308 2100 512 2157 ingeniis,
535 2100 587 2142 iis
621 2100 879 2157 praesertim,
906 2115 1005 2156 quae
1028 2098 1270 2155 disciplinis
1302 2097 1479 2138 exculta
1506 2105 1621 2138 sunt.
1681 2095 1768 2138 Sed

308 2168 356 2200 ut
391 2168 558 2216 segetes
592 2157 816 2200 foecundae
853 2166 898 2198 et
926 2158 1094 2209 uberes,
1130 2171 1219 2198 non
1250 2155 1390 2197 solum
1422 2154 1585 2212 frugeS‚
1617 2167 1768 2196 verum

350 2324 392 2354 32
414 2332 480 2363 qua
502 2327 615 2353 tamen
635 2322 673 2353 in
686 2320 803 2361 causa]
827 2320 955 2352 Locum
972 2320 1019 2351 vi-

308 2366 433 2396 tiosum
448 2374 529 2403 esse,
545 2365 699 2396 viderunt
713 2374 839 2395 omnes.
884 2363 925 2394 ln
941 2373 1019 2394 con-

304 2409 445 2448 jecturis
465 2408 613 2438 virorum
637 2407 810 2438 doctorum
827 2407 955 2447 optima
969 2411 1019 2437 est

310 2450 397 2482 Phil.
420 2451 669 2482 Melantbonis:
695 2460 766 2490 quoe
779 2455 891 2481 tamen
906 2459 971 2489 qua
989 2450 1023 2478 in

310 2502 424 2524 causa.
455 2493 507 2524 Fr.
524 2493 651 2534 Gryph.
674 2493 755 2534 „Qua
770 2493 907 2523 enimin
921 2501 1023 2522 causa

310 2546 337 2566 e.
354 2546 382 2565 ιν.
394 2545 449 2577 pr.

354 2580 394 2608 33
420 2580 499 2608 rcclc'
519 2579 685 2617 pravique
707 2577 880 2618 partibus]
919 2577 1023 2607 Deest

310 2620 462 2657 verbum,
490 2625 541 2657 ut,
579 2621 729 2657 docetur,
761 2619 1021 2657 demonstratur,

313 2664 537 2702 cognoscitur,
554 2664 611 2693 &cn

356 2707 397 2736 34
420 2706 567 2736 ut-diez'
577 2710 696 2745 posset,
719 2705 881 2744 exercuit]
910 2704 1024 2735 Posset

315 2748 464 2779 dedimus
487 2758 547 2788 pro
556 2749 670 2787 poss-it,
694 2747 782 2786 quod
805 2753 931 2778 ret-tum
955 2757 1024 2777 esse

316 2800 382 2822 non
401 2796 521 2830 potest.
549 2790 603 2821 Sic
614 2791 790 2831 reperimus
804 2791 905 2821 etiarn
924 2790 958 2820 in
971 2791 1021 2820 ed.

316 2833 441 2874 Gryph.

358 2878 399 2907 35
421 2879 535 2905 vtetur
549 2876 647 2916 aptis,
661 2876 849 2913 generatim
864 2875 948 2905 dieet
958 2886 967 2902 :
983 2884 1024 2904 en:

317 2929 378 2958 quo
393 2922 551 2950 emanant
574 2918 691 2959 etiam]
717 2918 865 2950 Primum
880 2928 898 2950 e
920 2917 1021 2948 Codd.

1062 2329 1124 2351 scr.
1141 2320 1290 2350 dedimus
1313 2319 1396 2350 dicet
1420 2329 1479 2359 pro
1494 2318 1606 2355 discet,
1620 2317 1707 2357 quod
1719 2317 1770 2348 ni-

1061 2362 1119 2393 hili
1144 2368 1194 2393 est
1215 2362 1248 2393 h.
1271 2362 1294 2394 l.
1319 2366 1453 2392 mutata
1472 2362 1574 2392 etiarn
1598 2360 1773 2400 interpun-

1062 2406 1191 2443 ctione3
1215 2410 1253 2435 ut
1268 2411 1317 2435 est
1328 2411 1361 2435 et
1376 2405 1408 2434 in
1422 2404 1472 2435 ed.
1494 2404 1578 2434 Ven.
1602 2403 1691 2442 Lips.
1707 2403 1770 2434 nisi

1066 2448 1154 2487 qnod
1169 2454 1208 2478 ut
1223 2448 1287 2478 ΜΞ.
1305 2448 1343 2478 V.
1359 2448 1449 2478 dicat
1463 2446 1563 2476 habet
1577 2450 1615 2476 ut
1637 2449 1772 2483 ulatur,

1060 2495 1251 2531 percurrat.
1267 2490 1383 2521 deinde
1398 2492 1557 2520 emanant
1565 2499 1604 2519 ex
1619 2487 1671 2518 ed.
1684 2487 1770 2519 Ven.

1067 2533 1156 2564 Med.
1172 2533 1245 2563 Ald.
1258 2534 1354 2564 Junt.
1369 2541 1427 2572 pro
1439 2529 1703 2569 emmzent,quod
1713 2539 1773 2562 na-

1066 2581 1140 2606 tum
1162 2580 1225 2612 est,
1249 2576 1329 2606 dum
1352 2574 1475 2605 librarii
1498 2573 1773 2604 terminationem

1066 2618 1286 2659 superioribus
1309 2617 1450 2647 similem
1479 2615 1611 2646 reddere
1636 2615 1772 2647 vellent.

1067 2661 1186 2691 Sensus
1209 2666 1278 2691 est:
1311 2659 1434 2699 deliget
1457 2667 1650 2689 communes
1669 2658 1774 2696 locos,

1067 2704 1121 2743 qui
1143 2713 1250 2734 causae
1268 2703 1393 2743 optime
1417 2702 1634 2739 conveniaut3
1658 2709 1728 2732 rem
1753 2710 1775 2732 a.

1068 2746 1208 2786 singulis
1221 2745 1368 2786 personis
1381 2749 1416 2775 et
1437 2744 1643 2784 temporibus
1656 2753 1773 2774 avoca-

1067 2789 1117 2819 bit
1129 2789 1167 2819 ad
1179 2798 1282 2827 genus
1295 2788 1485 2818 universum
1497 2798 1504 2816 :
1528 2789 1563 2816 et
1575 2796 1615 2817 ex
1627 2785 1692 2817 hoe
1703 2786 1774 2826 ipso

1067 2832 1208 2872 reperiet
1231 2829 1520 2871 opportunitatem
1542 2828 1634 2861 locos
1651 2836 1776 2860 eomm-

1067 2873 1235 2915 quaerendi
1248 2878 1283 2905 et
1297 2871 1499 2905 inveniendi.
