1945 3235
332 86 383 128 ss
817 80 897 119 AD
929 57 1306 119 ΗΕΒΕΝΝΙΗΜ

338 185 479 226 facere
513 184 678 234 dicunt,
715 194 942 241 propterea
978 184 1094 240 quod
1127 184 1323 226 videatur
1357 198 1448 225 esse
1489 186 1777 230 &ostentatio

340 242 556 296 mundam,
578 256 665 283 non
689 242 791 283 satis
816 242 987 293 habere,
1010 242 1245 299 praecipere
1267 242 1320 283 de
1341 240 1542 293 artifieio,
1564 244 1637 286 sed
1659 245 1777 301 ipsos

343 299 475 340 ctiam
495 299 628 340 videri
658 299 764 340 velle
785 300 1017 340 artificiose
1048 299 1227 355 gignere
1248 298 1472 355 exempla:
1504 298 1589 341 hoc
1609 310 1689 353 est,
1711 301 1778 343 in-

306 357 515 412 ssqniunt,
547 367 763 397 ostentare
795 372 853 407 se,
876 371 960 398 non
996 356 1221 397 ostendere
1254 365 1404 398 artem.
1466 355 1613 402 Quare
1638 359 1779 414 pudor

346 414 387 455 in
420 414 569 470 primis
599 424 663 454 cst
696 413 747 455 ad
781 428 876 454 cam
906 428 994 455 rem
1018 413 1345 470 impedimento,
1366 428 1420 454 ne
1442 428 1520 454 nos
1543 414 1656 456 solos
1678 430 1779 472 pro-

344 471 460 521 bare,
495 485 572 511 nos
606 486 763 519 amare,
798 471 902 512 alios
933 480 1209 512 contemnere
1242 480 1286 512 et
1318 471 1510 512 deridere
1541 471 1779 515 videamur.

345 527 516 569 Etenim
549 542 647 568 cum
691 529 902 583 possimus
929 529 983 569 ab
1019 527 1160 569 Ennio
1191 537 1380 570 sumtum
1411 538 1486 569 aut
1516 543 1541 569 a
1575 528 1780 572 Graccho

342 600 502 642 ponere
521 586 784 641 exemplum,
811 586 846 616 16
861 585 1030 626 videtur
1049 599 1140 626 esse
1157 586 1419 642 arrogantia,
1434 585 1505 627 illa
1523 585 1779 642 relinquere,

340 654 383 684 et
403 644 454 684 ad
476 658 551 683 sna
565 642 779 683 devenire.
818 642 1034 684 Praeterca
1050 643 1250 699 exempla
1269 643 1617 685 testimoniorum
1635 643 1779 686 locum

341 701 555 741 obtinent.
627 699 677 741 ld
707 699 838 751 enim,
876 700 992 756 quod
1035 700 1321 752 admonuerit,
1363 709 1407 741 et
1446 701 1598 742 leviter
1629 700 1782 744 fecerit

341 757 595 814 praeceptiO,
622 758 838 812 exemplo,
862 757 973 798 sicut
1004 757 1269 809 testimonio,
1291 759 1616 814 comprobatur.
1676 758 1781 802 Non

343 816 476 869 igitur
499 814 703 855 ridiculus
726 815 796 866 sit,
817 815 850 855 si
873 815 968 870 quis
991 815 1035 856 in
1057 814 1147 865 lite,
1166 825 1241 856 aut
1259 815 1505 870 injudicio,
1527 819 1562 851 17
1574 815 1782 860 domesti-

343 874 404 913 cis
428 872 686 914 testimoniis
718 881 899 928 pugnet,
933 873 997 926 [et
1030 871 1093 912 sui
1125 872 1259 928 ipsius
1292 874 1496 914 abutatur
1529 873 1781 930 exemplo]?

343 929 405 971 Ijt
446 929 562 977 enim
609 928 922 979 testimonium,
965 928 1026 969 sic
1065 929 1328 986 exemplum,
1366 930 1427 971 rei
1469 930 1779 974 confirmandae

342 1002 472 1028 cansa
493 986 690 1027 sumitur.
753 986 855 1028 Non
878 1000 982 1041 ergo
1005 995 1178 1042 oportet
1197 987 1295 1037 hoc,
1316 986 1399 1028 nisi
1427 1003 1452 1028 a
1472 987 1780 1044 probatissimo

342 1045 468 1095 sumi,
492 1058 558 1094 ne,
583 1043 699 1100 quod
731 1043 845 1086 aliud
879 1043 1135 1084 confirmare
1164 1043 1333 1094 debeat,
1355 1053 1483 1100 egeat
1514 1045 1655 1101 ipsum
1677 1060 1782 1088 con-

344 1101 614 1143 firmationis.
657 1100 830 1143 Etenim
845 1115 1017 1142 necesse
1035 1109 1100 1142 est
1118 1109 1193 1141 aut
1211 1116 1255 1143 se
1278 1102 1480 1142 omnibus
1499 1111 1780 1159 anteponant,

342 1170 387 1200 et
410 1174 485 1200 sua
507 1159 697 1200 maxime
720 1159 921 1219 probent,
945 1166 1019 1199 aut
1051 1168 1212 1214 negent
1246 1158 1413 1215 optima
1445 1173 1536 1201 esse
1565 1160 1782 1225 exempla,

341 1231 440 1271 quae
475 1231 499 1257 a
529 1216 843 1272 probatissimis
885 1215 1144 1266 oratoribus,
1175 1225 1249 1257 aut
1280 1216 1423 1273 po'etis
1457 1219 1494 1249 18
1508 1226 1651 1259 sumta
1679 1226 1782 1260 smt.

344 1274 389 1314 Si
422 1288 465 1315 se
496 1275 697 1315 omnibns
720 1282 1000 1331 anteponant,
1030 1273 1290 1315 intolerabili
1324 1274 1572 1331 arrogantia
1600 1283 1723 1318 sunt:
1747 1275 1783 1317 si

342 1346 450 1387 quos
473 1331 554 1372 sibi
578 1341 849 1388 praeponant,
872 1340 915 1372 et
943 1345 1091 1371 eorum
1114 1331 1315 1388 exempla
1336 1331 1422 1372 suis
1455 1332 1668 1389 exemplis
1694 1347 1783 1376 non

345 1398 498 1444 putent
521 1399 740 1445 praestare,
772 1404 858 1430 non
891 1397 1071 1445 possunt
1097 1388 1254 1440 dicere,
1277 1403 1409 1444 quare
1439 1389 1522 1431 sibi
1545 1389 1640 1431 illos
1662 1398 1784 1432 ante-

297 1446 326 1491 2
347 1456 525 1502 ponant.
588 1447 706 1494 Quid
739 1447 873 1501 igitur
905 1447 999 1502 ipsa
1028 1445 1262 1487 auctoritas
1293 1446 1599 1502 antiquorum?
1634 1450 1783 1489 ¹9na1n

344 1519 442 1544 cum
468 1518 531 1545 res
555 1499 880 1561 probabili-ores,
904 1513 997 1544 tum
1029 1503 1255 1545 hominum
1284 1504 1426 1544 studia
1447 1504 1501 1545 ad
1523 1503 1784 1546 imitandum

345 1562 551 1602 alacriora
573 1560 738 1603 reddit:
772 1562 906 1602 immo
929 1561 1058 1617 erigit
1088 1560 1282 1602 omnium
1305 1560 1581 1618 cupiditates,
1604 1569 1650 1602 et
1667 1562 1787 1604 acuit

347 1618 619 1671 industriam,
642 1634 742 1660 cum
766 1633 861 1675 spes
893 1618 1056 1673 injecta
1077 1626 1157 1669 est,
1181 1632 1305 1675 posse
1324 1618 1551 1670 imitando,
1574 1618 1784 1672 Gracchi,

305 1676 420 1716 3ant
440 1675 584 1718 Crassi
616 1676 822 1732 consequi
848 1676 1113 1717 facultatem.
1184 1675 1411 1717 Postremo
1442 1675 1526 1717 hoc
1548 1676 1692 1733 ipsum
1720 1686 1787 1718 est

344 1749 559 1774 summum
584 1734 832 1785 artificium,
855 1748 919 1775 res
939 1734 1077 1774 varias
1110 1743 1153 1774 et
1179 1733 1370 1789 dispares
1401 1733 1444 1774 in
1475 1741 1543 1774 tot
1570 1733 1786 1790 poemati-

343 1792 422 1832 bus
445 1801 489 1831 et
511 1792 780 1833 orationibus
803 1805 983 1848 sparsas,
1006 1800 1050 1831 et
1072 1805 1182 1847 vage
1213 1790 1432 1846 disjectas,
1466 1791 1528 1832 ita
1557 1790 1788 1848 diligenter

340 1848 514 1904 eligere,
538 1858 586 1890 ut
620 1849 959 1904 unumquodque
991 1863 1127 1905 genus
1159 1847 1459 1904 exemplorum
1490 1848 1570 1890 sub
1593 1848 1787 1906 singulos

340 1907 442 1946 artis
478 1906 594 1947 locos
628 1906 843 1962 subjicere
873 1905 1028 1962 possis.
1099 1905 1201 1948 Hoc
1235 1904 1269 1946 si
1294 1904 1507 1947 industria
1532 1905 1671 1947 solum
1692 1906 1786 1948 fieri

337 1974 500 2021 posset,
531 1972 676 2005 tamen
706 1978 895 2015 essemus
930 1963 1150 2017 laudandi,
1181 1977 1282 2005 eum
1315 1962 1445 2005 talem
1475 1963 1667 2006 laborem
1697 1978 1787 2007 non

1542 2032 1552 2052 i

382 2112 419 2142 15
448 2111 628 2143 Ostentatio
639 2111 813 2151 quaedam.]
829 2111 932 2142 AMs.
946 2111 1038 2142 Cort.
1081 2111 1202 2143 durum
1213 2112 1256 2142 sit
1269 2111 1302 2142 in
1316 2110 1444 2142 meliori
1456 2110 1611 2142 lectione.
1643 2110 1734 2142 Nam
1747 2111 1788 2143 de

336 2153 428 2183 abest
441 2154 612 2193 quoedam:
636 2154 732 2191 bene,
745 2158 785 2184 ut
798 2154 925 2195 opinor.
1080 2155 1271 2185 testimonio
1286 2158 1420 2186 tantum
1435 2163 1543 2186 sermo
1564 2158 1627 2192 est,
1646 2163 1715 2185 non
1733 2165 1787 2185 ex·
1841 2176 1843 2178 -

383 2195 419 2226 16
445 2195 585 2226 Videtur
621 2206 686 2226 esse
711 2196 936 2236 arrogantia]
976 2195 1036 2226 Est
1078 2197 1200 2236 emplo.

333 2237 462 2274 endem,
491 2248 564 2278 quae
586 2242 664 2269 ante
691 2239 814 2270 forma:
844 2239 900 2268 sed
922 2243 1035 2269 tamen
1126 2241 1161 2269 18
1178 2239 1300 2271 Sumta
1314 2237 1404 2276 sina]
1431 2238 1484 2269 Sic
1499 2238 1580 2270 Mss.
1595 2247 1662 2270 non
1677 2238 1788 2280 pauci,

336 2280 540 2319 praetulerim
555 2281 732 2312 lectionem
748 2281 813 2311 Ms.
836 2281 925 2321 Lips.
948 2291 1040 2311 arro·
1083 2285 1117 2311 et
1129 2281 1201 2312 edd.
1216 2292 1265 2322 pr.
1281 2290 1405 2312 omneS.
1448 2281 1550 2312 Aldus
1573 2281 1699 2322 primus
1720 2280 1788 2312 edi-

332 2323 472 2360 gantiae,
490 2333 588 2363 quam
605 2328 639 2353 et
655 2324 689 2354 in
715 2324 822 2353 tribrts
839 2323 959 2363 reperit
973 2323 1041 2353 Ou-
1084 2323 1133 2353 dit
1148 2324 1322 2364 vulgatum
1341 2328 1428 2355 sunt.
1473 2323 1587 2354 Etiam
1601 2323 1637 2354 in
1651 2333 1789 2363 sequen-

335 2365 432 2395 dend.
448 2370 482 2395 et
498 2365 648 2405 pluribus
661 2366 768 2396 Graev.
805 2366 875 2396 Nec
891 2365 1042 2406 displicet
1084 2366 1185 2404 tibus,
1201 2371 1259 2397 aut
1274 2366 1472 2405 arrogantia
1485 2367 1564 2403 sint,
1582 2370 1629 2403 et,
1645 2375 1791 2406 nonpos-

335 2406 482 2446 ejusdem
511 2407 585 2437 libri
607 2408 707 2439 lectio
730 2408 843 2449 paullo
858 2413 951 2451 post:
976 2407 1042 2439 Et·-
1084 2409 1150 2439 sint
1166 2409 1282 2445 dicere,
1298 2408 1504 2439 scribendum
1521 2412 1615 2448 puto,
1638 2411 1697 2438 aut
1711 2417 1791 2438 con-

335 2450 424 2478 enim
439 2460 498 2490 pro
514 2450 550 2479 ιἰἰ
562 2451 660 2481 enim.
924 2456 925 2459 ’
1079 2450 1249 2490 junctivos
1259 2452 1291 2482 in
1305 2450 1499 2482 indicativus
1512 2449 1688 2481 mutandos
1697 2454 1791 2481 ante-

384 2494 419 2524 17
458 2492 654 2523 Domestivis
693 2492 883 2524 testimoniis
914 2496 1043 2532 pugnet
1079 2498 1221 2533 ponunt,
1242 2497 1448 2534 proepouunt.
1505 2492 1551 2522 Et
1578 2493 1709 2523 variant
1735 2492 1791 2523 hic

333 2533 410 2572 ena]
436 2534 516 2564 Mss.
531 2538 565 2564 et
578 2534 649 2565 edd.
664 2536 774 2575 plures
786 2536 848 2566 hoc
861 2535 971 2567 solum
985 2535 1043 2566 ha·
1086 2535 1182 2566 libri:
1220 2535 1276 2566 sed
1305 2536 1416 2567 nullus
1451 2537 1645 2566 constanter
1675 2538 1790 2571 totum

333 2572 415 2605 berit
431 2576 558 2606 omissis
582 2578 712 2614 ceteris,
728 2582 759 2607 et
783 2579 835 2608 sui
849 2579 950 2618 ipsius·
964 2578 1044 2608 abu-
1089 2582 1176 2608 reete
1192 2578 1335 2609 exhibet.

335 2621 430 2648 latter
443 2620 606 2658 exemplo:
630 2619 685 2650 alii
713 2620 800 2658 libri,
816 2624 854 2650 ut
871 2621 959 2661 Lips.
987 2626 1039 2650 to-
1132 2623 1168 2654 19
1197 2621 1293 2650 Nam
1314 2629 1390 2651 cum
1411 2630 1464 2650 res
1483 2619 1592 2661 prob.]
1625 2618 1715 2659 Quid
1736 2617 1792 2649 hie

333 2663 407 2690 tum
423 2660 467 2690 sic
482 2660 622 2690 habent:
654 2662 822 2692 domestico
840 2667 969 2703 pugnet
989 2663 1045 2693 sui.
1083 2662 1127 2692 sit
1138 2672 1230 2700 uani,
1246 2672 1344 2693 nemo
1367 2666 1466 2702 queat
1480 2663 1597 2693 dicere.
1621 2671 1682 2692 nee
1699 2660 1791 2692 enim

332 2702 436 2741 ipsius
471 2704 651 2734 testimonio
679 2708 709 2734 ec
746 2705 924 2735 abutatur.-
959 2706 1047 2744 quod
1090 2705 1175 2735 ratio
1197 2705 1373 2745 superioris
1396 2704 1554 2735 redditur.
1599 2704 1791 2744 Suspicatus

331 2745 433 2774 etiam
450 2745 552 2784 magis
568 2745 686 2785 placet.
721 2746 818 2776 Certe
832 2747 953 2778 ultima
966 2752 1047 2778 sunt
1087 2756 1162 2777 snm
1175 2747 1383 2779 scribendum
1405 2756 1483 2779 esse:
1508 2756 1584 2786 non,
1599 2744 1791 2777 mm-ss’d-

332 2787 445 2825 spuria
459 2791 492 2818 et
516 2787 642 2818 aliena:
669 2789 780 2827 itaque
804 2789 896 2819 uncis
914 2789 1045 2827 inclusi,
1089 2790 1165 2821 du?
1753 2806 1757 2809 -
1787 2790 1791 2794 ”

331 2830 518 2868 praesertim
543 2840 621 2861 cum
649 2831 752 2861 ctiam
781 2830 863 2862 illud
878 2833 1046 2873 >abutatur
