1945 3235
348 144 421 179 112
824 138 902 177 AD
934 135 1306 176 HERENNIUM

351 244 477 294 bere3
510 240 611 294 Iste,
636 241 815 297 inquies,
834 241 1020 298 judices,
1042 242 1130 298 qui,
1153 256 1196 282 se
1214 241 1299 283 dici
1322 238 1513 294 divitem,
1535 248 1658 305 putat
1675 252 1771 284 esse

349 301 617 356 praeclannn,
642 299 824 356 primum
864 314 976 340 nunc
999 299 1155 348 ridete,
1177 312 1263 353 quo
1287 297 1404 338 vultu
1438 312 1514 338 nos
1536 308 1764 341 intueatur.

347 372 491 399 nonne
514 358 634 398 vobis
656 357 820 397 videtur
845 356 1006 396 dicere:
1038 358 1077 386 34
1090 354 1264 405 Darem,
1287 355 1319 395 si
1344 354 1448 395 milii
1481 354 1648 397 molesti
1678 370 1766 397 non

347 415 523 456 essetis?
554 429 651 455 cum
688 429 786 454 vero
819 413 988 453 sinistra
1018 420 1209 452 mentum
1242 411 1443 452 sublevat.
1475 411 1694 454 existimat
1722 426 1766 454 se

347 486 531 528 gcmmae
565 472 702 512 nitore
725 480 765 511 et
790 470 880 510 auri
911 468 1134 524 splendore
1165 477 1360 523 aspectus
1393 469 1585 510 omnium
1608 471 1768 526 35prae-

350 529 576 586 stringere.
648 528 758 569 Cum
784 541 960 582 puerum
995 524 1167 580 respicit
1198 525 1311 565 hunc
1343 540 1489 576 unum,
1522 539 1649 581 quem
1684 540 1766 582 ego

348 586 464 637 novi,
500 591 595 638 (vos
635 599 719 626 non
762 583 945 624 arbitror
986 583 1187 633 novisse)
1231 582 1313 622 alio
1356 583 1527 623 nomine
1565 583 1766 638 appellat,

348 643 502 684 deinde
534 642 617 682 alio
649 651 775 696 atque
806 640 914 681 alio:
958 638 1079 680 Heus
1107 650 1168 689 tu,
1200 639 1353 694 inquit,
1389 639 1482 680 veni
1518 639 1694 691 Sannio,
1712 654 1766 681 ne

346 701 450 755 quid
473 699 593 739 ³6isti
622 698 787 739 barbari
822 697 1018 737 turbent:
1052 706 1097 736 ut
1123 697 1274 752 ignoti,
1305 696 1377 751 qui
1408 697 1601 748 audiunt,
1632 711 1766 738 unum

348 766 502 813 putent
524 756 623 811 eligi
657 756 708 796 de
732 754 896 795 inultis:
929 754 967 794 ci
1000 753 1105 793 dicit
1128 754 1169 794 in
1199 767 1358 804 aurem,
1381 762 1455 794 aut
1479 762 1527 794 ut
1558 753 1675 795 domi
1706 753 1766 795 le-

347 814 451 855 ctuli
477 822 732 863 sternantur,
763 821 837 852 aut
871 811 924 851 ab
945 810 1157 851 avunculo
1184 820 1357 866 rogetur
1380 809 1598 868 AEtliiops,
1621 811 1692 867 qui
1712 810 1766 852 ad

349 870 520 911 balneas
543 870 699 919 veniat,
719 879 792 909 aut
813 868 1028 909 asturconi
1049 867 1166 908 locus
1187 878 1284 908 ante
1306 867 1463 908 ostium
1486 881 1608 909 suum
1627 868 1765 920 detur,

345 930 383 961 37
398 936 471 967 aut
489 927 661 982 aliquod
692 925 842 981 fragile
873 924 989 964 falsae
1016 924 1269 979 choragium
1300 924 1448 980 gloriae
1471 934 1757 981 comparetur.

347 982 516 1025 Deinde
539 983 765 1034 exclamat,
790 991 835 1022 ut
858 995 1004 1021 omnes
1031 981 1232 1022 audiant:
1265 980 1437 1033 Videto‚
1471 991 1518 1023 ut
1539 981 1767 1038 diligenter

344 1051 602 1092 numeretur,
636 1041 669 1081 si
704 1048 859 1096 potest,
892 1049 991 1078 ante
1024 1047 1211 1078 noctem.
1281 1036 1406 1088 Puer,
1437 1038 1510 1093 qui
1534 1039 1628 1094 jam
1659 1040 1767 1080 bene

344 1097 532 1140 hominis
564 1107 758 1138 naturam
793 1095 928 1145 novit,
959 1094 1024 1135 Tu
1058 1094 1127 1135 illo
1159 1094 1298 1150 plures
1328 1094 1474 1135 mittas
1497 1104 1684 1151 oportet,
1702 1096 1766 1137 in-

345 1156 453 1210 quit,
478 1155 511 1196 si
547 1155 674 1197 hodie
705 1155 766 1194 vis
797 1152 1144 1194 transnumerari.
1203 1151 1314 1207 Age,
1337 1151 1491 1206 inquit,
1513 1154 1596 1193 due
1624 1162 1766 1194 tecum

347 1212 557 1254 Libanum
581 1222 624 1253 et
644 1211 824 1253 Sosiam.
886 1210 1012 1250 Saue.
1063 1207 1232 1250 Deinde
1255 1223 1355 1250 casu
1379 1209 1559 1249 veniunt
1576 1208 1767 1266 hospites

344 1269 528 1321 homini,
557 1270 629 1324 qui
662 1270 788 1309 istum
821 1266 1054 1323 splendide,
1089 1266 1192 1306 dum
1222 1266 1578 1321 peregrinaretur,
1600 1268 1768 1308 33rece-

345 1336 509 1383 perant.
532 1342 585 1367 ex
609 1341 658 1367 ea
679 1341 722 1366 re
745 1325 875 1366 homo
903 1323 1043 1364 hercle
1065 1337 1165 1363 saue
1188 1324 1494 1364 conturbatur:
1528 1322 1600 1364 sed
1624 1331 1767 1366 tamen

343 1400 368 1425 a
410 1385 514 1425 vitio
553 1395 715 1424 naturae
755 1397 839 1423 non
876 1381 1050 1422 recedit.
1113 1380 1243 1431 Bene,
1279 1379 1433 1435 iuquit,
1468 1380 1627 1431 facitis,
1668 1395 1768 1423 cum

342 1442 522 1483 venitis.-
555 1441 626 1482 sed
656 1440 810 1482 rectius
831 1438 1052 1488 fecissetis,
1076 1437 1109 1478 si
1132 1437 1271 1477 adme
1294 1436 1468 1478 domum
1492 1445 1608 1478 recta
1637 1437 1768 1479 abiis-

342 1499 457 1539 setis.
521 1498 569 1539 [d
602 1498 863 1545 fecissemus,
895 1495 1096 1550 inquiunt
1116 1493 1191 1544 illi,
1216 1494 1249 1534 si
1276 1493 1451 1534 domum
1485 1493 1768 1536 novissemus.

340 1555 402 1597 At
432 1556 544 1596 istud
578 1555 754 1611 quidem
785 1552 910 1594 facile
933 1552 1016 1592 fuit
1043 1551 1262 1592 undelibet
1294 1550 1499 1591 invenire.
1550 1552 1591 1584 39
1606 1550 1769 1594 Verum

343 1613 400 1653 ite
418 1627 601 1654 mecum.
665 1612 909 1667 Sequuntur
940 1608 1014 1649 illi.
1075 1608 1223 1649 Sermo
1258 1607 1420 1648 interea
1453 1607 1580 1663 hujus
1611 1623 1768 1650 consu-

232 1689 264 1721 p.
279 1683 329 1711 40.
342 1671 472 1711 mitur
503 1670 640 1711 omnis
661 1670 703 1711 in
737 1666 1041 1709 ostentatione.
1104 1665 1288 1715 Quaerit,
1310 1664 1353 1704 in
1377 1664 1490 1720 agris
1522 1664 1767 1719 cujusmodi

300 1733 329 1753 a.
343 1726 556 1768 frumenta
577 1728 686 1768 sint:
720 1734 863 1781 negat,
888 1738 944 1774 se,
964 1723 1065 1778 quia
1088 1722 1197 1763 villae
1221 1722 1406 1763 incensae
1442 1720 1541 1772 sint,
1564 1721 1768 1764 accedere

341 1799 480 1840 posse,
502 1799 581 1826 nec
600 1783 816 1826 aedificare
837 1781 966 1822 etiam
989 1795 1104 1821 nunc
1127 1779 1302 1831 audere;
1334 1778 1505 1819 tametsi
1537 1778 1581 1819 in
1602 1778 1767 1821 Tuscu-

342 1843 439 1883 lano
462 1842 633 1898 quidem
657 1841 775 1896 coepi
798 1839 996 1888 insanire,
1019 1846 1062 1878 et
1094 1838 1136 1877 in
1168 1836 1318 1877 iisdem
1350 1834 1640 1877 fundamentis
1663 1835 1769 1878 aedi-

259 1889 324 1938 51
343 1899 484 1940 ficare.
546 1899 664 1939 Dum
686 1897 780 1938 haec
804 1895 1006 1951 loquitur,
1027 1894 1143 1934 venit
1163 1894 1205 1934 in
1228 1893 1340 1935 aedes
1362 1892 1583 1948 quasdam,
1606 1893 1650 1934 in
1671 1893 1767 1948 qui-

277 1961 328 1995 64
344 1957 420 1997 bus
444 1956 689 1997 sodalitium
702 1964 790 1995 erat
810 1953 962 1994 eodem
975 1951 1043 1991 die
1067 1950 1259 1992 futurum
1276 1967 1285 1991 ε
1309 1964 1394 2005 quo
1413 1949 1493 1990 iste
1512 1964 1590 2006 pro
1612 1949 1769 1991 notitia

339 2014 502 2054 domini
538 2013 695 2054 aedium
730 2010 969 2067 ingreditur
1001 2023 1100 2049 cum
1136 2007 1394 2063 hospitibus.
1470 2006 1577 2059 Hic,
1610 2006 1767 2062 inquit,

334 2069 502 2111 habito.
527 2069 732 2126 perspicit
758 2075 1000 2122 argentum,
1030 2065 1143 2120 quod
1168 2073 1258 2105 erat
1285 2063 1547 2119 expositum,
1581 2066 1623 2095 40
1636 2063 1769 2104 tricli-

331 2164 418 2194 hanc
434 2165 538 2204 ipsam
551 2173 699 2193 caussam
714 2161 823 2191 locum
840 2169 905 2190 non
918 2158 1031 2194 habet,
1115 2161 1154 2192 37
1168 2159 1236 2189 Aut
1250 2157 1406 2197 aliquod]
1424 2158 1445 2188 i.
1461 2167 1490 2187 e.
1510 2157 1606 2187 aliud
1618 2157 1713 2196 quod,
1730 2161 1768 2188 ut

333 2211 367 2236 et
381 2211 557 2237 ostentator
565 2205 740 2245 pecuniosi,
754 2204 775 2232 i.
791 2214 818 2233 e.
835 2201 1032 2241 quisimulat
1073 2210 1188 2240 supra:
1213 2203 1305 2238 cujus
1321 2199 1484 2239 ignoratio
1504 2198 1557 2229 hic
1570 2199 1716 2230 turbavit
1728 2199 1768 2230 li-

337 2249 567 2288 pecunioum,
582 2246 667 2286 quod
686 2247 720 2276 in
743 2245 822 2276 Mss.
839 2243 1032 2283 quibusdam
1075 2243 1199 2273 brarios
1213 2243 1263 2273 vel
1279 2247 1489 2272 correctores-

333 2296 396 2327 est,
412 2290 582 2330 placetque
596 2290 750 2323 Cratero,
774 2293 824 2317 est
839 2287 887 2316 ita
900 2292 1031 2315 contor-
1116 2288 1156 2315 38
1174 2282 1400 2324 Rea-eperunt]
1428 2283 1467 2314 In
1481 2284 1560 2315 Mss.
1576 2282 1768 2322 quibusdam

331 2337 454 2363 tumet
468 2333 598 2368 durum,
614 2336 652 2361 ut
669 2329 760 2360 nullo
784 2329 880 2359 modo
903 2325 1032 2368 probari
1074 2327 1237 2357 invitandi
1256 2327 1390 2357 verbum
1418 2326 1479 2357 hoc
1505 2326 1577 2356 loco
1605 2326 1766 2356 occurrit:

329 2376 441 2415 possit.
1076 2370 1160 2399 unde
1199 2368 1347 2399 Oudend.
1381 2368 1541 2409 probabat
1574 2367 1771 2399 invitarant.

372 2420 413 2448 34
427 2417 570 2453 Darem,
585 2416 613 2445 si
625 2425 668 2445 m.
682 2424 725 2444 m.
741 2424 773 2444 n.
789 2412 920 2451 essetis]
954 2411 1026 2442 Da·
1070 2411 1131 2441 Sed
1150 2422 1188 2441 ex
1209 2410 1270 2441 hoe
1303 2420 1398 2441 nemu
1422 2413 1610 2450 receperant
1628 2408 1768 2441 fecisset.

327 2468 399 2489 ‘rem
417 2460 495 2499 quid
509 2460 563 2494 sit,
579 2457 674 2488 docet
689 2456 796 2495 glossa
811 2455 890 2486 Cod.
905 2453 1025 2484 Wiucl.
1071 2453 1241 2493 Hospitem
1263 2453 1426 2492 splendide
1449 2453 1600 2492 recipere,
1616 2450 1698 2482 bene
1721 2451 1769 2483 di-

328 2501 384 2539 qui
397 2501 508 2538 habet,
521 2502 636 2531 durem
650 2500 733 2529 vobis
743 2499 782 2528 de
795 2498 934 2528 divitiis:
950 2506 1027 2526 nam
1071 2496 1169 2533 citur,
1199 2500 1237 2525 ut
1259 2496 1411 2535 ἐπίμενε.
1455 2493 1614 2534 Exempla
1633 2498 1713 2524 sunt
1735 2494 1771 2525 in

329 2541 392 2573 hoc
406 2550 456 2574 est
472 2545 505 2574 in
529 2542 751 2573 ostentatione
766 2540 913 2580 pe'cuniae
928 2544 962 2569 et
980 2538 1027 2568 di·
1069 2537 1207 2569 Lexicis.

329 2584 497 2622 vitiatum,
511 2585 631 2616 molesti
644 2584 810 2620 dicuntur,
825 2582 880 2622 qui
896 2586 1027 2621 petunt,
1113 2585 1153 2615 39
1170 2580 1293 2610 Verum
1307 2581 1351 2610 ite
1362 2577 1512 2617 mecum]
1530 2577 1558 2608 Α
1572 2577 1651 2608 Mss.
1664 2577 1768 2618 pluri-

328 2626 492 2666 flagitant.
1073 2623 1145 2659 bus,
1170 2623 1270 2653 etiam
1296 2622 1420 2652 duobus
1441 2620 1573 2657 nostris,
1588 2620 1709 2651 absunt
1723 2621 1770 2651 ite

370 2672 410 2699 35
447 2666 714 2706 Proestringere]
754 2667 807 2696 Sic
833 2665 904 2696 edd.
932 2668 1024 2699 1474.
1068 2675 1213 2696 meeum:
1249 2663 1336 2704 quod
1362 2663 1527 2693 Gronovio
1560 2667 1595 2693 et
1617 2661 1768 2693 Oudend.

332 2713 422 2744 1475.
452 2714 540 2745 1493.
561 2712 579 2741 J
586 2715 656 2740 unt.
683 2710 809 2739 Primus
834 2707 935 2739 Aldus
946 2719 1023 2748 per-
1066 2707 1226 2748 placebat.
1283 2705 1368 2736 Mihi
1397 2704 1570 2744 vulgatum
1598 2704 1768 2735 venustius

325 2754 497 2791 stringere.
1068 2749 1210 2779 videtur:
1235 2747 1316 2778 illud
1331 2747 1428 2777 nimis
1447 2747 1639 2787 abruptum,
1662 2746 1684 2776 i.
1707 2747 1767 2777 ob-

367 2797 409 2826 36
425 2796 484 2827 lsn·
499 2794 656 2833 barbari]
683 2793 749 2824 lut.
763 2793 801 2823 de
815 2793 915 2823 servis
930 2793 1020 2822 meis.
1066 2792 1190 2822 scurius
1203 2795 1268 2826 est,
1282 2799 1382 2828 quam
1397 2799 1455 2829 pro
1468 2798 1618 2819 sermone
1631 2788 1704 2819 tali·

326 2838 455 2868 turbent
470 2838 542 2869 dedi
556 2848 614 2878 pro
624 2836 818 2877 perturbent
832 2847 841 2863 :
867 2840 920 2866 est
933 2835 1021 2866 enim
1107 2836 1148 2863 40
1165 2832 1198 2863 T
1196 2833 1359 2863 siclinium
1372 2830 1544 2869 stratum]
1563 2830 1678 2862 Delevi
1691 2830 1770 2861 visit

324 2880 494 2919 proprium
510 2881 643 2912 verbum
658 2879 691 2908 in
707 2878 767 2908 hac
783 2887 827 2907 re.
1066 2875 1154 2915 qumi
1176 2876 1209 2906 in
1224 2873 1365 2915 vulgatis
1385 2878 1452 2904 est:
1478 2883 1556 2906 nam
1579 2882 1639 2904 nec
1658 2873 1704 2903 sic
1717 2871 1769 2904 la-
