1945 3235
288 143 365 178 ‘254
819 135 898 174 DE
930 133 1214 173 ORATORE

208 240 278 292 525)
350 242 466 283 Num
499 248 543 281 tu
576 239 720 297 igitur,
744 239 884 295 inquit
915 239 1145 295 Sulpicius,
1168 252 1250 287 me,
1283 246 1357 277 aut
1389 235 1503 277 hunc
1534 236 1725 288 Cottam,

206 299 358 354 lsljus
387 298 525 348 civile,
559 308 632 338 aut
663 312 748 338 rem
779 297 1005 338 militarem
1033 297 1162 350 jubes
1199 295 1384 335 discere?
1415 308 1514 334 nam
1547 295 1641 349 quis
1671 294 1726 336 ad

292 357 372 397 ista
403 370 583 405 summa,
614 366 741 410 atque
772 355 814 394 in
849 355 964 395 omni
998 367 1153 409 genere
1187 351 1390 407 perfecta,
1415 360 1556 406 potest
1580 366 1729 407 perve-

291 415 409 455 nire?
440 412 550 454 Tum
582 412 664 461 ille,
696 411 788 467 Ego
813 426 926 461 vero,
963 411 1115 466 inquit,
1143 409 1257 464 quod
1283 409 1324 448 in
1356 409 1479 448 vobis
1509 409 1728 464 egregiam

291 470 506 525 quandam
529 485 578 510 ac
603 469 850 524 pram-laram
875 468 1059 508 indolem
1083 467 1131 508 ad
1157 466 1386 506 dicendum
1409 479 1499 506 esse
1527 465 1730 521 cognovi,

292 528 453 568 idcirco
485 528 578 568 ha‘c
600 526 780 581 exposui
805 526 970 565 omnia:
1005 540 1082 565 nec
1107 524 1243 579 magis
1265 523 1318 563 ad
1347 537 1419 562 eos
1441 522 1731 573 deterrendos,

291 585 364 640 qui
389 599 473 625 non
501 593 688 639 possent,
711 596 839 637 quam
862 582 913 622 ad
935 597 1024 633 vos,
1047 581 1120 636 qui
1146 580 1340 637 possetis,
1368 580 1640 621 exacuendos
1662 594 1732 620 ac-

292 641 563 683 commodavi
596 639 831 680 orationem
861 653 998 679 meam
1018 656 1026 680 :
1059 649 1100 678 et
1118 651 1375 693 quamquam
1398 637 1439 677 in
1459 647 1642 692 utroque
1661 651 1732 678 ve-

293 699 427 739 strum
452 711 665 739 summum
688 710 778 736 esse
801 696 1020 751 ingenium
1045 695 1320 749 studiumque
1351 694 1566 751 perspexi,
1589 703 1733 736 tamen

294 756 403 806 haec,
434 770 530 810 quae
565 764 664 794 sunt
693 753 736 794 in
774 756 915 808 specie
949 751 1103 809 posita,
1132 752 1185 792 de
1217 752 1373 806 quibus
1410 751 1532 807 plura
1552 751 1733 792 fortasse

296 813 402 862 dixi,
425 826 553 867 quam
577 811 715 851 solent
737 809 882 851 Graeci
914 809 1069 859 dicere,
1093 809 1135 849 in
1160 817 1215 859 te,
1239 808 1419 864 Sulpici,
1441 808 1589 850 divina
1618 817 1733 850 sunt.

211 871 283 904 13⁶2
300 870 393 924 Ego
415 870 529 910 enim
552 869 783 917 neminem,
817 881 895 907 nec
926 875 1046 908 motu
1076 866 1282 922 corporis,
1305 879 1443 920 neque
1466 866 1559 922 ipso
1581 865 1733 908 habitu

186 920 424 981 P·9⁶·atqne
454 926 592 967 forma
623 925 849 980 aptiorem,
873 937 950 965 nec
983 937 1089 964 voce
1114 923 1364 979 pleniorem,
1397 932 1472 962 aut
1494 923 1735 965 suaviorem

255 972 403 1025 a'mihi
440 983 587 1024 videor
618 982 812 1032 audisse3
852 995 949 1035 quae
983 979 1139 1035 quibus
1181 995 1206 1020 a
1240 988 1393 1020 natura
1429 979 1597 1020 minora
1632 981 1735 1022 data

295 1050 409 1091 sunt,
425 1051 567 1081 tamen
591 1039 692 1079 illud
707 1038 874 1093 assequi
897 1048 1090 1095 possunt,
1107 1046 1155 1077 ut
1174 1037 1239 1086 iis,
1254 1051 1351 1091 quae
1372 1035 1575 1088 habeant,
1587 1041 1628 1073 98
1641 1052 1735 1078 mo-

293 1099 390 1140 dice
418 1108 461 1138 et
493 1098 676 1138 scienter
707 1105 899 1147 utantur,
928 1105 971 1136 et
1005 1104 1052 1135 ut
1084 1108 1138 1135 ne
1170 1094 1388 1134 dedeceat.
1450 1093 1499 1135 Id
1529 1094 1643 1135 enim
1671 1104 1738 1136 est

293 1155 484 1196 maxime
507 1155 745 1203 vitandum,
768 1163 811 1194 et
832 1153 884 1194 de
916 1153 1000 1194 hoc
1027 1166 1111 1192 uno
1133 1151 1311 1191 minime
1339 1160 1404 1191 est
1434 1150 1558 1192 facile
1581 1152 1735 1207 praeci-

294 1227 409 1269 pere,
426 1227 513 1253 non
532 1211 638 1252 mihi
656 1211 800 1261 modo,
819 1211 892 1265 qui
916 1210 1027 1251 sicut
1050 1224 1157 1249 unus
1183 1207 1502 1264 paterfamilias,
1523 1208 1590 1249 his
1605 1209 1658 1250 de
1671 1223 1737 1250 re-

299 1272 377 1312 bus
391 1269 556 1324 loquor,
566 1269 637 1310 sed
652 1267 782 1309 etiam
797 1267 878 1323 ipsi
894 1267 951 1308 illi
968 1266 1149 1318 Rosci03
1169 1280 1295 1321 quem
1311 1279 1425 1321 saepe
1438 1265 1567 1306 audio
1580 1266 1737 1317 dicere,

294 1338 427 1383 caput
460 1341 550 1367 esse
577 1326 695 1376 artis,
728 1325 902 1366 decere:
935 1324 1050 1379 quod
1082 1333 1223 1364 tamen
1255 1338 1388 1363 unum
1419 1322 1462 1363 id
1494 1337 1599 1374 esse,
1621 1323 1738 1378 quod

211 1397 281 1432 133
299 1385 406 1425 tradi
440 1393 529 1425 arte
553 1398 640 1424 non
663 1382 812 1438 possit.
874 1382 972 1432 Sed,
995 1382 1028 1422 si
1054 1381 1207 1437 placet,
1231 1394 1470 1421 sermonem
1492 1380 1576 1421 alio
1599 1389 1738 1422 trans·-

294 1442 496 1492 feramus,
513 1450 557 1481 et
572 1450 718 1481 nostro
737 1453 855 1480 more
877 1439 1121 1494 aliquando,
1136 1453 1221 1479 non
1242 1437 1472 1488 rhetorico,
1493 1437 1736 1493 loquamur.

355 1498 543 1539 Minime
572 1512 685 1548 vero,
708 1497 850 1552 inquit
881 1496 1027 1538 Cotta.
1060 1510 1174 1536 nunc
1195 1495 1309 1536 enim
1340 1503 1381 1535 te
1396 1494 1489 1549 jam
1511 1509 1741 1536 exoremus

298 1570 470 1597 necesse
491 1564 570 1606 est,
593 1554 798 1610 quoniam
813 1554 968 1594 retines
991 1568 1068 1594 nos
1092 1554 1133 1593 in
1157 1552 1240 1593 hoc
1259 1552 1417 1602 studio,
1439 1566 1519 1592 nec
1535 1552 1588 1594 ad
1609 1551 1738 1594 aliam

300 1613 483 1654 dimittis
506 1624 656 1662 artem,
680 1620 727 1652 ut
748 1611 873 1652 nobis
904 1610 1109 1667 explices,
1131 1609 1339 1665 quidquid
1371 1617 1436 1649 est
1459 1609 1587 1660 istud,
1620 1610 1739 1665 quod

297 1682 343 1711 tu
367 1671 409 1710 in
442 1669 625 1711 dicendo
660 1679 808 1724 potes:
840 1683 979 1723 neque
1013 1667 1129 1708 enim
1159 1681 1304 1707 sumus
1336 1666 1463 1706 nimis
1485 1666 1623 1708 avidi:
1657 1667 1739 1708 ista

295 1739 370 1769 tua
392 1727 595 1768 mediocri
619 1725 866 1780 eloquentia
887 1724 1081 1766 contenti
1112 1738 1273 1775 sumus,
1295 1723 1424 1778 idque
1445 1738 1501 1764 ex
1524 1731 1566 1764 te
1583 1724 1742 1779 quaeri-

295 1800 405 1835 muS,
434 1789 502 1836 (ut
533 1799 586 1824 ne
620 1783 714 1838 plus
745 1798 824 1823 nos
855 1796 1145 1838 assequamur,
1167 1795 1296 1836 quam
1329 1780 1586 1835 quantulum
1619 1789 1665 1822 tu
1696 1781 1742 1823 in

295 1843 479 1883 dicendo
516 1850 736 1882 assecutus
768 1842 847 1891 es‚)
877 1840 1098 1895 quoniam,
1126 1853 1224 1894 quae
1254 1853 1280 1879 a
1315 1848 1469 1879 natura
1499 1839 1745 1894 expetenda

298 1908 412 1950 sunt,
447 1914 498 1940 ea
525 1898 632 1939 dicis
665 1913 752 1938 non
784 1897 913 1938 nimis
940 1897 1086 1938 deesse
1118 1896 1259 1947 nobis,
1287 1895 1392 1950 quid
1415 1902 1624 1951 praeterea
1648 1910 1742 1938 esse

213 1956 602 2004 SOassumendum
639 1957 793 2011 putes?
846 1953 958 1996 Tum
993 1954 1172 1995 Crassus
1194 1953 1398 2004 arridens,
1423 1952 1542 1999 Quid
1579 1967 1742 2005 censes,

213 2014 456 2068 134inquit,
489 2012 635 2064 Cotta,
671 2013 751 2053 nisi
785 2012 990 2063 studium,
1020 2021 1064 2052 et
1092 2011 1286 2051 ardorem
1319 2010 1532 2065 quendam
1555 2010 1742 2051 amoris?

301 2071 390 2111 sine
412 2086 498 2126 quo
520 2085 620 2111 cum
642 2071 686 2110 in
715 2070 806 2110 vita
825 2069 933 2109 nihil
962 2069 1195 2124 quidquam
1225 2068 1466 2123 egregium,
1501 2076 1593 2107 tum
1626 2075 1742 2108 certe

297 2127 397 2179 hoc,
429 2128 544 2182 quod
579 2137 626 2167 tu
653 2126 837 2182 expetiS,
870 2141 998 2167 nemo
1025 2140 1230 2179 umquam
1265 2133 1528 2178 assequetur.
1589 2124 1745 2179 Neque

298 2199 400 2225 vero
433 2199 509 2225 vos
543 2185 593 2225 ad
617 2198 712 2226 eam
745 2198 833 2224 rem
868 2183 992 2224 video
1026 2197 1116 2223 esse
1137 2182 1451 2223 cohortandos:
1484 2196 1608 2236 quos,
1640 2196 1742 2223 cum

298 2242 405 2282 mihi
429 2256 600 2297 quoque
624 2241 716 2281 sitis
737 2240 921 2291 molesti,
943 2240 1070 2280 nimis
1093 2240 1222 2280 etiam
1246 2239 1429 2294 flagrare
1450 2238 1646 2295 intelligo
1668 2254 1745 2280 cu-

213 2300 496 2356 135piditate.
569 2298 652 2339 Sed
691 2298 886 2354 profecto
925 2297 1066 2338 studia
1102 2296 1213 2337 nihil
1253 2303 1434 2352 prosunt
1466 2295 1744 2351 perveniendi

298 2357 457 2412 aliquo,
487 2355 569 2396 nisi
611 2355 729 2405 illud,
768 2355 882 2410 quod
914 2369 981 2406 eo,
1020 2369 1107 2409 quo
1140 2353 1352 2404 intendas,
1393 2352 1504 2394 ferat
1539 2352 1746 2394 deducat-

297 2429 395 2470 que,
414 2413 631 2469 cognoris.
693 2414 853 2462 Quare,
875 2412 1080 2467 quoniam
1103 2411 1209 2452 mihi
1231 2411 1366 2451 levius
1392 2409 1610 2465 quoddam
1632 2424 1742 2450 onus

297 2471 538 2527 imponitis,
573 2484 710 2525 neque
731 2484 786 2510 ex
815 2484 884 2510 me
916 2470 968 2510 de
997 2469 1179 2509 oratoris
1213 2478 1317 2519 arte,
1348 2468 1421 2508 sed
1453 2467 1507 2508 de
1528 2467 1610 2508 hac
1632 2481 1743 2518 mea,

296 2527 674 2583 quantulacunque
692 2537 770 2578 est,
786 2525 990 2568 facultate
1009 2526 1216 2582 quaeritis,
1231 2539 1448 2580 exponam
1467 2524 1590 2565 vobis
1606 2538 1743 2579 quan-

297 2585 413 2635 dam,
435 2600 522 2625 non
555 2595 630 2625 aut
660 2584 1018 2640 perreconditam,
1048 2592 1123 2624 aut
1144 2583 1266 2624 valde
1287 2581 1523 2632 difficilem,
1555 2590 1631 2622 aut
1651 2596 1744 2622 ma-

299 2641 521 2698 gnificam,
556 2651 630 2682 aut
669 2656 846 2697 gravem
884 2641 1096 2682 rationem
1135 2639 1458 2681 consuetudinis
1498 2653 1622 2691 meae,
1658 2653 1744 2694 qua

340 2789 380 2820 98
404 2787 525 2817 modice
548 2790 580 2816 et
600 2786 764 2826 scientem]
783 2786 910 2818 Blodice
933 2796 1000 2817 non
1045 2796 1087 2817 na
1103 2790 1249 2816 naturae:
1273 2784 1329 2816 sed
1343 2785 1481 2821 ratione,
1497 2794 1521 2815 s.
1536 2783 1634 2815 modo
1646 2787 1679 2813 et
1696 2793 1746 2814 ra-

297 2834 360 2866 est,
383 2829 469 2868 quod
483 2829 602 2868 vulg03
629 2838 704 2859 nam
721 2829 752 2859 id
775 2840 832 2869 per
847 2839 879 2859 se
903 2829 1000 2859 intel·
1044 2829 1194 2865 tione‚ut
1211 2829 1325 2859 Cicero
1340 2827 1445 2858 dicere
1458 2827 1556 2862 solet,
1573 2826 1613 2857 ad
1633 2825 1741 2866 legem

297 2872 412 2911 ligitur
428 2873 460 2902 in
479 2872 528 2908 iis,
544 2871 598 2910 qui
614 2871 790 2902 mediocria
805 2872 929 2902 habent
944 2871 1001 2901 do·
1045 2878 1180 2902 certam.

1929 1942 1942 2035 t.

1929 2038 1932 2144 l

1929 2179 1932 2263 g
