1945 3235
563 116 752 168 mmm
777 128 1072 170 QUARTUs,
1486 127 1537 167 71

101 239 264 280 taretis.
324 237 403 280 Sin
431 243 576 278 autem
605 233 720 275 istud
742 231 1091 282 martificiowm,
1113 231 1339 288 egregium
1370 229 1541 283 dicitis;

100 296 258 348 videte,
280 311 334 338 ne
364 293 520 336 insueti
550 299 693 333 rerum
723 290 940 345 majorum
970 290 1220 340 videamini,
1243 289 1277 328 si
1310 303 1385 329 vos
1409 303 1542 344 parva

99 368 181 405 res,
205 354 332 396 sicuti
361 365 535 407 magna,
565 349 765 391 delectat.
826 348 942 389 Nam
973 347 1057 388 isto
1087 347 1219 388 modo
1241 344 1399 400 eligere
1420 346 1538 388 rudis

99 411 277 467 quidem
298 424 425 452 nemo
445 417 603 464 potest,
626 407 700 447 sed
719 406 810 446 sine
829 420 998 446 summo
1021 403 1207 446 artificio
1228 403 1369 444 multi.
1405 404 1576 457 Quis-7*

103 469 200 524 quis
222 468 337 510 enim
358 466 544 508 audierit
572 465 626 506 de
655 472 747 504 arte
778 463 922 520 paullo
953 462 1064 519 plus,
1083 462 1128 503 in
1160 461 1406 503 elocutione
1428 476 1539 517 prae-

103 527 266 577 sertim,
288 524 435 567 omnia
455 523 600 564 videre
622 520 797 578 poterit,
817 535 915 576 quae
947 535 1002 562 ex
1026 528 1116 561 arte
1138 519 1367 570 dicuntur,
1400 517 1542 559 facere

104 598 232 624 nemo
262 581 437 640 poterit,
458 580 542 621 nisi
573 579 782 620 eruditus.
816 578 878 619 ita
908 586 970 629 ut,
993 577 1028 618 si
1061 577 1114 619 de
1145 576 1374 634 tragoediis
1410 574 1542 617 Ennii

107 640 212 682 velis
245 638 478 681 sententias
506 638 679 694 eligere,
712 644 788 677 aut
826 635 879 676 de
912 635 1172 676 Pacuvianis
1204 634 1420 692 periodOS,
1443 635 1548 690 quia

105 697 233 754 plane
253 697 369 738 rudis
393 695 437 736 id
463 694 606 737 facere
635 708 764 735 nemo
794 694 970 750 poterit,
991 707 1092 734 cum
1115 692 1281 744 feceris,
1309 701 1352 733 te
1382 691 1547 733 littera-

108 755 323 796 tissimum
354 761 494 810 putes‚
527 753 699 809 ineptus
736 751 818 803 sis;
851 759 1080 807 propterea
1108 750 1226 806 quod
1257 750 1299 792 id
1334 749 1461 791 facile
1483 748 1548 790 fa-

105 812 193 853 ciat
213 810 355 867 quivis
376 810 654 853 mediocriter
674 809 914 850 litteratus:
946 808 1051 850 item
1075 808 1124 860 si,
1147 822 1246 849 cum
1265 822 1321 850 ex
1341 807 1549 849 orationi-

104 869 185 912 bus
215 878 291 910 aut
320 868 537 925 po'e'matis
568 867 749 924 elegeris
787 865 1002 922 exempla,
1032 880 1130 922 quae
1158 866 1285 907 certis
1317 865 1452 922 signis
1483 879 1550 906 ar-

106 926 231 968 tificii
253 934 404 968 notata
425 935 539 978 sunt,
569 927 674 982 quia
694 924 812 965 rudis
844 924 889 965 id
911 938 1038 965 nemo
1070 923 1211 965 facere
1244 923 1395 980 possit,
1413 922 1552 965 artifi-

105 985 345 1026 ciosissime
362 992 406 1025 te
424 983 577 1026 fecisse
597 992 738 1040 puteS,
760 996 899 1033 erres3
931 990 1160 1038 propterea
1177 982 1294 1037 quod
1317 982 1400 1022 isto
1424 983 1551 1038 signo

105 1042 303 1083 videmus
337 1051 380 1083 te
408 1041 609 1083 nonnihil
637 1039 732 1097 ejus
762 1039 891 1081 scire:
923 1039 1016 1080 aliis
1050 1039 1202 1095 signis,
1223 1041 1263 1070 33
1277 1037 1415 1080 multa
1444 1039 1554 1080 scire

107 1099 415 1156 intelligemus.
485 1099 655 1147 Quodsi
687 1096 972 1139 artificiosum
1009 1106 1075 1137 est
1111 1096 1366 1154 intelligere,
1399 1101 1551 1152 34quae

109 1157 198 1198 sint
223 1172 279 1198 ex
311 1167 404 1199 arte
425 1158 600 1214 scripta,
622 1155 760 1197 multo
782 1162 848 1195 est
876 1153 1169 1206 artificiosius,
1193 1155 1336 1211 ipsum
1368 1155 1554 1196 scribere

110 1230 165 1256 ex
197 1223 303 1256 arte.
374 1214 464 1262 Qui
494 1215 612 1256 enim
645 1212 798 1254 scribit
830 1211 1079 1263 artificiose,
1111 1212 1165 1253 ab
1199 1212 1294 1253 aliis
1325 1213 1554 1253 commode

112 1273 274 1329 scripta
291 1271 418 1319 facile
449 1271 690 1328 intelligere
713 1269 896 1326 poterit:
929 1269 1004 1324 qui
1025 1269 1158 1325 eliget
1176 1268 1318 1321 facile,
1340 1284 1429 1311 non
1451 1285 1557 1311 con-

111 1331 235 1372 tinuo
257 1330 350 1386 ipse
379 1329 609 1371 commode
637 1328 803 1369 scribit.
865 1326 936 1377 Et,
971 1327 1006 1367 si
1036 1336 1102 1368 est
1133 1328 1326 1369 maxime
1349 1327 1555 1369 artificio-

111 1403 230 1440 sum3
270 1387 354 1429 alio
393 1397 589 1444 tempore
623 1394 802 1428 utantur
834 1399 886 1426 ea
917 1384 1140 1437 facultate,
1177 1400 1267 1427 non
1311 1395 1418 1435 tum,
1457 1400 1557 1427 cum

110 1459 260 1501 parere
281 1444 380 1502 ipsi,
407 1454 450 1487 et
479 1445 675 1502 gignere,
694 1453 739 1485 et
767 1441 960 1500 proferre
993 1443 1168 1485 debent.
1231 1443 1474 1495 Postremo,
1514 1443 1561 1484 in

109 1517 161 1543 eo
187 1503 275 1544 vim
297 1502 472 1544 artificii
502 1510 777 1553 consumant,
799 1510 848 1542 ut
870 1500 954 1557 ipsi
975 1501 1030 1541 ab
1050 1500 1144 1542 aliis
1175 1502 1321 1557 potius
1355 1500 1561 1558 eligendi,

109 1574 241 1616 quam
263 1560 446 1602 aliorum
467 1561 574 1602 boni
597 1560 804 1602 electores
818 1558 1141 1601 existimentur.
1184 1559 1352 1601 Contra
1372 1573 1437 1611 ea,
1459 1574 1558 1615 quae

109 1618 166 1662 ab
188 1618 240 1659 iis
263 1618 482 1670 dicuntur,
502 1619 577 1676 qui
600 1618 754 1660 dicunt
784 1636 824 1666 35
835 1616 988 1658 alienis
1021 1616 1233 1673 exemplis
1255 1617 1320 1658 uti
1343 1627 1561 1674 oportere,

113 1675 216 1720 satis
237 1685 303 1717 est
323 1676 506 1718 dictum.
567 1676 610 1718 N
615 1691 714 1729 unc,
745 1690 843 1731 quae
871 1675 1104 1732 separatim
1126 1675 1213 1717 dici
1235 1684 1432 1733 possunt,
1455 1689 1561 1718 con-

103 1733 371 1775 -sideremus

171 1790 374 1833 Dicimus
406 1806 528 1848 ergo,
548 1792 675 1833 36eos
707 1805 872 1842 ornneS‚
904 1790 1002 1832 ideo
1033 1789 1152 1846 quod
1190 1790 1341 1833 alienis
1369 1791 1610 1844 utantur,5

113 1861 309 1904 peccare,
323 1858 416 1890 tum
438 1850 572 1891 etiam
584 1850 723 1906 magis
738 1848 1001 1904 delinquere,
1015 1849 1133 1904 quod
1147 1864 1173 1890 a
1192 1849 1341 1891 multis
1363 1847 1566 1905 exempla

119 1916 306 1947 sumant.
369 1907 454 1949 Sed
477 1907 531 1948 de
559 1921 627 1958 eo,
649 1907 766 1963 quod
798 1915 951 1963 postea
971 1905 1179 1960 diximus,
1201 1917 1302 1948 ante
1324 1907 1565 1950 videamus.

80 1969 83 1974 '
116 1963 162 2003 Si
185 1964 483 2017 concederem,
497 1964 638 2006 aliena
655 1977 854 2022 oportere
876 1978 1093 2005 assumere
1111 1965 1328 2022 exempla,
1347 1965 1567 2009 vincerem

119 2021 247 2062 unius
289 2030 518 2079 oportere:
562 2022 768 2079 primum,
811 2022 928 2078 quod
965 2031 1118 2063 contra
1149 2022 1235 2065 hoc
1275 2023 1394 2065 nulla
1435 2030 1569 2064 staret

116 2092 264 2120 eorum
280 2081 406 2121 ratio.
430 2080 580 2122 liceret
602 2080 718 2121 enim
739 2080 966 2136 eligerent,
988 2089 1034 2121 et
1054 2081 1292 2136 probarent
1312 2080 1568 2137 quemlibet,

116 2137 191 2192 qui
215 2138 297 2178 sibi
321 2138 366 2179 in
390 2152 542 2179 omnes
565 2152 630 2179 res
653 2139 952 2195 suppeditaret
965 2138 1183 2195 exempla,
1196 2139 1265 2181 vel
1286 2139 1481 2196 poetam,
1499 2138 1568 2181 vel

118 2203 349 2249 oratorem,
383 2196 509 2252 cujus
543 2196 805 2238 auctoritate
844 2196 1101 2239 niterentur.
1176 2195 1350 2239 Deinde
1386 2198 1566 2239 interest

156 2344 199 2376 32
211 2342 447 2384 Artificiosum,
459 2342 659 2383 egregium]
675 2342 729 2374 Sic
743 2342 822 2374 Mss.

115 2384 264 2426 plerique
285 2390 321 2416 et
335 2385 408 2417 edd.
423 2396 472 2428 pr.
488 2396 591 2426 usque
613 2386 656 2417 ad
677 2385 753 2417 Ald.
768 2387 824 2425 qui
866 2342 1028 2384 plumbus,
1039 2354 1091 2385 ap.
1103 2342 1189 2376 ond·
1202 2348 1237 2376 et
1249 2349 1363 2377 ”osu-⁰
1372 2344 1463 2386 Lm&
1475 2345 1576 2388 Vulg-

866 2391 956 2417 sunt.

118 2426 210 2459 dedit
243 2428 430 2470 artificium
463 2439 534 2468 egr.
569 2428 713 2459 offensus
747 2439 825 2459 con-

111 2470 289 2510 junctione
303 2471 445 2502 duorum
458 2471 711 2512 adjectivorum.
753 2471 826 2502 Nec

117 2514 291 2552 egregium
313 2514 424 2545 abesse
438 2518 565 2555 potest:
584 2514 667 2545 ham
683 2523 761 2544 mox
775 2519 826 2545 est

114 2556 185 2586 sine
205 2565 333 2587 summo
351 2557 511 2599 avtg‘ficim
536 2557 625 2597 quod
651 2562 765 2589 tamen
791 2562 826 2588 et

120 2597 265 2638 vulgatae
278 2599 377 2630 favet.

163 2642 205 2671 33
213 2640 328 2672 Multa
339 2643 422 2674 scire
428 2641 676 2683 intelligemus]
693 2643 747 2674 Sic
760 2642 827 2675 edi-

123 2680 231 2714 dimus
256 2694 274 2714 e
295 2683 375 2716 Mss.
402 2685 555 2726 plurimis
576 2690 612 2716 et
634 2685 708 2717 edd.
734 2689 827 2720 1474.

125 2726 218 2758 1475.
232 2729 266 2756 et
281 2731 344 2758 cet.
358 2737 463 2767 usque
483 2726 525 2758 ad
547 2726 623 2758 ΑΜ.
646 2729 703 2768 qui
725 2728 829 2760 edidit

121 2767 352 2807 intelligimus.
395 2770 458 2802 Sed
478 2770 562 2803 illud
582 2780 698 2802 verum
712 2776 776 2809 est,
790 2776 830 2803 ut

125 2808 221 2841 facile
248 2820 266 2840 e
294 2816 452 2844 contextu
478 2817 583 2854 patet.
634 2812 700 2845 Ms.
735 2815 828 2847 Cort.

124 2852 228 2883 etiam
241 2852 342 2884 habet
353 2858 384 2886 te
396 2856 489 2887 scire.

165 2896 211 2927 34
223 2894 308 2937 ,Qua
321 2897 386 2930 sint
400 2908 439 2932 esc
453 2903 527 2931 oerte
538 2897 615 2941 mu]
635 2899 688 2932 Sic
699 2899 734 2932 in
750 2899 832 2933 Mss,

910 2431 952 2460 35
964 2429 1091 2471 Aliquis
1104 2432 1259 2472 exemplis
1272 2431 1324 2461 uti
1342 2430 1459 2472 oport]
1506 2430 1577 2462 De-

868 2471 1009 2502 lavimus
1033 2482 1080 2510 se,
1105 2478 1182 2513 post
1212 2473 1342 2512 alienis,
1371 2474 1459 2514 quod
1486 2481 1577 2506 recte

869 2514 962 2547 abest
984 2525 1005 2546 a
1026 2513 1107 2545 Mss.
1127 2515 1274 2556 pluribus
1295 2521 1331 2547 et
1346 2517 1398 2548 ed.
1421 2515 1511 2548 Med.
1526 2527 1576 2558 pr.

869 2556 960 2590 Nam
984 2562 1036 2589 est
1058 2567 1167 2589 sermo
1189 2559 1228 2590 de
1249 2564 1324 2590 toto
1351 2569 1489 2600 genere3
1513 2560 1577 2591 int.

869 2610 961 2639 eum,
984 2600 1039 2640 qui
1052 2601 1132 2632 artis
1145 2608 1312 2642 praecepta
1324 2602 1447 2634 tradat.

913 2644 955 2675 36
969 2643 1016 2676 Ε.
1031 2653 1058 2674 ο.
1071 2643 1142 2674 ideo
1163 2645 1272 2686 quod]
1296 2644 1329 2675 J.
1345 2645 1449 2676 Gron.
1472 2645 1546 2677 vult
1560 2656 1578 2677 e

870 2684 951 2717 Mss.
966 2685 1172 2727 quibusdam.
1188 2688 1304 2727 quibus
1318 2687 1369 2719 ed.
1388 2690 1479 2722 1474.
1496 2698 1582 2719 con-

870 2730 986 2766 sentit,
997 2728 1073 2769 legi,
1086 2739 1148 2768 eos,
1164 2739 1239 2763 cum
1253 2730 1335 2768 ideo,
1351 2731 1437 2770 quod
1444 2743 1453 2760 :
1476 2731 1532 2762 sed
1547 2730 1581 2763 id

871 2772 983 2803 durius
999 2777 1064 2803 est:
1089 2771 1197 2804 lenius
1220 2773 1285 2804 Ms.
1307 2773 1399 2814 Lips.
1421 2784 1484 2811 eos,
1507 2779 1581 2805 tum

871 2815 965 2855 quod,
1009 2814 1073 2846 Sed
1086 2815 1259 2855 vulgatum
1272 2816 1356 2847 bene
1367 2816 1478 2848 habet.
1501 2816 1581 2848 Non

873 2866 1004 2899 semper
1017 2862 1090 2889 tum
1105 2857 1308 2904 duplicatur,
1330 2864 1389 2890 aut
1408 2868 1485 2890 eum
1496 2868 1581 2902 prae·

875 2900 963 2932 cedit
978 2905 1061 2933 tum.

873 2960 944 2998 r4
