1945 3235
591 118 773 158 LIBER
805 117 1126 157 SECUNDUS.
1488 123 1566 159 ‘209

141 226 296 284 aperiri
328 233 472 283 portas
505 233 635 266 noctu
665 231 842 274 vetaret,
869 222 1036 278 aperuit
1074 221 1262 276 quodam
1289 223 1332 263 in
1366 223 1491 275 bello,
1523 232 1568 266 et

140 285 301 325 auxilia
314 284 509 340 quaedam
523 283 565 323 in
584 280 791 338 oppidum
804 281 979 335 recepit,
993 294 1046 320 ne
1065 282 1119 319 ab
1139 280 1332 320 hostibus
1351 282 1567 336 opprime-

141 351 300 392 rentur,
324 342 357 382 si
385 340 486 381 foris
517 350 670 389 essent,
701 338 815 393 quod
850 351 984 393 prope
1006 351 1148 377 muros
1169 335 1312 376 hostes
1334 351 1470 378 castra
1489 337 1565 378 ha-

142 399 322 441 berent:
354 408 444 438 tum
476 396 625 438 relatio
658 395 980 444 criminis,41ut
1011 395 1051 434 in
1080 408 1131 434 eo
1164 393 1314 444 milite,
1345 395 1433 448 qui,
1464 399 1649 435 eum124

139 458 182 486 42
195 455 433 497 communis
455 453 523 494 lex
554 454 747 493 omnium
779 451 995 492 hominem
1020 450 1216 492 occidere
1237 459 1414 502 vetaret,
1435 454 1475 481 43
1491 452 1564 491 tri-

142 512 305 553 bunum
324 511 547 566 [militum]
581 524 718 559 suum,
741 509 814 564 qui
837 509 925 548 vim
947 509 1029 549 sibi
1060 507 1209 548 afferre
1231 517 1472 557 conaretur,
1493 522 1565 548 oc-

140 569 271 611 cidit:
303 579 395 609 tum
417 568 596 609 remotio
619 566 824 616 criminis,
843 576 891 606 ut
913 566 955 606 in
978 580 1044 616 eo,
1074 565 1162 620 qui,
1182 580 1280 606 cum
1302 565 1386 615 lex,
1410 564 1565 621 quibus

140 627 290 668 diebus
324 626 367 666 in
404 625 662 681 legationem
705 624 1060 678 proficisceretur,
1093 622 1567 678 praestituerat,44quia

142 693 329 725 sumtum
361 692 550 738 quaestor
578 696 665 723 non
696 681 827 731 dedit,
859 680 1076 736 profectus
1105 694 1191 720 non
1224 690 1310 721 est:
1343 689 1433 720 tum
1462 693 1565 720 con-

139 741 274 781 cessio
309 754 382 795 per
411 741 726 795 purgationem,
758 747 801 778 et
832 752 906 794 per
928 736 1277 794 imprudentiam,
1307 746 1356 777 ut
1377 737 1420 777 in
1444 736 1566 776 vituli

138 796 453 839 immolatione:
486 806 528 837 et
551 812 624 853 per
647 796 749 846 vim,
768 805 815 836 ut
835 797 877 836 in
896 795 994 836 navi
1015 802 1220 836 rostrata:
1245 803 1287 835 et
1310 809 1384 850 per
1406 808 1566 843 casum,

140 863 190 894 ut
221 855 265 896 in
300 853 474 895 Eurotae
503 853 691 895 fluminis
722 853 1033 909 magnitudine.
1105 852 1251 898 Quare
1283 860 1357 892 aut
1386 852 1446 891 ita
1474 864 1568 891 sen-

139 913 275 954 tentia
307 913 546 963 inducetur,
590 922 638 952 ut
671 925 803 950 unum
836 910 1039 965 quiddam
1069 909 1252 950 voluisse
1279 909 1462 964 scriptor
1495 908 1568 948 de-

138 979 423 1011 monstretur:
456 978 530 1010 aut
548 970 623 1021 sic,
645 978 693 1009 ut
724 969 767 1008 in
785 967 995 1022 ejusmodi
1019 982 1063 1008 re
1092 976 1135 1007 et
1158 976 1364 1023 tempore,
1387 965 1470 1006 hoc
1493 979 1568 1006 vo-

139 1026 267 1068 luisse
289 1027 506 1068 doceatur.

198 1084 313 1141 Ergo
328 1087 377 1136 is,
390 1085 462 1140 qui
478 1084 684 1139 scriptum
697 1085 737 1113 45
750 1082 955 1132 defendit,
968 1082 1034 1122 his
1048 1081 1152 1123 locis
1166 1082 1416 1138 plerumque
1429 1079 1567 1120 omni·
1582 1080 1651 1127 43

138 1143 233 1194 bus,
256 1144 417 1198 majore
439 1151 581 1183 autem
613 1149 732 1196 parte
758 1154 924 1196 semper
949 1140 1108 1195 poterit
1129 1140 1216 1180 uti:
1250 1137 1442 1178 Primum
1466 1137 1654 1185 scri-125

140 1201 275 1256 ptoris
290 1199 616 1248 collaudatione,
630 1208 673 1238 et
686 1197 781 1238 loco
795 1196 1028 1246 communi,
1048 1195 1155 1237 nihil
1173 1211 1259 1247 eos,
1272 1195 1567 1250 quijudicent,

137 1259 221 1298 nisi
241 1258 297 1309 id,
317 1257 431 1313 quod
454 1257 660 1311 scriptum
683 1255 751 1306 sit,
775 1263 967 1310 spectare
988 1262 1206 1309 oportere:
1239 1262 1283 1293 et
1302 1253 1383 1293 hoc
1404 1267 1455 1293 eo
1477 1266 1569 1292 ma-

140 1316 221 1371 gis,
235 1315 268 1355 si
283 1314 522 1371 legitimum
542 1313 748 1368 scriptum
768 1310 1020 1367 proferetur,
1035 1311 1076 1351 id
1091 1319 1169 1362 est,
1182 1319 1256 1351 aut
1276 1309 1346 1350 lex
1367 1310 1472 1365 ipsa,
1495 1318 1570 1349 aut

138 1386 192 1413 ex
204 1373 296 1428 lege
315 1371 489 1426 aliquid.
526 1370 682 1411 Postea
699 1369 813 1425 quod
836 1368 1257 1409 vehementissimum
1271 1375 1348 1418 est,
1363 1365 1482 1416 facti,
1496 1374 1572 1406 aut

139 1429 390 1470 intentionis
407 1427 743 1469 adversariorum
757 1441 855 1468 cum
871 1427 963 1482 ipso
978 1426 1138 1481 scripto
1157 1434 1311 1466 conten
1320 1425 1449 1474 tione,
1466 1423 1569 1478 quid

141 1488 348 1542 scriptum
369 1486 437 1536 sit,
457 1485 559 1540 quid
579 1485 756 1535 factum,
780 1483 1242 1539 quid-juratusjudex:
1277 1496 1404 1537 quem
1427 1481 1571 1522 locum

139 1544 285 1585 multis
298 1543 436 1584 modis
458 1543 620 1584 variare
641 1542 873 1598 oportebit.
915 1540 1026 1581 Tum
1041 1541 1181 1596 ipsum
1195 1554 1339 1580 secum
1358 1539 1572 1579 admiran-

139 1601 458 1657 tem,quidnam
473 1609 623 1641 contra
641 1600 726 1641 dici
749 1599 908 1655 possit:
934 1607 1025 1638 tum
1044 1597 1271 1653 adjudicis
1293 1595 1485 1637 officium
1508 1609 1572 1635 re-

140 1667 391 1709 vertentem,
405 1666 448 1698 et
462 1658 514 1698 ab
536 1671 587 1698 eo
606 1666 884 1712 quaerentem,
905 1655 1009 1710 quid
1032 1664 1240 1711 praeterea
1260 1654 1420 1703 audire,
1441 1653 1482 1683 46
1498 1661 1572 1692 aut

138 1715 578 1771 exspectaredebeat:
602 1723 694 1755 tum
708 1714 848 1770 ipsum
862 1713 1164 1763 adversarium,
1179 1712 1298 1768 quasi
1318 1709 1570 1751 intentantis

138 1773 249 1824 loco,
265 1772 554 1828 producendo,
567 1772 651 1813 hoc
670 1782 748 1823 est,
770 1771 1090 1826 interrogando,
1103 1779 1246 1810 utrum
1268 1768 1476 1823 scriptum
1495 1780 1568 1807 ne-

140 1839 213 1887 get
235 1844 326 1871 esse
346 1844 397 1870 eo
419 1829 564 1880 modo,
586 1844 639 1870 an
662 1829 716 1869 ab
747 1843 790 1868 se
819 1837 971 1870 contra
996 1827 1158 1868 factum
1186 1840 1291 1877 esse,
1313 1834 1388 1866 aut
1419 1833 1570 1866 eontra

138 1887 340 1929 contendi
356 1897 505 1943 neget:
539 1895 683 1927 utrum
701 1900 858 1941 negare
877 1900 1002 1926 ausus
1022 1885 1090 1935 sit,
1105 1899 1148 1925 se
1161 1884 1303 1925 dicere
1316 1882 1569 1923 desiturum.

140 1944 186 1986 Si
209 1955 405 1985 neutrum
439 1953 583 2000 neget,
613 1953 657 1984 et
686 1952 836 1984 contra
864 1951 1007 1983 tamen
1037 1942 1177 1983 dicat:
1208 1940 1316 1981 nihil
1347 1953 1452 1989 esse,
1482 1947 1655 1994 q110126

138 2001 358 2043 hominem
392 2001 752 2057 impudentiorem
782 2000 1008 2056 quisquam
1039 2013 1083 2039 se
1113 1999 1302 2039 visurum
1324 1997 1568 2037 arbitretur.

140 2058 192 2100 In
214 2059 297 2100 hoc
330 2059 392 2099 ita
423 2058 679 2099 commorari
712 2058 955 2108 conveniet,
989 2057 1109 2112 quasi
1140 2055 1248 2096 nihil
1278 2063 1486 2111 praeterea
1506 2053 1571 2094 di-

140 2117 324 2158 cendum
346 2116 415 2167 sit,
437 2125 481 2156 et
501 2116 622 2171 quasi
645 2124 795 2156 contra
818 2115 902 2156 dici
933 2114 1041 2154 nihil
1062 2113 1213 2170 possit,
1237 2126 1351 2167 saepe
1374 2111 1432 2162 id,
1455 2110 1572 2166 quod

139 2174 344 2231 scriptum
363 2183 441 2225 est,
464 2173 708 2225 recitand03
732 2186 845 2228 saepe
867 2186 966 2213 cum
990 2172 1150 2227 scripto
1166 2169 1329 2211 factum
1343 2168 1572 2210 adversarii

179 2323 218 2352 41
249 2320 293 2352 Ut
327 2322 362 2351 in.
398 2331 432 2352 eo
467 2320 608 2361 milita}
641 2319 832 2351 Addidimus

139 2365 241 2394 milite
261 2374 278 2394 e
296 2364 375 2395 Mss.
398 2375 448 2404 ap.
471 2363 620 2395 Oudend.
643 2363 777 2401 aliisque
799 2365 832 2391 et

137 2407 201 2437 Gu.
220 2409 246 2436 1.
263 2406 352 2437 Cass.
367 2407 438 2438 edd.
454 2416 502 2447 pr.
529 2406 662 2437 Delevit
675 2404 789 2436 Aldus.

177 2450 220 2479 42
247 2449 431 2480 Communis
466 2450 517 2479 lex
551 2448 698 2478 omnium
730 2446 828 2486 hom]

142 2491 298 2522 Omnium
318 2492 431 2522 aberat
452 2502 472 2522 a
492 2491 556 2521 Ms.
579 2490 671 2520 Leid.
693 2492 723 2520 3.
747 2489 832 2520 arbi-

138 2538 209 2564 troi·
222 2533 314 2564 bene.
326 2535 389 2564 nisi
402 2544 477 2564 cum
490 2532 721 2572 Oudendorpio
736 2531 831 2562 malis

137 2575 298 2615 corrigere
317 2576 489 2616 vulgatum
505 2576 645 2611 omniuo,
661 2574 748 2614 quod
763 2584 830 2604 non

139 2617 297 2657 displicet.

179 2661 220 2689 43
244 2659 426 2691 Tribunum
447 2661 591 2690 militum
619 2658 742 2698 suum]
770 2658 835 2688 Va-

137 2701 227 2731 riant
245 2701 332 2738 libri,
355 2703 409 2733 alii
430 2704 585 2739 militum,
609 2701 663 2731 alii
685 2701 834 2737 mititem,

138 2748 178 2773 ut
198 2743 298 2775 etiam
321 2744 384 2774 Gu.
411 2748 436 2775 1.
479 2746 556 2775 Sine
577 2744 676 2774 dubio
698 2753 760 2772 vox
781 2747 832 2773 est

138 2785 259 2825 spuria,
273 2790 311 2816 ut
322 2786 377 2816 alii
389 2786 545 2821 viridocti
553 2785 717 2825 judicant.
729 2784 831 2815 Uncis

139 2827 265 2858 inclusi.
307 2828 395 2859 Tum
419 2829 503 2860 edidi
529 2830 596 2858 vim
621 2826 746 2868 afferre
772 2836 832 2867 pro

138 2869 263 2910 inferre
285 2880 323 2900 ex
345 2870 423 2901 Mss.
446 2871 592 2912 pluribus
615 2880 667 2910 ap.
681 2869 830 2899 Oudend.

194 2925 303 2953 VOL.
329 2926 361 2954 1.

875 2319 975 2349 etiam
990 2317 1110 2348 nostris
1126 2317 1189 2347 Gn.
1209 2319 1234 2346 1.
1250 2318 1280 2348 ΕΞ.
1303 2322 1336 2346 et
1351 2315 1397 2345 sic
1412 2314 1525 2344 Cicero
1539 2313 1573 2343 in

875 2361 1060 2391 Miloniana
1077 2360 1111 2389 in
1123 2360 1184 2389 hac
1200 2359 1270 2399 ipsa
1285 2368 1329 2388 re.

916 2406 958 2434 44
972 2404 1065 2444 ‚Quia
1076 2406 1222 2432 sumtum
1234 2405 1370 2440 qaaestor
1381 2408 1445 2429 non
1457 2397 1570 2437 dedit]

875 2446 981 2486 Supra
994 2456 1022 2475 e.
1047 2446 1098 2478 29.
1117 2448 1188 2474 erat
1209 2444 1316 2480 daret,
1334 2446 1369 2472 et
1391 2441 1424 2472 h.
1443 2440 1466 2471 l.
1488 2440 1574 2471 forte

875 2488 940 2517 fuit
954 2488 1099 2518 dederat.
1143 2519 1147 2523 .

915 2533 956 2561 45
972 2526 1157 2570 Defendit]
1175 2527 1278 2557 Multi
1290 2526 1365 2557 libri
1380 2535 1441 2556 ser.
1455 2529 1491 2556 et
1501 2523 1575 2556 edd.

873 2572 1021 2612 defendet
1030 2584 1040 2600 :
1065 2570 1152 2610 quod
1176 2570 1314 2600 fortasse
1341 2568 1462 2599 rectius
1489 2567 1522 2598 h.
1551 2567 1575 2597 1.

877 2614 932 2644 sed
944 2615 977 2644 in
992 2614 1043 2644 his
1054 2613 1258 2653 temporibus
1270 2612 1317 2641 ita
1328 2611 1434 2641 variat
1446 2610 1573 2646 Cicero,

877 2661 916 2686 ut
931 2657 1011 2686 certi
1026 2654 1103 2695 quid
1125 2660 1270 2685 statuere
1285 2662 1352 2683 non
1373 2653 1482 2683 liceat.
1525 2651 1575 2681 Si-

879 2698 1002 2728 militer
1028 2702 1104 2738 post
1130 2698 1264 2727 variare
1290 2695 1442 2735 oportebit
1451 2707 1461 2726 .·
1498 2703 1575 2724 eum

873 2740 1035 2780 plerisque
1047 2739 1119 2770 aliis
1130 2739 1210 2770 locis
1222 2739 1266 2768 sit
1279 2739 1407 2768 variari
1415 2741 1475 2767 aut
1486 2734 1575 2766 aliud

874 2784 909 2812 in
923 2782 985 2812 hac
999 2782 1117 2812 forma.

915 2824 958 2854 46
968 2825 1037 2855 Aut
1049 2827 1232 2864 exspectare
1245 2821 1381 2860 debeat]
1398 2819 1483 2851 Cass,
1498 2817 1578 2859 quid

875 2876 960 2907 cusp.
975 2866 1062 2906 quod
1077 2865 1168 2897 valde
1182 2865 1301 2906 placet.

877 2923 901 2951 P
