1945 3235
696 123 968 162 BRUTUS.
1469 127 1545 161 465

118 238 181 278 ut,
202 227 283 269 nisi
314 228 356 269 in
385 242 437 270 eo
469 227 720 284 magistratu
753 227 991 269 cenavisset
1024 226 1138 281 apud
1169 238 1412 281 praeconem
1434 227 1546 269 Gra-

115 285 251 336 nium,
273 286 451 341 97idque
472 285 596 327 nobis
618 285 683 326 bis
706 284 963 325 narravisset
991 282 1195 332 Lucilius,
1219 285 1437 325 tribunum
1457 285 1547 341 ple-

117 341 182 382 bis
215 344 474 384 nesciremus
503 343 647 384 fuisse.
709 342 778 382 Ita
807 355 992 397 prorsus,
1016 339 1157 394 inquit
1181 339 1364 382 Brutus:
1398 343 1470 383 sed
1492 356 1545 383 ne
1560 354 1629 388 161

114 398 167 439 de
199 399 405 442 Seaevolae
427 400 600 455 quidem
634 400 853 440 tribunatu
886 397 1121 453 quidquam
1150 396 1362 437 audivisse
1384 399 1546 449 videor,

112 464 157 497 et
197 471 296 498 eum
326 458 535 514 collegam
570 457 712 498 Crassi
754 455 881 496 credo
923 454 1066 495 fuisse.
1128 451 1344 495 Omnibus
1373 456 1587 509 quidemp.
1609 470 1677 510 ¹72·

113 513 221 565 aliis,
253 515 442 570 inquam,
474 519 514 549 98
528 515 570 555 in
604 512 942 569 magistratibus,
973 512 1045 553 sed
1074 512 1270 552 tribunus
1303 526 1416 552 anno
1450 519 1587 567 posta·

112 569 210 622 fuit,
223 586 359 627 eoque
378 572 422 613 in
444 572 590 612 rostris
607 571 780 611 sedente
799 571 932 611 suasit
954 569 1178 610 Serviliam
1194 569 1329 624 legem
1352 568 1546 610 Crassus.

113 626 227 669 Nam
244 643 466 670 censuram
489 629 579 669 sine
602 628 802 670 Scaevola
823 628 969 684 gessit.
990 641 1088 668 eum
1110 626 1224 668 enirn
1247 627 1547 682 magistratum

108 698 237 726 nemo
268 700 472 740 umquam
506 685 798 728 Scaevolarum
840 685 1009 741 petivit.
1042 684 1114 725 sed
1145 684 1240 725 haec
1271 683 1414 725 Crassi
1447 699 1548 725 cum

108 742 225 783 edita
253 743 391 783 oratio
422 751 501 794 est,
531 758 660 798 quam
691 751 735 784 te
767 757 881 799 saepe
909 741 1065 798 legisse
1087 751 1205 782 certo
1238 741 1342 792 scio,
1365 750 1549 796 quatuor

108 808 153 840 et
174 800 354 856 triginta
371 809 463 841 tum
484 801 673 842 habebat
694 815 842 851 annOS,
866 799 1134 854 totidemque
1155 798 1278 839 annis
1291 798 1397 839 mihi
1422 810 1550 840 aetate

109 857 359 913 praestabat.
423 857 506 899 His
528 859 643 900 enim
665 857 912 900 consulibus
934 871 1026 898 eam
1059 857 1198 913 legem
1221 856 1367 908 suasit,
1393 858 1551 911 quibus

106 914 197 955 nati
230 930 391 967 sumus,
413 931 512 957 cuni
545 917 639 973 ipse
673 925 784 957 esset
817 915 874 962 Q.
898 914 1108 970 Caepione
1140 913 1315 955 consule
1349 925 1489 965 natus,
1508 925 1552 955 et

109 971 161 1013 C.
188 971 337 1024 Laelio,
371 973 556 1015 triennio
588 974 681 1030 ipso
712 974 866 1024 minor,
908 986 1038 1028 quam
1069 971 1301 1013 Antonius.
1333 972 1450 1027 quod
1488 972 1551 1012 id-

104 1030 223 1071 circo
255 1031 394 1086 posui,
414 1043 476 1082 ut,
499 1032 670 1072 dicendi
705 1031 859 1074 Latine
885 1030 1026 1087 prima
1048 1029 1273 1070 maturitas
1302 1029 1346 1070 in
1373 1044 1459 1084 qua
1492 1044 1549 1070 ae-

106 1096 196 1128 tate
217 1089 469 1140 exstitisset,
485 1098 629 1145 posset
650 1089 816 1140 notari3
848 1096 889 1129 et
914 1086 1227 1143 intelligeretur
1242 1086 1335 1142 jam
1358 1087 1410 1127 ad
1434 1095 1549 1127 sum-

105 1160 225 1186 mum
247 1160 372 1202 paene
389 1161 480 1187 esse
503 1147 768 1203 perductam,
792 1155 839 1186 ut
859 1160 910 1187 eo
932 1144 1040 1186 nihil
1071 1144 1204 1186 ferme
1225 1145 1451 1200 quisquam
1475 1146 1549 1185 ad-

107 1203 209 1244 dere
231 1214 389 1259 posset,
413 1205 494 1245 nisi
516 1205 588 1260 qui
613 1220 639 1244 a
659 1203 947 1260 philosophia,
967 1217 992 1242 a
1015 1203 1115 1258 jure
1138 1202 1270 1253 civili,
1292 1203 1346 1243 ab
1369 1201 1550 1243 historia

106 1259 258 1302 fuisset
292 1261 555 1303 instructior.
608 1261 718 1313 Erit,
757 1261 900 1316 inquit
938 1260 1007 1300 M.
1039 1260 1214 1310 Brutus,
1255 1269 1330 1300 aut
1360 1259 1454 1314 jam
1485 1264 1634 1310 est44

104 1318 199 1369 iste,
221 1333 348 1374 quem
381 1321 633 1376 exspectas?
668 1319 842 1369 Nescio,
872 1319 1062 1373 inquam.
1123 1318 1208 1358 Sed
1240 1326 1305 1358 est
1337 1317 1467 1358 etiam
1500 1317 1636 1367 L.162

102 1380 145 1411 99
160 1375 300 1418 Crassi
335 1378 376 1418 in
404 1377 644 1427 consulatu,
668 1391 744 1432 pro
769 1376 826 1423 Q.
852 1375 1077 1431 Caepione‚
1108 1375 1358 1416 defensione
1381 1375 1551 1430 juncta,

102 1448 192 1475 non
216 1435 370 1486 brevis,
405 1444 453 1476 ut
473 1434 678 1487 laudatio,
712 1444 758 1474 ut
786 1434 924 1475 oratio
953 1442 1112 1484 autem,
1142 1433 1303 1475 brevis:
1336 1443 1555 1489 postrema

102 1491 291 1532 censoris
321 1493 474 1544 oratio,
497 1507 583 1548 qua
600 1507 713 1533 anno
733 1491 1236 1547 duodequinquagesimo
1255 1505 1353 1531 usus
1375 1501 1455 1531 est.
1503 1489 1553 1530 In

101 1547 169 1590 his
187 1550 387 1591 omnibus
410 1550 521 1591 inest
538 1548 714 1605 quidam
737 1551 827 1590 sine
846 1548 932 1589 ullo
956 1547 1056 1590 fuco
1075 1548 1266 1589 veritatis
1281 1547 1413 1589 colon
1428 1548 1555 1603 quin-

100 1606 233 1648 etiam
266 1608 610 1663 comprehensio,
637 1617 682 1647 et
711 1607 900 1648 ambitus
931 1605 1000 1646 ille
1032 1606 1259 1647 verborum
1295 1605 1347 1657 (si
1384 1605 1444 1646 sic
1478 1620 1552 1661 pe-

100 1664 271 1705 riodum
290 1665 493 1721 appellari
511 1664 670 1721 placet)
689 1672 780 1704 erat
798 1663 1044 1720 apudillum
1062 1671 1309 1705 contractus
1328 1673 1372 1703 et
1395 1663 1550 1714 brevis,

88 1729 144 1762 *et
174 1722 217 1763 in
241 1724 435 1764 membra
463 1722 678 1778 quaedam,
702 1736 800 1777 quae
828 1726 924 1763 κῶλα
956 1721 1102 1762 Graeci
1126 1729 1297 1771 vocant,
1324 1720 1550 1776 dispertie-

100 1780 175 1820 bat
197 1780 438 1821 orationem
454 1780 687 1822 lubentius.
738 1778 839 1820 Hoc
862 1778 957 1820 loco
982 1778 1157 1830 Brutus,
1183 1777 1546 1833 Quandoquidem
1567 1785 1636 1818 163

103 1845 148 1877 tu
179 1837 284 1878 istos
317 1847 523 1889 oratores,
547 1838 704 1893 inquit,
728 1846 956 1893 tantopere
989 1836 1160 1887 laudas;
1193 1835 1344 1876 vellem
1386 1835 1548 1890 aliquid

99 1894 313 1947 AntoniO,
337 1906 494 1952 praeter
513 1895 630 1936 illum
664 1895 717 1936 de
737 1895 904 1935 ratione
930 1893 1102 1935 dicendi
1127 1908 1227 1934 sane
1249 1893 1407 1933 exilem
1429 1893 1549 1933 libel-

99 1952 204 2004 lum,
227 1953 350 2009 plura
371 1952 734 1995 Crassolibuisset
752 1953 952 1993 scribere.
976 1966 1074 1992 curn
1096 1951 1212 1992 enim
1235 1950 1436 1991 omnibus
1461 1964 1549 1990 nie-

97 2011 280 2052 moriam
310 2011 390 2063 sui,
420 2021 512 2052 tum
536 2011 667 2052 etiam
691 2010 963 2065 disciplinam
993 2009 1165 2051 dicendi
1194 2008 1321 2049 nobis
1353 2007 1548 2063 reliquis-

99 2076 209 2109 sent.
266 2069 381 2109 Nam
413 2068 621 2110 Scaevolae
653 2067 825 2109 dicendi
856 2066 1115 2123 elegantiam
1146 2067 1253 2107 satis
1280 2080 1335 2106 ex
1367 2065 1419 2121 iis
1454 2079 1548 2105 ora-

96 2125 307 2178 tionibus,
334 2141 439 2182 quas
474 2126 660 2182 reliquit,
683 2125 891 2167 habemus
920 2123 1159 2181 cognitam.
1222 2122 1277 2164 Et
1306 2137 1405 2179 eg0,
1430 2122 1546 2163 Mihi
1566 2133 1636 2167 164

101 2183 276 2237 quidem
295 2199 320 2224 a
341 2184 525 2240 pueritia
545 2185 666 2240 quasi
689 2183 898 2239 magistra
911 2181 1008 2233 fuit,
1032 2181 1223 2238 inquam,
1246 2180 1318 2221 illa
1341 2182 1384 2221 in
1407 2179 1547 2236 legem

104 2240 327 2296 Caepionis
370 2242 533 2283 oratio:
577 2243 622 2283 in
663 2256 748 2296 qua
786 2250 829 2281 et
871 2240 1105 2281 auctoritas
1148 2248 1325 2280 ornatur
1361 2248 1549 2289 senatus,

97 2312 184 2353 quo
208 2313 286 2355 pro
317 2299 466 2340 ordine
490 2299 560 2341 illa
581 2299 801 2351 dicuntur,
824 2307 867 2340 et
897 2298 1062 2341 invidia
1090 2296 1335 2339 concitatur
1357 2295 1401 2337 in
1429 2296 1550 2352 judi-

140 2457 180 2489 97
196 2456 292 2496 idque
304 2456 391 2486 nobis·
404 2456 449 2486 bis
462 2455 613 2496 narratu]
630 2455 703 2494 Bis,
716 2460 799 2488 teste
841 2455 936 2493 disse,
959 2455 1041 2487 bene
1066 2455 1174 2492 docet,
1199 2459 1231 2485 ct
1256 2454 1287 2485 id
1307 2464 1381 2485 cum
1405 2453 1546 2485 aliorum

98 2496 207 2534 Rivio‚
229 2499 321 2529 abest
340 2499 380 2528 ab
406 2498 456 2528 ed.
483 2499 580 2529 Rom.
606 2498 661 2528 sed
686 2505 736 2529 est
764 2499 800 2530 in
841 2504 1014 2529 auctorum
1037 2499 1116 2528 locis
1141 2497 1296 2527 conciliat
1320 2496 1482 2527 Corradus
1506 2497 1545 2526 ad

98 2539 171 2571 edd.
189 2540 270 2570 Ven.
292 2540 379 2571 Med.
395 2540 467 2571 Ala.
490 2541 586 2571 Junt.
615 2541 737 2572 Utrum
750 2545 800 2571 te·
841 2540 874 2571 h.
890 2541 913 2571 l.
943 2541 1005 2571 Sed
1017 2546 1126 2572 cetera
1141 2545 1219 2569 sunt
1235 2539 1427 2569 difficiliora.
1466 2539 1545 2568 Sen-

99 2590 188 2611 mere
211 2582 328 2613 ultima
349 2583 383 2613 in
404 2585 492 2614 uobis
514 2583 654 2623 repetita
676 2586 731 2621 sit,
754 2593 797 2614 an
840 2593 912 2612 sum
941 2583 1083 2613 arbitror
1109 2592 1176 2612 esse
1199 2582 1310 2612 hunc:
1335 2582 1418 2612 Cum
1437 2586 1545 2620 partes

97 2624 296 2663 absorpserit
319 2627 364 2655 bis
388 2627 422 2656 in
451 2626 520 2663 illa,
547 2627 711 2657 incertum
737 2629 798 2657 est.
842 2625 1004 2665 Caepionis
1031 2624 1224 2655 defendendi
1260 2635 1279 2655 a
1304 2623 1451 2664 pluribus
1479 2628 1546 2653 tra-

100 2675 160 2697 nec
178 2666 411 2703 refert‚utrum
427 2678 540 2699 verum
554 2669 606 2698 sit.
841 2673 941 2697 ctatae
955 2668 1035 2704 sint,
1053 2677 1119 2697 non
1133 2667 1173 2698 ab
1186 2677 1254 2697 uno
1270 2678 1279 2705 ;
1296 2675 1364 2696 non
1376 2671 1425 2697 est
1441 2665 1546 2695 brevis

143 2710 183 2742 98
205 2709 240 2737 in
256 2710 518 2751 magistratibus]
546 2712 589 2743 In
611 2711 712 2742 abest.
728 2709 799 2741 edd.
843 2709 901 2740 illa
933 2710 1064 2747 orati03
1107 2710 1184 2748 quia
1218 2709 1318 2740 habet
1345 2712 1453 2749 partes
1478 2707 1547 2737 lan-

101 2749 185 2781 Ven.
202 2750 290 2780 Med.
843 2751 941 2782 dandi
957 2752 1141 2792 Caepionis:
1166 2752 1192 2782 si
1209 2757 1318 2782 autem
1332 2760 1400 2781 esse
1416 2749 1550 2780 deberet

143 2796 184 2826 99
213 2792 320 2822 Crassi
334 2794 367 2823 in
381 2797 551 2826 consulatu
561 2805 623 2836 pro
639 2796 682 2837 Q,
705 2794 802 2835 Coepz’-
845 2795 952 2824 oratio
974 2795 1080 2824 totius
1101 2803 1236 2831 caussae,
1264 2794 1486 2824 defensionem
1514 2796 1549 2820 et

102 2844 171 2871 0⁷13,
197 2833 378 2873 deffensione
395 2836 518 2875 juncta
549 2839 622 2878 ἃς]
662 2839 803 2869 Causam
846 2835 1069 2868 laudationem
1084 2838 1298 2878 praestitura5
1317 2836 1409 2876 justo
1423 2834 1551 2865 brevior

102 2877 266 2917 Caepionis
280 2877 314 2906 in
329 2877 367 2909 L.
384 2880 488 2911 Crassi
502 2881 710 2912 consulatum
724 2880 808 2911 inci-
847 2879 957 2910 toret*

162 2932 271 2960 vor..
297 2933 328 2961 1.
786 2937 816 2965 n
840 2921 869 2964 h
