1914 3220
685 107 1143 162 PRJEFATIO.
1484 115 1487 158 J
1530 105 1639 161 xvii

187 238 604 311 negligerentur.
683 236 887 308 Itaque
925 237 1080 308 azpuld
1110 235 1394 289 Victoriam
1413 244 1472 289 et
1497 235 1630 289 alios

186 340 336 395 saepe
411 323 603 394 reperi,
665 341 809 377 cum<
857 322 1148 375 lectionem
1225 320 1472 391 aliquam
1535 339 1633 391 pro

184 426 348 471 nova,
390 427 421 462 e
465 408 604 461 libro
649 427 749 461 suo
791 407 1013 479 script0‚
1057 414 1155 459 aut
1200 406 1368 460 etiam
1414 406 1634 477 ingenio

183 494 454 556 afferrent,
482 511 610 564 quae
631 492 850 546 ,dudum
890 493 947 545 in
988 491 1243 546 Romano
1269 499 1366 544 aut
1406 490 1513 543 alio
1541 509 1633 544 ex-

181 579 369 650 emplo
417 579 631 650 prolata
652 586 818 632 erat:
861 577 1014 649 quod
1062 577 1318 630 omnibus
1365 575 1436 628 ad
1482 574 1632 632 Gra:-

181 665 322 717 vium
348 681 527 734 usque
553 681 848 719 commune
881 671 993 716 est:
1037 662 1172 734 Ejus
1212 662 1421 733 generis
1447 670 1631 715 exem-

183 749 278 821 pla
309 749 486 802 multa
522 750 578 802 in
619 749 760 803 notis
800 748 994 801 nost-ris
1034 747 1324 818 reperient,
1353 746 1450 817 qui
1488 747 1630 818 lege-

179 834 303 887 rint.
378 834 635 907 Inprimis
664 853 774 887 non
803 834 959 906 potui
987 833 1117 887 satis
1144 832 1344 894 mirari,
1369 832 1523 902 quod
1551 833 1622 885 illi

179 920 412 974 editores
449 929 674 984 veteres,
717 919 1044 973 nominatim
1075 918 1350 980 Victorich
1380 926 1494 971 tam
1536 937 1627 971 ne-

179 1005 387 1078 gligens
430 1006 735 1059 editionum
774 1005 1092 1077 primarum,
1125 1011 1189 1056 ut
1228 1003 1626 1067 Romanarum,

178 1090 358 1154 fuerit,
388 1110 622 1162 quarum
651 1090 908 1161 exempla.
934 1088 984 1142 ei
1009 1089 1242 1160 reperire
1268 1107 1378 1140 non
1407 1088 1627 1143 difficile

178 1196 295 1232 esse
334 1177 545 1248 potuit:
589 1176 739 1230 Eum
779 1174 1057 1228 interdum
1100 1182 1419 1245 suspectum
1457 1174 1627 1227 habui

177 1261 401 1325 fraudiS,
434 1280 563 1314 cum
603 1261 693 1314 ille
731 1279 762 1314 e
801 1279 901 1313 suo
936 1259 1074 1312 libro
1112 1258 1281 1313 veteri
1316 1259 1402 1312 vel
1433 1259 1626 1313 codice

176 1366 234 1401 se
272 1347 540 1419 recepisse
577 1346 800 1409 diceret,
830 1345 982 1417 quod
1022 1354 1105 1398 est
1138 1345 1195 1397 in
1233 1344 1474 1398 editione
1517 1345 1626 1399 Ro-

170 1451 362 1495 mana,
403 1441 460 1486 et
501 1451 675 1485 unum
717 1431 1037 1503 exemplum
1079 1449 1205 1483 eum
1253 1430 1363 1483 fere
1407 1430 1479 1483 ab
1522 1431 1625 1484 hac

174 1518 487 1590 suspicione
514 1517 780 1571 liberavit.
858 1516 927 1569 In
954 1516 1112 1588 epist.
1154 1516 1225 1568 ad
1268 1516 1482 1569 Divers.
1514 1515 1624 1580 IX,

174 1609 264 1658 22.
311 1604 367 1657 in
408 1603 784 1675 disputatione
822 1602 893 1675 de
933 1602 1108 1655 verbis
1136 1602 1404 1665 obscenis,
1434 1600 1626 1655 Cicero

174 1689 270 1753 ait,
317 1688 638 1743 Senatorem
680 1689 925 1760 aliquem
977 1687 1280 1760 aliquando
1327 1687 1381 1740 in
1429 1695 1624 1740 senatu

173 1775 392 1838 dixisse,
419 1777 626 1847 culpam
668 1776 803 1828 hanc
842 1794 912 1827 an
953 1775 1100 1826 illam
1140 1775 1383 1843 majorem
1418 1776 1625 1844 putas?

174 1878 288 1933 quo
326 1861 458 1914 nihil
500 1861 743 1933 potuerit
779 1861 888 1914 dici
922 1859 1231 1913 obscenius
1313 1858 1421 1911 Hic
1461 1878 1624 1913 nemo

171 1947 355 2020 potuit
382 1947 783 2000 obscenitatem
810 1946 1075 2017 reperire:
1118 1944 1212 1997 sed
1233 1952 1291 1997 et
1317 1962 1481 1996 nemo
1510 1963 1627 1997 cor-

170 2032 326 2086 rexit.
381 2030 651 2086 Gruterus
678 2031 749 2084 ad
777 2040 1086 2085 extremum
1114 2030 1267 2093 dicit,
1294 2030 1624 2083 Politimzum

168 2103 510 2190 in⁸exemplo
539 2136 638 2171 suo
668 2126 886 2171 notasse
910 2117 1132 2188 pulpam
1173 2134 1271 2187 pro
1299 2116 1523 2186 culpam.
1565 2124 1624 2168 at

167 2203 317 2258 enim
351 2205 571 2274 pulpam
601 2210 683 2257 est
720 2203 777 2255 in
816 2202 902 2257 ed.
934 2201 1216 2254 Romana:
1260 2218 1375 2272 qua
1411 2200 1454 2253 'si
1494 2219 1621 2254 usus

167 2298 311 2343 esset
339 2288 635 2353 Victorius,
673 2289 826 2342 locus
867 2276 1062 2358 utique
1102 2287 1174 2339 ab
1209 2274 1452 2340 eoesset
1493 2285 1622 2339 inde

168 2383 462 2428 correctus,
503 2375 696 2446 Atque
723 2375 890 2429 etiam
917 2374 1011 2426 illa
1036 2373 1294 2442 frequens
1323 2371 1486 2424 estin
1516 2370 1621 2429 hoc

147 2479 364 2532 ‘genere
401 2460 750 2532 negligentia,
790 2458 943 2530 quod
982 2458 1062 2510 ita
1099 2456 1386 2527 exemplis,
1422 2456 1465 2509 si
1507 2474 1624 2528 qua

166 2544 480 2599 habuerunt
519 2545 851 2615 antiquiora,
890 2543 974 2596 usi
1008 2552 1141 2600 ,sunt
1181 2542 1528 2614 plerumque,
1559 2550 1621 2596 ut

166 2640 453 2702 appareat,
482 2650 574 2684 eos
613 2649 725 2683 non
754 2638 934 2683 totum
962 2636 1177 2681 textum
1210 2646 1398 2680 eorum
1428 2637 1621 2680 eontu-

164 2713 307 2781 lisse,
334 2717 429 2773 sed
459 2726 676 2771 tantum
712 2733 810 2788 per
836 2714 1152 2768 occasiones
1192 2713 1511 2786 inspexisse,
1538 2721 1620 2775 ut,
