1945 3235
307 161 386 199 4⁶0
874 161 1146 202 BRUTUS.

309 266 474 308 audires
498 265 590 308 sine
611 266 948 324 comparatione,
982 283 1068 309 non
1102 265 1232 309 modo
1263 272 1493 309 contentus
1518 281 1645 322 esses,
1671 270 1745 313 sed

221 326 294 362 135
310 323 458 364 melius
481 339 567 366 non
591 338 817 381 quaereres.
880 326 937 373 Q.
963 325 1166 367 Metellus
1188 324 1460 376 Numidicus,
1481 333 1525 366 et
1545 325 1638 381 ejus
1659 327 1748 368 eol-

306 380 403 437 lega
427 380 493 423 M.
515 382 698 433 Silanus,
721 383 924 424 dicebant
945 383 998 424 de
1030 381 1249 439 republica
1271 382 1385 437 quod
1408 392 1520 424 esset
1541 383 1623 424 illis
1645 384 1746 426 viris

304 450 350 479 et
347 414 583 481 Dconsulari
606 440 807 496 dignitati
833 440 947 481 satis.
1010 440 1077 481 M.
1092 439 1289 480 Aurelius
1315 439 1499 481 Scaurus
1521 454 1607 483 non
1631 455 1747 498 saepe

305 495 492 548 dicebat,
515 497 587 538 scd
623 497 780 552 polite:
818 497 968 537 Latine
992 498 1150 538 veroin
1186 497 1333 553 primis
1353 506 1417 538 est
1448 498 1746 553 (1003010110-

304 562 444 594 cutus.
506 555 617 601 Qire
637 554 726 594 laus
758 554 904 595 erdem
938 555 981 594 in
1013 554 1067 595 A.
1094 554 1250 595 Albino
1283 555 1388 595 bcne
1414 555 1614 610 loquendi
1647 554 1744 597 fuit.

305 609 420 651 Nam
444 611 597 652 flamen
619 611 801 651 Albinus
832 612 959 651 eti-rm
994 611 1035 652 in
1069 627 1246 652 numero
1276 621 1340 652 cst
1361 611 1534 653 habitus
1565 613 1746 654 diserto-

304 681 415 708 r.um
477 669 534 714 Q.
557 669 686 709 etiam
711 667 878 724 Caepio,
904 668 967 708 vir
989 683 1098 718 ·1(·,01
1121 679 1163 709 et
1186 668 1323 720 fortis,
1344 669 1412 709 cui
1436 670 1609 711 fortuna
1630 669 1745 722 belli,

223 716 502 777 3601·11111111;
537 726 698 765 invidia
728 726 892 781 populi,
915 701 1147 766 calamitati
1181 725 1276 766 fuit.
1337 725 1448 767 10111
1471 727 1600 768 etiam
1633 727 1685 769 C.
1701 738 1747 768 et

220 781 358 834 136L.
379 760 595 833 Memmii,
619 782 793 823 f·uerunt
823 793 1012 823 oratores
1046 783 1296 833 mediocrffes
1321 794 1588 826 accusatores
1611 799 1744 837 acres,

306 849 434 894 atque
457 841 615 881 acerbi.
650 840 794 895 itaque
818 840 858 880 in
876 840 1093 895 judicium
1112 840 1266 895 eapitis
1288 840 1444 881 multos
1468 851 1746 894 vocaverunt,

303 911 382 952 pro
402 897 482 938 reis
505 911 591 938 non
609 912 724 953 saepe
745 897 962 938 dixerunt.
1024 897 1098 953 Sp.
1119 896 1303 937 'lhorius
1326 898 1427 938 satis
1451 898 1610 940 valuit
1601 914 1643 941 m
1667 915 1744 957 po-

302 953 440 1009 pulari
476 967 632 1010 genere
662 954 848 1005 dicendi,
886 955 936 1005 15,
969 969 1042 1010 001
1077 968 1226 1010 agrum
1259 954 1479 1010 publicum
1516 956 1673 999 vitiosa
1701 966 1746 999 et

301 1011 445 1052 inutili
478 1012 586 1068 lege,
610 1011 810 1068 vectigali
833 1011 1006 1053 levavit.
1068 1011 1135 1052 Μ.
1161 1011 1392 1053 Marcellus
1423 1003 1639 1054 AEsernini
1671 1029 1746 1071 pa-

303 1081 382 1119 ter,
399 1083 486 1109 non
511 1070 579 1110 ille
600 1070 807 1125 quidem
798 1085 841 1110 m
867 1070 1072 1126 patronis,
1096 1070 1167 1111 sed
1190 1077 1233 1111 et
1256 1069 1299 1110 in
1319 1070 1498 1124 promtis
1522 1079 1680 1122 tamen,
1702 1080 1746 1113 et

302 1140 390 1166 non
416 1126 711 1168 inexercitatis
745 1127 796 1168 ad
828 1127 1073 1178 dicendum,
1097 1126 1194 1178 fuit,
1216 1135 1264 1167 ut
1287 1126 1398 1167 filius
1421 1127 1528 1183 ejus,
1563 1127 1614 1168 P.
1635 1127 1746 1170 Len-

217 1190 291 1230 137
304 1182 430 1224 tulus.
494 1183 542 1225 L.
565 1185 695 1226 etiam
717 1183 862 1235 Cotta,
886 1186 1129 1241 praetorius,
1151 1185 1194 1225 in
1218 1184 1500 1226 mediocrium
1522 1194 1744 1228 oratorum

300 1254 494 1293 numero,
525 1242 695 1283 dicendi
718 1256 805 1283 non
839 1243 900 1283 ita
932 1242 1115 1283 multum
1139 1241 1263 1283 laude
1285 1251 1564 1307 processerat
1595 1243 1666 1284 sed
1690 1243 1745 1285 de

299 1298 526 1350 industria,
545 1314 645 1341 curn
669 1300 825 1351 verbis,
849 1309 938 1341 tum
963 1300 1095 1341 etiam
1113 1299 1209 1356 ipso
1233 1315 1339 1341 sono
1357 1299 1479 1355 quasi
1503 1300 1750 1343 subrustico

297 1358 654 1412 prosequebatur,
676 1367 805 1422 atque
828 1357 1079 1398 imitabatur
1102 1357 1421 1422 antiquitatem

354 1413 501 1469 Atque
518 1429 600 1471 ego
619 1425 662 1456 et
685 1416 727 1455 in
753 1415 867 1456 1100
858 1430 951 1471 ipso
977 1414 1124 1465 Cotta,
1143 1424 1187 1456 et
1209 1416 1252 1455 in
1271 1415 1364 1455 aliis
1387 1414 1596 1471 pluribus,
1616 1415 1743 1457 intel-

296 1468 402 1526 ligo,
425 1486 493 1513 me
516 1487 601 1513 non
633 1473 694 1513 ita
726 1472 907 1513 disertos
941 1472 1138 1512 homines
1161 1481 1203 1513 et
1225 1471 1420 1513 retulisse
1450 1473 1492 1513 in
1523 1482 1744 1514 oratorum

166 1547 199 1579 p
217 1540 248 1572 17
255 1541 282 1572 7.
298 1540 538 1593 numerum,
577 1539 621 1570 et
652 1529 901 1570 relaturhrm
974 1528 1052 1570 Est
1084 1530 1199 1570 enim
1230 1530 1500 1585 propositum
1539 1529 1746 1586 colligere

254 1591 285 1612 ²·
299 1599 385 1636 005,
407 1587 481 1641 qui
505 1587 588 1627 hoc
612 1601 787 1627 munere
810 1587 852 1627 in
876 1587 1054 1628 civitate
1075 1586 1215 1627 functi
1236 1587 1336 1637 sint,
1357 1595 1403 1627 ut
1427 1596 1620 1629 tenerent
1645 1602 1741 1628 ora-

297 1651 438 1683 torum
461 1643 629 1685 locum:
663 1659 845 1699 quorum
869 1644 1042 1699 quidem
1066 1659 1164 1699 quae
1188 1642 1319 1685 fuerit
1334 1644 1541 1695 ascensi0‚
1557 1654 1601 1686 et
1613 1658 1741 1700 quam

296 1700 340 1740 in
365 1702 564 1742 omnibus
600 1702 726 1743 rebus
760 1701 949 1742 difficilis
984 1702 1138 1766 optimi
1162 1701 1387 1765 perfectio,
1411 1711 1540 1756 atque
1571 1702 1743 1743 absolu-

211 1770 282 1805 133
298 1757 373 1821 tio,
397 1773 450 1799 ex
486 1773 552 1810 eo,
589 1759 704 1814 quod
743 1760 900 1810 dicam,
939 1759 1177 1800 existimari
1216 1768 1373 1815 potest.
1436 1759 1580 1806 Quam
1617 1759 1744 1801 multi

294 1815 406 1856 enim
427 1815 519 1870 jam
555 1827 744 1858 orMatores
773 1817 1101 1858 commemorati
1137 1826 1251 1868 sunt,
1284 1827 1328 1858 et
1348 1831 1476 1872 quam
1506 1817 1615 1858 diu
1605 1831 1647 1858 in
1670 1831 1744 1859 eo-

293 1887 387 1913 lum
410 1874 734 1915 enumeratione
756 1889 987 1926 versamur,
1017 1889 1115 1915 cum
1151 1883 1292 1915 tamen
1326 1874 1474 1930 spisse,
1498 1883 1627 1929 atque
1649 1875 1740 1927 vix,

292 1939 342 1970 ut
364 1931 524 1972 dudum
549 1932 601 1973 ad
630 1931 968 1974 Demosthenem
989 1942 1032 1972 et
1054 1931 1129 1987 Η)
1135 1932 1341 1988 peridem,
1361 1946 1422 1973 510
1443 1945 1558 1972 nunc
1577 1932 1628 1973 ad
1648 1931 1741 1973 An-

292 1988 460 2029 tonium
493 1988 782 2045 Crassumque
816 1989 1120 2046 pervenimus?
1165 1989 1278 2030 Nam
1308 2003 1391 2045 ego
1425 1989 1486 2030 510
1520 1989 1741 2041 existimo,

289 2044 370 2086 hos
404 2057 594 2089 orwatores
626 2047 758 2088 luisse
788 2062 1019 2097 maximos,
1043 2055 1086 2088 et
1120 2047 1164 2087 in
1186 2047 1253 2088 his
1275 2048 1462 2103 primum
1492 2061 1588 2087 eum
1614 2046 1758 2088 Grae->

206 2103 439 2159 37corum
482 2105 620 2160 gloria
664 2105 816 2146 Latine
854 2105 1026 2146 dicendi
1070 2104 1242 2160 copiam
1284 2112 1515 2159 aequatam.
1577 2103 1740 2145 Omnia

205 2137 522 2212 139veniebant
565 2162 759 2203 Antonio
804 2162 845 2202 in
880 2172 1096 2214 mentem,
1128 2176 1262 2216 eaque
1301 2176 1377 2201 suo
1410 2175 1594 2217 quaeque
1626 2161 1739 2212 loco,

290 2217 361 2257 ubi
384 2217 613 2274 plurimum
640 2220 847 2275 proficere
870 2230 914 2260 et
938 2219 1075 2259 xalere
1098 2228 1303 2282 possent:
1336 2228 1383 2259 ut
1402 2219 1456 2259 ab
1480 2218 1739 2282 imperatore

286 2275 468 2330 equites,
490 2277 670 2340 pediteS,
692 2277 795 2317 levis
817 2287 1052 2318 armatura:
1087 2291 1147 2317 510
1180 2277 1234 2317 ab
1266 2275 1338 2317 illo
1369 2276 1412 2316 in
1435 2276 1628 2317 maxime
1658 2289 1738 2340 op-

286 2334 483 2388 portunis
516 2334 723 2374 orationis
759 2335 952 2390 partibus
987 2333 1324 2374 collocabantur.
1387 2331 1490 2374 Erat
1528 2333 1736 2375 memoria

288 2404 469 2442 summa,
492 2391 607 2432 nulla
638 2391 932 2432 meditrtionis
964 2392 1169 2447 suspicio.
1201 2392 1435 2447 imparatus
1467 2404 1635 2447 semper
1658 2404 1736 2453 ag-

286 2448 406 2502 gredi
439 2449 490 2489 ad
526 2448 756 2490 dicendum
787 2449 1037 2490 videbitur:
1070 2449 1142 2489 sed
1167 2448 1227 2489 ita
1262 2457 1352 2489 erat
1385 2457 1573 2511 paratus,
1595 2447 1734 2502 utju-

286 2505 417 2555 dices,
438 2505 509 2546 illo
532 2506 719 2557 dicente,
743 2520 1072 2570 nonnumquam
1097 2506 1344 2547 viderentur·
1364 2519 1450 2546 non
1472 2504 1573 2545 satis
1596 2504 1735 2560 parati

201 2561 338 2606 140ad
362 2563 601 2604 cavendum
634 2564 778 2604 fuisse.
841 2563 1014 2605 Verba
1007 2578 1112 2619 ipsa,
1145 2578 1232 2605 non
1260 2562 1331 2604 illa
1363 2561 1536 2617 quidem
1559 2561 1733 2617 elegan-

288 2619 454 2660 tissimo
488 2635 703 2663 sermone:
746 2621 890 2676 itaque
921 2621 1152 2684 diligenter
1186 2619 1389 2676 loquendi
1418 2618 1542 2660 laude
1574 2618 1730 2660 caruit.

284 2690 424 2731 neque
447 2686 590 2717 tamen
622 2688 687 2718 est
708 2678 938 2719 admodum
963 2678 1187 2733 inquinate
1208 2678 1397 2718 locutus.
1430 2676 1502 2717 sed
1524 2675 1609 2726 illa,
1631 2690 1730 2731 quae

284 2734 458 2791 proprie
476 2733 566 2774 laus
586 2736 767 2775 oratoris
786 2736 906 2776 estin
926 2736 1090 2777 verbis:
1123 2740 1240 2798 (nam
1257 2734 1397 2790 ipsum
1419 2733 1572 2774 Latine
1593 2733 1728 2790 loqui,

283 2800 347 2831 est
368 2790 470 2832 illud
487 2791 678 2846 quidem,
697 2801 745 2832 ut
768 2793 910 2848 paullo
931 2802 1030 2833 ante
1051 2792 1189 2843 dixi,
1180 2807 1223 2832 111
1247 2805 1404 2847 magna
1421 2790 1545 2832 laude
1565 2804 1730 2854 ponen-

282 2848 410 2890 dum:
444 2849 515 2889 sed
549 2863 635 2889 non
670 2859 755 2890 tarn
789 2864 865 2890 sua
895 2860 1064 2906 sponte,
1083 2863 1210 2904 quarn
1234 2849 1350 2904 quod
1372 2858 1437 2889 est
1458 2863 1483 2888 a
1514 2844 1729 2904 plerrsque

286 2905 549 2963 neglectum.
588 2920 676 2948 non
712 2907 828 2948 enim
875 2915 962 2983 tarn
1014 2906 1269 2963 praeclarum
1309 2913 1374 2949 est
1410 2905 1518 2948 scire
1560 2904 1728 2955 Latine,
