1914 3220
698 148 701 150 ’
753 125 1206 188 PRAEFATIO.
1490 135 1660 188 xxxix

219 282 327 317 non
357 251 580 319 modo‘e
599 264 751 318 'libris
793 266 1005 336 scriptis
1045 273 1101 319 et
1139 263 1316 328 editis,
1350 266 1510 334 ‘quod
1547 283 1662 318 rna-

220 350 366 403 xime
394 351 707 422 placuisset,
725 352 819 404 sed
847 353 1013 404 etiam
1042 369 1072 403 e
1099 351 1208 403 suis
1236 368 1382 421 saepe
1406 350 1658 402 aliorum-

218 435 689 506 quesconjecturis
733 445 946 490 textum
986 436 1310 488 mutaverit:
1353 448 1467 505 qua
1497 453 1654 487 accu-

214 519 422 572 satione
451 520 696 591 inprimis
725 521 981 574 adversus
1009 539 1137 572 eum
1177 539 1304 572 usus
1338 527 1421 573 est
1454 519 1656 572 Grute-

212 609 316 656 rus·
393 603 525 660 Jam
562 605 695 658 illud
726 606 954 677 quidem
991 604 1503 676 reprehendendum
1543 623 1656 657 non

209 695 367 749 esset,
410 689 461 741 si
491 690 659 743 modo
696 709 927 762 semper,
973 708 1004 742 e
1043 690 1244 761 quibus
1288 699 1343 742 et
1393 689 1653 760 qualibus·

207 773 485 828 sumsisset
527 776 692 838 libris,
734 777 1047 837 indicasset,
1092 794 1192 828 nec
1232 776 1460 828 lectoles
1503 774 1652 827 codi-

207 876 335 911 cum
375 852 619 913 veterum
658 861 1184 914 commemolatione
1225 860 1478 912 univelsa
1521 879 1650 913 con-

205 951 383 997 tentos
411 964 526 999 esse
554 946 831 999 voluisset:
853 946 977 999 -hoc
1004 956 1192 998 autem
1220 945 1263 998 si
1289 945 1457 998 modo
1484 953 1540 998 et
1566 963 1648 999 ra-

204 1028 352 1081 tione
395 1049 610 1102 semper
656 1031 867 1085 factum
906 1039 1064 1092 esset,
1113 1049 1213 1083 nec
1258 1030 1437 1102 ipsum
1488 1031 1647 1084 nimis

203 1113 527 1184 reprehendi
553 1125 753 1187 posset.
791 1148 794 1150 -
834 1115 941 1168 Sed
972 1115 1106 1185 quid
1148 1115 1202 1166 in
1243 1114 1386 1168 hanc
1431 1123 1646 1187 partem

202 1198 273 1252 de
300 1199 553 1252 Lambino
572 1200 941 1272 judicandum
982 1201 1066 1262 sit,
1096 1218 1262 1271 supra
1289 1200 1498 1253 dictum
1527 1210 1643 1255 est:

190 1291 274 1346 eet,
301 1291 364 1336 ut
406 1286 827 1339 concedendum
871 1286 956 1348 sit,
1001 1286 1152 1355 quod
1193 1303 1302 1337 non
1345 1285 1645 1358 defugiam,

200 1387 327 1421 eum
359 1370 603 1441 pluribus
631 1372 761 1424 locis
791 1372 912 1443 plus
941 1371 1172 1433 dedisse,
1202 1387 1373 1442 quam
1403 1372 1645 1435 deberet,

196 1473 298 1507 vsuo
316 1455 660 1528 aliorumque
679 1458 915 1530 ingenio,
944 1466 1115 1527 atque
1137 1456 1276 1510 adeo
1298 1476 1407 1509 non
1430 1476 1645 1528 semper

198 1558 383 1594 veram
407 1539 683 1595 Ciceronis
717 1562 947 1595 manum
974 1542 1299 1614 expressisse
1322 1543 1469 1613 (quis
1497 1543 1644 1596 enim

196 1624 302 1679 hoc
329 1627 413 1681 vel
440 1628 865 1700 religiosissimus
887 1629 1065 1682 editor
1084 1629 1168 1681 vel
1190 1637 1272 1681 est
1297 1636 1643 1690 consecutuS,

196 1712 281 1765 vel
310 1731 366 1766 se
394 1723 817 1767 consecuturum
849 1723 1032 1787 speret
1047 1713 1087 1781 ?)
1123 1722 1270 1768 certe
1296 1715 1401 1768 hoc
1429 1714 1645 1769 videtur

197 1797 505 1869 perfecisse,
527 1810 608 1862 ut,
637 1801 790 1871 quod
811 1800 1039 1872 intelligi
1070 1808 1274 1872 posset,
1303 1820 1368 1854 ac
1398 1801 1538 1853 bene
1567 1802 1643 1853 la-

196 1883 373 1937 tinum
402 1895 560 1947 esset,
588 1885 799 1956 ubique
835 1885 1055 1939 ederet:
1096 1886 1327 1957 ejusque
1366 1885 1506 1939 adeo
1546 1886 1642 1939 do-

193 1976 342 2022 ctam
372 1978 428 2023 et
455 1978 746 2024 venustam
775 1972 1068 2025 audaciam
1111 1971 1295 2024 multis
1335 1971 1467 2023 locis
1502 1989 1640 2042 prae-

192 2055 292 2108 tuli
337 2055 572 2119 Victorii,
616 2055 862 2120 Gruterz',
893 2056 1169 2110 Gebhardz'
1198 2065 1255 2111 et
1295 2056 1351 2110 J.
1383 2055 1640 2110 Gronovii

200 2142 479 2214 religioni:
528 2143 624 2214 qui
652 2151 837 2196 tamen
883 2151 939 2196 et
980 2143 1086 2214 ipsi
1137 2143 1464 2214 conjecturis
1512 2144 1637 2207 suis,

188 2236 286 2281 aut
324 2229 573 2292 aliorum,
612 2230 780 2284 etiam
819 2230 1148 2293 durioribUS,
1187 2229 1466 2284 interdum
1509 2242 1639 2283 sunt

189 2312 456 2367 obsecuti.

227 2398 371 2452 'Sed
413 2400 469 2453 in
513 2400 618 2454 hoc
655 2401 726 2456 de
770 2403 1018 2456 Lambini
1059 2400 1388 2456 lectionibus
1423 2398 1638 2471 judicio

184 2483 354 2537 etiam
395 2486 706 2539 cavendum
745 2501 844 2551 est,
887 2507 956 2540 ne
997 2486 1214 2541 inscitia
1255 2484 1638 2556 exemplorum

185 2579 464 2641 peccetur,
495 2588 622 2642 quae
646 2572 891 2625 Lambini
922 2592 1124 2625 nomen
1150 2571 1374 2632 habent,
1398 2578 1462 2622 ut
1491 2568 1637 2621 Gru-

187 2661 297 2706 tero
339 2664 395 2709 et
439 2655 650 2710 Grcevio
694 2659 960 2712 accidisse
1002 2658 1130 2710 vidi.
1225 2656 1403 2728 Igitur
1449 2664 1638 2707 tenen-

185 2737 320 2791 dum
348 2749 447 2804 est,
473 2760 540 2794 ea
571 2742 739 2795 modo
781 2743 1040 2814 exempla
1081 2761 1215 2805 esse,
1246 2759 1361 2812 qua
1400 2748 1637 2802 textum,

184 2838 310 2876 vere
333 2824 724 2890 Lambiniana,
742 2841 876 2899 ‘quae
899 2828 1007 2880 sint
1028 2827 1159 2880 anni
1189 2825 1348 2881 1566.
1376 2825 1412 2877 f.
1442 2824 1640 2878 eadem

873 2932 903 2964 c
933 2919 968 2967 4
