1945 3235
507 136 692 178 LIBER
719 135 1049 176 SECUNDUS.
1461 140 1538 175 203

96 249 141 291 in
164 254 330 297 senatu,
351 253 396 286 et
415 245 460 286 in
482 242 662 286 consilio
684 242 738 284 de
764 241 963 298 Syphace
984 241 1058 282 diu
1081 239 1364 283 deliberatum
1386 251 1474 294 est3
1497 251 1541 283 et

98 307 152 348 de
176 306 233 353 Q.
258 302 507 346 Numitorio
531 300 656 341 Pullo
679 300 792 356 apud
814 299 863 340 L.
884 298 1106 355 Opimium
1132 306 1176 337 et
1196 299 1288 353 ejus
1312 299 1540 340 consilium

100 364 174 406 diu
200 363 365 404 dictum
386 369 464 401 est.
510 357 566 400 Et
586 357 726 414 magis
750 357 793 397 in
816 356 900 397 hoc
923 355 1098 411 quidem
1121 355 1388 411 ignoscendi,
1411 371 1541 411 quam

97 418 393 478 cognoscendi
420 415 655 472 postulatio
680 414 828 455 valuit.
859 428 959 454 nam
993 427 1158 468 semper
1192 413 1335 454 animo
1358 414 1474 453 bono
1497 428 1542 454 se

100 480 145 520 in
168 477 375 535 populum
400 474 647 515 Romanum
669 471 801 512 fuisse
821 486 908 512 non
932 481 1021 512 tam
1046 470 1170 510 facile
1192 471 1419 527 probabat,
1442 485 1542 511 cum

101 532 383 591 conjecturali
405 531 716 573 constitutione
739 538 943 580 uteretur,
963 542 1093 584 quam
1116 536 1178 579 ut,
1201 535 1376 584 propter
1398 536 1541 583 poste-

102 595 189 634 rius
213 591 485 639 beneficium,
505 588 587 629 sibi
609 588 919 642 ignosceretur,
940 600 1039 627 cum
1062 585 1376 641 deprecationis
1398 592 1540 640 partes

102 650 370 706 adjungeret.
433 641 668 701 Oportebit
698 645 833 700 igitur
853 659 966 694 eum,
989 643 1062 699 qui
1089 644 1171 683 sibi
1200 652 1246 684 ut
1278 640 1623 699 ignoscatur,35

103 706 354 765 postulabit,
377 717 728 753 commemorare,
753 702 787 742 si
810 717 895 758 qua
917 716 992 742 sua
1014 701 1173 757 poterit
1196 700 1419 750 beneficia,
1441 709 1485 740 et
1507 699 1540 739 si
1558 713 1630 746 106

104 764 278 822 poterit,
299 761 538 812 ostendere,
562 776 613 801 ea
632 760 800 815 majora
820 774 925 810 esse,
947 773 1077 815 quam
1106 759 1216 809 haec,
1238 773 1334 813 quae
1356 757 1546 812 delique-

104 823 174 873 rit,
197 830 246 862 ut
266 820 359 877 plus
383 820 436 860 ab
459 833 510 859 eo
534 819 637 859 boni
661 832 789 873 quam
811 817 912 858 mali
944 815 1188 872 profectum
1212 830 1303 856 esse
1327 815 1546 857 videatur:

107 879 261 921 deinde
291 877 504 932 majorum
537 890 711 917 suorum
742 874 967 925 beneficia,
1000 874 1034 915 si
1064 889 1149 929 qua
1178 874 1427 923 exstabunt,
1450 886 1550 929 pro-

107 936 245 978 ferre:
296 934 451 976 deinde
490 934 729 984 ostendere,
760 947 847 975 non
880 932 996 983 odio,
1035 946 1174 988 neque
1206 930 1458 972 crudelitate
1489 929 1551 971 fe·

107 994 230 1046 cisse,
253 993 369 1048 quod
393 991 558 1041 fecerit,
591 992 663 1032 sed
695 999 770 1031 aut
801 989 998 1040 stultitia,
1030 998 1104 1030 aut
1137 989 1322 1045 impulsu
1354 987 1551 1043 alicujus,

111 1061 185 1093 aut
211 1051 354 1107 aliqua
374 1049 557 1091 honesta
581 1057 656 1090 aut
687 1047 899 1104 probabili
922 1062 1075 1088 causa:
1107 1056 1257 1103 postea
1281 1046 1486 1102 polliceri,
1509 1054 1555 1086 et

109 1109 380 1158 confirmare,
404 1122 448 1147 se
477 1118 520 1147 ct
550 1106 634 1147 hoc
666 1114 844 1162 peccato
868 1105 1060 1154 doctum,
1082 1114 1126 1144 et
1156 1105 1367 1145 beneficio
1389 1117 1552 1154 eorum,

110 1167 185 1223 qui
218 1166 298 1206 sibi
331 1164 592 1220 ignoverint,
615 1163 932 1213 confirmatum,
955 1162 1073 1202 omni
1104 1170 1298 1218 tempore
1327 1177 1353 1202 a
1382 1160 1457 1202 tali
1487 1175 1554 1201 ra-

113 1225 232 1266 tione
254 1222 503 1263 abfuturum
521 1239 529 1263 :
562 1221 717 1262 deinde
741 1235 860 1276 spem
882 1219 1121 1271 ostendere,
1144 1219 1288 1275 aliquo
1310 1233 1354 1259 se
1375 1218 1420 1259 in
1442 1218 1553 1269 loco,

112 1296 272 1337 magno
300 1280 366 1330 iis,
396 1280 469 1335 qui
502 1279 583 1320 sibi
614 1278 919 1329 concesserint,
947 1277 1041 1318 usui
1073 1276 1289 1319 futurum:
1322 1285 1486 1332 postea,
1521 1276 1554 1316 si
1570 1278 1644 1318 10‘7

116 1339 297 1380 facultas
319 1337 414 1388 erit,
446 1351 503 1388 se,
535 1347 609 1377 aut
635 1335 1020 1391 consanguineum,
1043 1344 1118 1375 aut
1140 1334 1235 1390 jam
1266 1350 1290 1375 a
1319 1333 1558 1389 majoribus

118 1395 315 1452 inprimis
346 1394 533 1435 amicum
556 1408 646 1435 esse
668 1393 1008 1445 demonstrabit3
1039 1401 1083 1433 et
1112 1392 1440 1448 amplitudinem
1472 1405 1559 1431 suae

116 1453 365 1503 voluntatis,
387 1461 431 1492 et
460 1451 734 1493 nobilitatem
764 1451 932 1506 generis
955 1465 1118 1501 eorum,
1140 1450 1213 1506 qui
1238 1465 1281 1491 se
1303 1449 1468 1490 salvum
1492 1463 1563 1489 ve-

122 1511 217 1563 lint,
239 1519 283 1551 et
304 1509 563 1566 dignitatem
585 1508 824 1560 ostendere,
846 1517 890 1550 et
911 1516 1053 1550 cetera
1074 1523 1137 1559 ea,
1162 1523 1258 1563 quae
1286 1507 1479 1564 personis
1508 1506 1563 1547 ad

122 1569 395 1610 honestatem
424 1575 468 1608 et
500 1567 827 1624 amplitudinem
862 1574 962 1608 sunt
991 1566 1214 1617 attributa,
1245 1580 1345 1607 cum
1375 1578 1565 1620 conque-

121 1627 275 1676 stione,
299 1625 390 1666 sine
420 1625 679 1681 arrogantia,
702 1624 747 1665 in
779 1638 823 1664 se
852 1638 943 1665 esse
973 1623 1302 1675 demonstrabit,
1323 1631 1372 1663 ut
1400 1622 1565 1663 honore

124 1684 270 1740 potius
304 1682 463 1737 aliquo,
496 1697 625 1738 quam
664 1681 751 1723 ullo
785 1681 998 1738 supplicio
1029 1681 1185 1738 dignus
1216 1696 1307 1722 esse
1343 1680 1563 1722 videatur:

120 1741 289 1794 deinde⁴
312 1749 477 1781 ceteros
516 1739 721 1796 proferre,
760 1740 916 1794 quibus
959 1739 1125 1794 majora
1166 1739 1323 1780 delicta
1362 1752 1567 1780 concessa

122 1799 222 1840 sint.
269 1796 335 1838 Ac
359 1798 542 1838 multum
565 1798 778 1853 proficiet,
802 1797 836 1838 si
859 1812 903 1838 se
924 1797 1247 1839 misericordem
1270 1797 1313 1838 in
1337 1804 1567 1852 potestate,

123 1865 168 1897 et
197 1869 459 1912 propensum
489 1855 542 1895 ad
565 1855 877 1911 ignoscendum
900 1854 1031 1895 fuisse
1053 1856 1265 1896 ostendet.
1325 1855 1471 1910 Atque
1501 1853 1566 1909 ip-

124 1928 219 1954 sum
251 1912 354 1954 illud
386 1921 613 1968 peccatum
635 1912 715 1953 erit
737 1912 1075 1963 extenuandum,
1099 1922 1146 1953 ut
1177 1927 1307 1968 quam
1336 1912 1567 1952 minimum

124 1970 317 2012 obfuisse
340 1969 556 2022 videatur;
578 1980 620 2010 et
642 1982 717 2011 aut
739 1978 878 2026 turpe,
901 1978 976 2010 aut
997 1970 1147 2011 inutile
1169 1969 1565 2019 demonstrandum,

127 2029 200 2069 tali
224 2028 276 2069 de
299 2028 475 2068 homine
501 2028 761 2084 supplicium
795 2042 976 2068 sumere.
1037 2027 1208 2069 Deinde
1236 2028 1341 2069 locis
1372 2041 1566 2068 commu·
1581 2039 1654 2074 108

126 2086 253 2128 nibus
295 2085 634 2126 misericordiam
671 2095 845 2141 captare
883 2085 1104 2141 oportebit
1136 2100 1191 2126 ex
1231 2085 1282 2126 iis
1322 2084 1565 2142 praeceptiS,
1579 2089 1651 2144 36

129 2158 226 2200 quae
258 2143 302 2184 in
325 2143 464 2199 primo
487 2142 598 2184 libro
622 2152 721 2184 sunt
741 2143 955 2199 exposita.
1007 2142 1289 2184 Adversarius
1312 2152 1456 2184 autem
1477 2156 1568 2182 ma-

130 2201 287 2244 lefacta
314 2201 517 2256 augebit:
549 2200 659 2241 nihil
686 2201 992 2257 imprudenter,
1024 2201 1096 2241 sed
1124 2201 1270 2242 omnia
1299 2215 1354 2241 ex
1388 2200 1571 2242 crudeli-

131 2268 219 2300 tate
247 2268 292 2299 et
321 2258 486 2299 malitia
510 2258 627 2299 facta
656 2258 796 2300 dicet:
829 2259 971 2314 ipsum
1004 2258 1401 2310 immisericordem,
1426 2272 1573 2315 super-

133 2317 236 2358 bum
267 2315 422 2357 fuisse:
455 2326 511 2367 et,
544 2316 578 2356 si
610 2316 784 2372 poterit,
808 2316 1021 2367 ostendet,
1053 2331 1220 2373 semper
1250 2317 1474 2358 inimicum
1506 2315 1574 2356 fu-

133 2374 228 2425 isse,
251 2383 296 2414 et
315 2373 504 2415 amicum
525 2373 617 2414 fieri
639 2373 756 2414 nullo
779 2374 909 2415 modo
933 2388 1070 2430 posse.
1125 2375 1171 2415 Si
1197 2374 1407 2416 beneficia
1430 2372 1573 2429 profe-

134 2440 212 2481 ret,
244 2441 317 2472 aut
359 2431 501 2486 aliqua
523 2431 576 2472 de
606 2446 735 2472 causa
758 2431 888 2482 facta,
910 2446 998 2472 non
1028 2441 1205 2487 propter
1236 2431 1572 2473 benivolentiam

135 2489 472 2540 demonstrabit3
505 2499 579 2529 aut
610 2499 760 2544 postea
789 2489 938 2530 odium
967 2503 1059 2530 esse
1089 2504 1185 2530 acre
1215 2498 1477 2545 susceptum,
1500 2496 1574 2529 aut

138 2545 210 2588 illa
226 2546 372 2587 omnia
389 2546 610 2587 maleficiis
628 2560 720 2587 esse
742 2546 902 2588 deleta:
927 2555 1001 2587 aut
1022 2546 1183 2588 leviora
1201 2547 1425 2598 beneficia,
1445 2561 1574 2602 quam

137 2603 373 2645 maleficia:
407 2614 494 2654 aut,
517 2619 615 2644 cum
640 2604 858 2645 beneficiis
892 2604 1028 2644 honos
1056 2604 1229 2645 habitus
1253 2606 1322 2656 sit,
1345 2619 1423 2660 pro
1445 2603 1576 2645 male-
1588 2609 1619 2638 P·
1634 2597 1691 2632 7⁶·

140 2659 239 2701 ficio
264 2675 439 2716 poenam
461 2660 571 2702 sumi
593 2670 806 2718 oportere.
851 2661 1022 2703 Deinde
1045 2672 1168 2719 turpe
1190 2677 1295 2714 esse,
1314 2671 1389 2703 aut
1411 2661 1576 2711 inutile,
1587 2652 1617 2671 a.

138 2717 320 2773 ignosci.
381 2717 564 2769 Deinde,
586 2719 640 2760 de
670 2735 757 2775 quo
780 2728 829 2760 ut
858 2727 1049 2776 potestas
1074 2729 1199 2771 esset,
1232 2735 1347 2777 saepe
1368 2720 1575 2776 optarint,
1591 2735 1665 2769 109

139 2774 183 2815 in
206 2788 304 2815 eum
326 2783 538 2831 potestate
560 2791 647 2817 non
669 2777 748 2828 uti,
768 2792 978 2817 summam
1002 2792 1093 2818 esse
1116 2778 1369 2819 stultitiam:
1392 2786 1435 2818 et
1457 2776 1576 2832 cogi-

139 2840 229 2872 tare
265 2843 476 2887 oportere,
499 2848 626 2889 quem
658 2834 849 2876 animum
880 2835 924 2875 in
947 2849 1061 2887 eum,
1085 2835 1151 2877 vel
1181 2836 1306 2891 quale
1327 2835 1473 2876 odium
1507 2835 1582 2875 ha-

146 2889 332 2931 buerint.
394 2890 534 2933 Locus
555 2901 698 2934 autem
721 2892 962 2935 communis
983 2893 1079 2943 erit,
1102 2892 1345 2949 indignatio
1367 2891 1585 2943 maleficii,
