1945 3235
283 170 358 205 198
737 163 817 202 DE
856 161 1259 201 INVENTIONE

281 286 323 311 se
347 278 421 311 aut
444 283 529 310 non
553 267 757 325 potuisse,
781 276 855 310 aut
877 283 961 309 non
985 265 1183 308 debuisse
1206 267 1247 308 id
1271 266 1426 316 facere,
1449 265 1564 321 quod
1595 258 1723 308 accu-

283 338 398 368 sator
422 327 539 369 dicat
559 326 825 383 oportuisse:
850 325 965 381 quod
987 340 1073 365 non
1098 325 1299 381 potuerit,
1324 338 1380 364 cx
1407 323 1604 365 utilitatis
1627 339 1724 380 par·

286 386 418 436 tibus,
439 386 480 426 in
500 385 656 440 quibus
678 392 743 425 est
765 383 1091 424 necessitudinis
1114 383 1208 423 4vis
1232 381 1474 436 implicata:
1497 381 1613 435 quod
1635 393 1723 422 non

288 443 499 493 debuerit,
521 457 576 482 ex
608 441 831 482 honestate
853 439 1209 481 considerabitur.
1272 439 1340 480 De
1366 446 1547 493 utroque
1572 438 1725 478 distin-

290 501 400 542 ctius
433 501 475 541 in
508 499 788 540 deliberativo
812 511 966 554 genere
997 498 1176 538 dicetur.
1238 496 1407 538 Deinde
1438 495 1583 536 omnia
1613 495 1729 536 facta

290 573 382 600 6556
411 559 465 598 ab
487 572 574 607 reo,
598 572 693 611 quae
726 556 770 597 in
802 555 935 611 ipsius
967 554 1126 596 fuerint
1159 563 1397 610 potestate;
1428 552 1543 608 quod
1570 553 1728 603 minus,

291 631 420 670 quam
453 614 718 664 convenerit,
758 612 921 655 factum
952 612 1021 663 sit,
1055 612 1181 668 culpa
1215 612 1256 653 id
1297 611 1468 652 alterius
1508 609 1729 651 accidisse.

230 678 281 713 90
295 673 463 714 Deinde
496 673 538 712 iu
578 671 750 711 alterius
784 669 912 725 culpa
948 669 1205 725 exponenda
1241 667 1622 710 demonstrandum
1651 675 1732 717 est,

292 739 501 787 quantuni
538 728 770 768 voluntatis
801 737 844 768 et
878 727 1006 767 studii
1042 725 1172 767 fuerit
1203 727 1245 767 in
1286 727 1402 782 ipso:
1434 734 1477 765 et
1516 724 1558 766 id
1597 723 1734 780 signis

295 785 639 829 confirmandum
667 784 942 840 hujusmodi3
974 799 1027 824 ex
1051 795 1193 825 cetera
1213 783 1452 839 diligentia,
1473 796 1528 823 ex
1551 789 1650 823 ante
1672 780 1736 823 fa-

296 846 392 895 ctis,
424 854 496 884 aut
531 843 684 894 dictis3
717 851 846 897 atque
876 842 960 883 hoc
990 841 1071 897 ipsi
1104 841 1207 882 utile
1241 840 1371 882 fuisse
1402 840 1555 890 facere,
1586 838 1738 880 inutile

297 913 440 943 autem
464 916 550 942 non
574 900 729 951 facere,
751 908 796 940 et
817 913 915 940 cum
938 908 1081 939 cetera
1102 899 1191 939 vita
1214 898 1351 954 magis
1375 898 1457 938 hoc
1481 896 1611 938 fuisse
1633 911 1737 938 con-

299 970 567 1009 sentaneum,
589 972 719 1013 quam
741 956 859 1012 quod
880 964 1057 1012 propter
1078 956 1250 997 alterius
1273 955 1444 1011 culpam
1465 969 1551 996 non
1574 953 1739 995 fecerit.

215 1006 286 1054 30
301 1018 345 1057 Si
365 1026 509 1058 autem
527 1030 615 1056 non
639 1015 683 1056 in
700 1014 920 1056 hominem
942 1021 1123 1065 certum,
1144 1013 1216 1053 sed
1236 1013 1280 1053 in
1300 1027 1387 1053 rem
1407 1011 1593 1066 aliquam
1610 1025 1741 1053 causa

300 1073 607 1124 dimovebitur,
631 1079 680 1113 ut
700 1072 746 1114 in
769 1071 851 1112 hac
873 1070 1021 1112 eadem
1055 1085 1113 1121 re,
1134 1071 1168 1111 si
1190 1078 1380 1126 quaestor
1400 1077 1594 1111 mortuus
1615 1076 1743 1120 esset,

300 1142 343 1173 et
367 1131 528 1172 idcirco
551 1129 703 1186 legatis
726 1129 911 1186 pecunia
937 1128 1038 1169 data
1059 1143 1146 1169 non
1168 1135 1304 1179 esset3
1335 1126 1609 1168 accusatione
1638 1126 1743 1167 alte-

300 1190 402 1240 rius,
432 1199 475 1229 et
505 1188 645 1244 culpae
678 1186 929 1243 depulsione
958 1187 1105 1226 demta
1136 1185 1288 1227 ceteris
1320 1183 1515 1225 similiter
1544 1183 1607 1225 uti
1637 1183 1745 1225 locis

302 1246 537 1303 oportebit,
559 1257 603 1286 et
624 1259 679 1286 ex
702 1243 992 1286 concessionis
1024 1243 1234 1300 partibus,
1257 1257 1354 1298 quae
1385 1241 1658 1292 convenient,
1681 1255 1748 1281 as-

241 1304 288 1338 91
304 1318 493 1345 sumere:
525 1303 578 1344 cle
601 1303 758 1358 quibus
784 1311 883 1358 post
903 1301 1030 1342 nobis
1054 1301 1284 1342 dicendum
1308 1299 1403 1340 erit.
1467 1298 1572 1340 Loci
1602 1307 1748 1340 autem

304 1376 555 1404 communes
579 1360 710 1402 iidem
732 1360 925 1414 utrisque
950 1359 1053 1410 fere,
1076 1359 1149 1414 qui
1175 1357 1466 1414 superioribus
1489 1355 1751 1405 assumtivis‚

303 1418 523 1461 incident:
548 1417 591 1458 hi
616 1427 759 1458 tamen
779 1415 1034 1457 certissimi:
1059 1415 1334 1464 accusatoris,
1355 1414 1458 1455 facti
1482 1413 1750 1469 indignatio;

305 1476 556 1526 defensoris,
579 1490 679 1516 cum
703 1475 747 1515 in
778 1473 861 1516 alio
884 1473 1013 1530 culpa
1036 1473 1105 1524 sit,
1132 1473 1177 1514 in
1207 1473 1303 1529 ipso
1324 1486 1412 1512 non
1444 1471 1513 1522 sit,
1537 1469 1751 1526 supplicio

307 1537 324 1563 5
350 1548 392 1574 se
415 1533 529 1574 affici
552 1546 640 1572 non
665 1540 877 1588 oportere.

368 1590 509 1646 Ipsius
531 1599 675 1631 autem
699 1589 758 1630 rei
782 1589 832 1628 fit
854 1587 1053 1638 remotio,
1076 1601 1176 1629 cum
1201 1586 1259 1636 id,
1282 1585 1397 1642 quod
1421 1585 1546 1626 datur
1568 1583 1754 1636 crimini,

311 1656 441 1705 negat
463 1661 600 1702 neque
623 1646 676 1687 ad
700 1661 758 1698 56,
781 1660 920 1701 neque
942 1645 994 1686 ad
1018 1644 1211 1686 officium
1245 1658 1369 1684 suum
1399 1658 1494 1683 rcus
1527 1641 1756 1698 pertinuis-

310 1720 378 1746 se:
412 1719 504 1755 nec,
527 1704 593 1744 6si
618 1704 733 1759 quod
757 1704 799 1744 in
823 1718 874 1744 eo
898 1703 953 1743 sit
984 1702 1204 1751 delictum,
1235 1701 1317 1742 sibi
1341 1700 1519 1741 attribui
1542 1707 1757 1755 oportere.

314 1763 362 1804 Id
387 1777 521 1818 genus
543 1776 685 1803 causae
708 1769 772 1802 est
795 1760 1068 1816 hujusmodi:
1104 1759 1155 1800 In
1175 1773 1225 1799 eo
1250 1758 1429 1808 foedere,
1452 1757 1568 1814 quod
1590 1756 1756 1797 factum

311 1830 376 1862 est
409 1819 627 1875 quondam
661 1834 759 1859 cum
796 1817 1078 1868 Samnitibus,
1110 1816 1286 1872 quidam
1322 1815 1568 1856 adolescens
1598 1813 1757 1855 nobilis

312 1881 330 1911 7
358 1891 532 1933 porcam
575 1876 779 1917 sustinuit
810 1876 935 1931 jussu
967 1873 1252 1931 imperatoris,
1314 1873 1498 1913 Foedere
1530 1880 1674 1913 autem
1703 1871 1759 1912 ab

316 1944 466 1975 senatu
500 1933 762 1990 improbato,
795 1942 839 1974 et
877 1933 1136 1989 imperatore
1172 1930 1438 1972 Samnitibus
1473 1929 1634 1980 dedito,
1665 1927 1761 1984 qui-

318 1992 417 2033 dam
441 1993 484 2033 in
507 2003 656 2033 senatu
676 2006 773 2032 eum
798 2004 969 2046 quoque
991 1990 1112 2040 dicit,
1134 1986 1208 2044 q'ui
1240 2002 1415 2044 porcam
1439 1987 1638 2037 tenuerit,
1660 1985 1759 2026 dedi

258 2051 307 2087 92
321 2059 533 2105 oportere.
596 2048 788 2089 Intentio
811 2056 889 2099 est,
914 2047 1027 2089 Dedi
1059 2054 1245 2102 oportet.
1309 2044 1518 2101 Depulsio
1548 2052 1627 2094 est,
1661 2042 1763 2084 Non

321 2115 507 2162 oportet.
569 2105 768 2153 Quaestio
802 2114 881 2156 est,
914 2104 1206 2160 Oporteatne?
1240 2102 1370 2143 Ratio
1405 2110 1483 2152 est,
1515 2101 1616 2142 Non
1645 2099 1763 2140 enim

322 2177 466 2204 meum
490 2163 573 2204 fuit
594 2163 802 2213 officium,
825 2176 904 2203 nec
933 2175 1031 2202 mea
1054 2169 1257 2217 potestas,
1279 2174 1379 2201 cum
1400 2167 1444 2199 et
1475 2159 1517 2200 id
1540 2157 1698 2208 aetatiS,
1719 2165 1765 2197 et

321 2222 514 2277 privatus
537 2231 688 2270 essem,
707 2229 751 2260 et
772 2228 884 2260 esset
903 2233 1071 2259 summa
1091 2232 1191 2258 cum
1210 2217 1467 2258 auctoritate
1485 2224 1529 2256 et
1550 2221 1765 2272 potestate

322 2281 569 2334 imperator,
593 2279 611 2308 8
626 2277 699 2333 qui
724 2277 901 2328 videret,
924 2285 972 2317 ut
1004 2275 1105 2316 satis
1131 2275 1363 2316 honestum
1386 2273 1530 2315 foedus
1554 2272 1767 2314 feriretur.

364 2411 385 2439 4
410 2408 469 2438 Vis
487 2409 657 2447 implicata
672 2406 929 2446 demonstrabit]
957 2407 1023 2437 De·
1066 2405 1129 2436 lius
1144 2408 1226 2445 puto
1240 2404 1290 2435 vel
1311 2406 1339 2436 si
1353 2404 1628 2445 quid—delictum
1648 2403 1706 2436 sit:
1729 2405 1769 2432 ut

325 2451 388 2481 levi
402 2451 536 2481 verbum
552 2451 636 2480 dem.
658 2450 847 2480 auctoribus
862 2449 953 2479 libris
967 2450 1025 2479 bo-

325 2494 376 2524 nis
398 2503 449 2531 ap.
472 2492 622 2524 Oudend.
645 2492 750 2522 intell.
766 2503 783 2522 e
807 2492 1026 2531 superioribus

326 2535 466 2566 ostendet
477 2547 486 2563 .·
520 2544 618 2564 causa
651 2533 917 2575 interpolationis
951 2534 1028 2571 fuit,

327 2587 426 2618 quam
442 2586 526 2617 saepe
541 2577 617 2606 dixi.

372 2623 390 2650 5
415 2618 458 2649 Se
470 2618 584 2660 affici]
617 2618 659 2649 Se
672 2618 745 2648 dedi
760 2628 819 2659 pro
834 2628 940 2655 reum,
955 2629 972 2648 e
990 2617 1029 2647 li-

329 2662 395 2694 bris
410 2671 470 2690 ser.
487 2660 575 2690 Leid.
598 2663 623 2690 l.
637 2663 666 2691 Q.
680 2661 768 2690 Cass.
784 2661 846 2690 Gu.
861 2663 890 2692 2.
906 2670 982 2691 nam
996 2666 1030 2690 et

330 2705 365 2735 in
384 2703 594 2742 sequentibus
607 2703 646 2732 (16
660 2703 827 2733 defensore
843 2703 909 2733 fere
928 2702 1030 2741 loqui—

330 2751 399 2783 tur,
416 2755 452 2775 ac
471 2745 497 2775 si
521 2754 592 2775 reus
612 2746 679 2784 ipse
705 2745 870 2784 loquatur.
916 2745 1032 2775 Glossa

330 2788 420 2819 dedit
444 2797 549 2817 reum.
593 2787 656 2817 Res
671 2786 759 2818 clara
772 2792 822 2817 est
836 2797 873 2818 ex
897 2787 968 2817 edd.
983 2796 1031 2827 pr.

330 2841 405 2870 quae
426 2829 549 2860 habent
570 2839 602 2859 se
615 2839 728 2859 reum.-
751 2839 791 2860 ex
810 2829 925 2869 quibus
939 2839 1034 2859 reum

334 2873 420 2903 male
432 2871 553 2910 delegit
565 2871 677 2902 Aldus.

376 2915 396 2946 6
421 2914 457 2946 Si
479 2914 564 2954 quod
580 2915 616 2945 in
637 2923 670 2946 eo
692 2915 735 2945 sit
755 2913 935 2956 delictum]
962 2913 1033 2945 Me-

1069 2457 1136 2478 non
1159 2447 1363 2478 substantive
1377 2447 1506 2478 dicatur
1524 2445 1694 2482 delictum,
1709 2449 1770 2475 aut

1069 2492 1097 2521 si
1109 2490 1188 2531 quid
1200 2491 1237 2520 in
1256 2500 1290 2520 eo
1304 2490 1412 2520 delicti
1425 2490 1478 2520 sit.
1522 2487 1610 2519 Illud
1623 2487 1687 2518 Ms.
1702 2488 1768 2518 Gu.

1071 2535 1102 2565 ⁶2.
1118 2533 1229 2569 habet,
1243 2532 1306 2562 hoc
1318 2532 1383 2562 duo
1395 2541 1446 2572 ap.
1460 2529 1608 2562 Oudend.

1113 2578 1133 2608 7
1159 2574 1302 2604 porcam
1335 2572 1516 2612 sustinuit]
1554 2572 1635 2604 Mox
1661 2576 1771 2603 tenere

1071 2617 1110 2648 (le
1129 2615 1243 2647 eadem
1259 2626 1304 2647 re.
1347 2616 1399 2646 De
1418 2625 1519 2656 porca
1534 2624 1617 2646 coesa
1639 2615 1675 2645 in
1689 2615 1768 2645 foed.

1073 2670 1102 2689 v.
1126 2659 1207 2689 Intt.
1243 2658 1283 2689 ad
1318 2658 1434 2698 virgil.
1456 2658 1533 2688 AEn.
1555 2656 1651 2694 VIII,
1698 2657 1772 2689 642.

1073 2701 1168 2741 Quod
1182 2701 1235 2731 hic
1249 2704 1299 2731 est
1318 2700 1357 2731 de
1374 2704 1510 2731 tenente
1531 2708 1677 2741 porcam,
1694 2708 1771 2740 cum

1074 2743 1223 2780 caeditur,
1252 2752 1349 2773 nemo
1383 2752 1498 2773 eorum
1530 2741 1657 2782 attigit,
1685 2741 1773 2781 quod

1074 2787 1188 2822 sciam,
1211 2784 1266 2825 qui
1293 2785 1332 2816 de
1354 2785 1416 2815 hoc
1442 2785 1602 2816 sacrificio
1627 2782 1773 2814 foederali

1075 2837 1241 2868 scripsere.

1120 2873 1137 2901 8
1172 2870 1242 2911 ‚Qui
1269 2869 1418 2911 videret]
1463 2869 1483 2900 i.
1507 2879 1535 2901 e.
1560 2868 1654 2909 eujus
1689 2870 1775 2899 esset

1077 2912 1196 2949 videre,
1212 2921 1336 2943 curare.
