1945 3235
684 139 964 177 ORATOR.
1471 144 1546 179 515

100 240 154 283 de
173 241 342 299 legibus
365 242 571 301 disputat,
594 258 786 299 pressus:
820 251 918 298 post
950 242 1106 282 sensim
1137 242 1353 295 incedens,
1375 244 1546 300 judices

81 309 149 340 'ut
174 301 281 341 vidit
302 302 513 352 ardentes,
538 302 579 342 in
603 301 776 356 reliquis
798 299 1032 340 exsultavit
1055 299 1274 341 audacius.
1313 302 1378 343 Ac
1403 312 1546 345 tamen

103 358 192 398 ¹3in
237 358 319 400 hoc
362 359 470 415 ipso,
504 359 732 414 diligenter
772 357 1048 397 examinante
1086 357 1313 397 verborum
1352 361 1547 401 omnium

99 416 303 468 pondera,
337 416 608 472 reprehendit
631 414 858 455 iEschines
893 414 1158 468 ¹4quaeda1n,
1181 423 1223 454 et
1245 416 1465 470 exagitat3
1496 418 1548 458 il-

98 470 347 528 ludensque,
385 474 539 524 ¹5dira,
573 473 736 522 odiosa,
774 471 1061 512 intolerabilia
1096 485 1188 511 esse
1222 471 1343 511 dicit.
1405 474 1545 518 Quin-

96 530 229 570 etiam
253 531 484 586 quae1·it·ab
508 531 616 586 ipso,
639 543 737 569 cum
759 529 934 583 quidem
960 529 1103 569 lGeum
1131 528 1311 569 belluam
1343 530 1544 584 appellet,

96 596 242 628 utrum
276 588 346 628 illa
371 589 512 637 verba,
534 602 587 627 an
623 596 822 642 portenta
844 587 953 627 sint:
987 597 1034 626 ut
1058 586 1256 626 flischini
1292 600 1345 626 ne
1381 585 1543 627 Demo-

96 644 269 685 sthenes
287 645 458 699 quidem
485 644 678 684 videatur
699 645 830 685 attice
848 645 1003 684 dicere.
1066 644 1208 684 Facile
1226 654 1289 684 est
1312 644 1426 684 enim
1452 659 1543 685 ver·
1554 649 1607 689 27

98 701 199 743 bum
232 701 402 757 aliquod
435 701 585 742 ardens
605 709 673 753 (ut
703 702 763 742 ita
784 702 946 748 dicam)
970 711 1132 753 notare,
1164 701 1292 755 idque
1325 702 1542 743 restinctis

87 757 182 813 jam
204 759 443 799 animorum
471 759 678 800 incendiis
703 759 890 800 irridere.
953 758 1104 812 Itaque
1129 773 1173 799 se
1205 773 1392 814 purgans
1416 759 1544 813 joca-

95 823 164 856 tur
195 815 536 858 Demosthenes:
574 826 717 871 negat,
754 818 794 857 in
818 831 868 857 eo
895 817 1056 872 positas
1085 831 1175 857 esse
1200 816 1393 857 fortunas
1418 816 1543 858 Grae-

93 873 189 924 ciae,
215 873 337 913 17koc
359 889 413 915 an
434 873 541 914 illud
561 875 724 915 verbnm
746 874 909 924 dixerit,
934 874 1017 914 huc
1045 889 1098 915 an
1122 874 1221 915 illuc
1244 888 1418 914 manum
1442 889 1542 930 por-

80 930 268 971 ·rexe1·it.
320 931 523 978 Quonam
548 932 681 988 igitur
702 932 831 972 modo
854 932 1072 972 audiretur
1097 931 1267 987 MysuS‚
1290 942 1365 972 aut
1389 932 1540 988 Phryx

81 986 293 1039 Athenis,
322 1004 420 1030 cum
452 991 582 1030 etiam
618 989 932 1030 Demosthenes
964 990 1225 1045 exagitetur,
1260 999 1306 1029 ut
1336 991 1540 1045 putidus?

91 1044 205 1086 Cum
231 1061 329 1087 vero
354 1047 557 1088 inclinata
581 1046 845 1102 ululantique
867 1061 988 1097 voce,
1013 1061 1131 1088 more
1155 1046 1365 1098 Asiatico,
1388 1062 1541 1088 canere

91 1104 313 1159 coepisset‚
335 1105 430 1160 quis
453 1120 549 1145 eum
573 1104 730 1146 ferret?
761 1115 835 1145 aut
857 1105 951 1160 quis
977 1105 1119 1160 potius
1149 1120 1232 1145 non
1258 1104 1434 1159 =juberet
1464 1121 1539 1146 au-

93 1160 222 1202 ferri?
253 1161 321 1202 Ad
346 1162 593 1204 Atticorum
618 1162 751 1218 igitur·
772 1177 893 1203 aures
918 1173 1070 1209 teretes
1089 1173 1132 1203 et
1155 1163 1374 1218 religiosas
1397 1163 1469 1218 qui
1494 1158 1586 1213 se9

91 1220 437 1271 accommodant,
470 1221 498 1260 ii
531 1231 629 1261 sunt
651 1220 928 1261 existimandi
960 1221 1091 1261 attice
1121 1221 1277 1261 dicere.
1339 1220 1600 1266 Qum-unns

91 1290 250 1331 genera
280 1277 402 1333 plura
429 1287 552 1329 sunt3
586 1278 626 1318 hi
660 1293 793 1318 unum
827 1279 955 1318 modo
986 1278 1110 1333 quale
1147 1279 1215 1328 sit,
1249 1279 1537 1334 suspicantur.

95 1333 257 1375 Putant
277 1337 407 1385 enim,
429 1336 502 1391 qui
526 1336 697 1376 horride
725 1336 971 1390 inculteque
993 1336 1123 1386 (licat,
1148 1336 1277 1376 modo
1302 1336 1342 1376 id
1366 1336 1538 1392 elegan-

89 1401 154 1431 ter
184 1394 490 1448 enucleateque
521 1393 666 1443 faciat,
694 1407 791 1433 eum
825 1393 962 1434 solum
994 1394 1125 1434 attice
1147 1394 1304 1434 dicere.
1366 1393 1536 1446 Errant,
1549 1398 1600 1433 29

89 1449 205 1504 quod
228 1450 390 1492 solum:
423 1452 537 1505 quod
561 1451 707 1501 attice,
732 1465 817 1491 non
843 1450 1060 1492 falluntur.
1124 1450 1311 1492 Istorum
1334 1453 1447 1492 enim
1464 1452 1539 1507 ju-

84 1507 203 1548 ·dicio
227 1508 261 1547 si
293 1509 428 1548 solum
463 1508 564 1549 illud
587 1518 652 1548 est
674 1508 886 1557 Atticum,
918 1523 971 1549 ne
1007 1508 1192 1549 Pericles
1224 1509 1399 1564 quidem
1425 1509 1540 1551 dixit

88 1565 234 1614 attice,
258 1567 327 1606 cui
362 1566 511 1620 primae
545 1566 635 1606 sine
656 1566 949 1606 controversia
970 1566 1288 1607 deferebantur.
1311 1568 1384 1621 qui
1417 1567 1451 1607 si
1476 1577 1540 1608 te—

83 1622 160 1661 nui
195 1636 351 1678 genere
382 1633 586 1674 uteretur,
618 1638 852 1678 numquam
889 1625 942 1664 ab
975 1623 1268 1680 Aristophane
1296 1625 1429 1679 poeta
1459 1623 1544 1665 ful-

83 1693 203 1734 gere,
229 1689 391 1731 tonare,
416 1681 670 1736 permiscere
694 1681 911 1722 Graeciam
934 1681 1075 1722 dictus
1107 1692 1232 1722 esset.
1300 1681 1427 1722 Dicat
1460 1683 1543 1739 igi-

90 1745 158 1776 tur
179 1738 310 1778 attice
334 1739 657 1779 venustissimus
674 1739 744 1779 ille
766 1740 964 1794 scriptor,
984 1754 1034 1779 ac
1058 1739 1353 1795 politissimUS,
1375 1739 1540 1795 Lysias.

87 1795 183 1849 quis
206 1796 322 1836 enim
346 1796 386 1837 id
412 1796 547 1852 possit
569 1800 755 1852 negare?
787 1797 886 1837 dum
913 1797 1218 1853 intelligamus,
1240 1797 1322 1837 hoc
1345 1812 1435 1838 esse
1458 1797 1538 1839 At·
1551 1806 1582 1837 b.

90 1853 223 1892 ticum
257 1853 299 1893 in
334 1854 476 1909 Lysia,
507 1869 593 1895 non
623 1854 740 1910 quod
769 1855 909 1894 tenuis
939 1855 1008 1905 sit,
1042 1864 1172 1910 atque
1204 1857 1442 1906 inornatus,
1465 1856 1539 1897 sed

88 1909 205 1964 quod
235 1911 342 1951 nihil
369 1912 526 1952 habeat
559 1911 743 1952 insolens
777 1921 851 1952 aut
884 1912 1095 1968 ineptum.
1158 1912 1322 1953 Ornate
1356 1927 1472 1963 vero,
1495 1922 1540 1954 et

89 1968 292 2023 graviter,
322 1979 364 2010 et
400 1969 576 2026 copiose
608 1970 764 2021 dicere,
799 1979 873 2011 aut
901 1969 1149 2011 Atticorum
1185 1970 1255 2021 sit,
1292 1979 1365 2010 aut
1395 1985 1449 2011 ne
1484 1971 1540 2012 sit

88 2158 92 2160 ,
131 2133 168 2162 13
193 2132 227 2162 in
240 2133 296 2163 hoc
308 2133 629 2172 ipso—e.rami7zante
644 2133 716 2173 &c.]
735 2134 788 2164 Sic

86 2173 158 2204 edd.
183 2185 231 2215 pr.
247 2181 281 2205 et
297 2175 383 2216 Lips.
408 2187 447 2206 ex
463 2187 527 2215 quo
551 2181 625 2217 post
641 2177 727 2207 male
742 2176 789 2206 fa—

86 2220 178 2247 ctum
194 2220 407 2249 examinans.-
433 2220 527 2259 idque
542 2230 562 2250 a
575 2219 670 2250 Rivio
686 2220 720 2249 in
735 2229 788 2249 ex-

86 2261 258 2291 aminante
283 2267 480 2299 correctum,
497 2262 588 2292 velut
608 2272 666 2302 per
682 2265 790 2302 conje-

85 2306 226 2333 cturam.
272 2305 316 2334 Et
339 2304 394 2335 ille
418 2304 558 2335 habebat
580 2305 615 2334 in
639 2305 789 2335 manibus

85 2344 137 2375 ed.
154 2345 249 2376 Rom.
264 2352 298 2378 et
312 2347 395 2378 Ven.
418 2357 491 2386 quae
509 2349 721 2377 examinante
733 2346 790 2377 ha-

85 2385 176 2418 bent.
235 2389 324 2429 Ergo
352 2395 409 2420 aut
435 2399 468 2420 se
488 2391 630 2428 jactavit
651 2395 789 2427 temere,

86 2435 146 2460 aut
159 2430 192 2461 h.
210 2431 232 2461 l.
249 2442 315 2462 non
329 2433 472 2472 inspexit
486 2432 596 2462 libros.

133 2475 171 2502 14
193 2475 355 2514 quoedam]
382 2475 510 2515 Nempe
532 2476 660 2513 tropica
680 2474 790 2511 verba,

87 2518 125 2543 ut
145 2516 357 2561 ἀμπελεςγεῖν,
379 2517 544 2557 ἀνατέμνων
567 2518 608 2547 τὰ
629 2517 790 2555 nahum-z,

88 2556 252 2609 fifowifuecr
273 2562 363 2620 νᾶὖξα,
381 2563 591 2604 φοξμοῤῥκφεῖν,
606 2561 726 2597 βελόνας
753 2558 792 2590 δι-

90 2612 110 2630 21
131 2613 176 2632 51¹0.

113 2613 170 2675 315
207 2645 294 2681 dira,
323 2646 444 2686 odiosa]
476 2646 598 2685 Vulcsg.
623 2646 723 2683 dura,
752 2651 791 2676 ut

87 2685 139 2717 ed.
154 2687 249 2718 Rom.
265 2688 353 2729 Lips.
369 2695 404 2719 at
427 2690 501 2719 dira
517 2696 635 2720 ceterae
649 2688 721 2719 edd.
737 2698 786 2728 pr.

88 2729 175 2767 quod
204 2730 319 2761 melius
346 2732 520 2772 respondet
548 2741 654 2771 gra'co
682 2730 787 2773 μικραί.

87 2771 174 2801 dura
203 2777 286 2803 esset
316 2774 415 2809 idem,
443 2774 530 2813 quod
557 2775 790 2804 intolerabilia.

87 2813 126 2844 ln
149 2815 303 2886 ermplo
326 2817 376 2847 ed.
399 2816 481 2847 Ven.
505 2817 582 2848 dira
604 2822 790 2847 correctum

86 2861 137 2887 est
173 2868 248 2889 ura.

830 2131 886 2168 δας.
894 2138 1050 2173 portenta
1065 2139 1143 2164 sunt
1158 2133 1321 2164 AEschinis
1334 2132 1496 2172 θαύματα.

877 2180 912 2210 17
936 2177 971 2206 in
995 2178 1051 2207 hoc
1072 2187 1160 2212 ema,
1184 2178 1247 2206 huc
1270 2177 1345 2216 Saea]
1382 2178 1465 2207 Haec
1486 2181 1538 2208 est

832 2225 926 2250 vetus
946 2224 981 2249 et
1003 2229 1158 2250 conStans
1174 2219 1331 2249 librorum
1356 2219 1468 2257 lectio,
1483 2219 1541 2250 sed

834 2262 956 2292 nullius
972 2272 1096 2293 sensus.
1142 2261 1180 2291 In
1198 2261 1355 2292 Ettvict.
1370 2262 1468 2293 stella
1482 2273 1540 2302 po-

832 2305 896 2335 sita
909 2309 969 2334 est.
995 2305 1201 2335 Camerarius
1217 2305 1313 2342 ejecit
1330 2305 1362 2334 in
1379 2307 1435 2335 Ιιοο
1448 2314 1539 2343 eum,

832 2352 866 2377 et
887 2347 1029 2378 alterum
1047 2347 1143 2377 modo
1158 2356 1222 2376 serx
1231 2347 1309 2377 avit.
1348 2347 1539 2377 Ambrosius

833 2391 866 2420 in
884 2390 963 2421 Luc.
981 2389 1028 2425 II,
1045 2393 1075 2420 2.
1091 2400 1121 2430 p.
1144 2390 1233 2423 1296.
1249 2388 1299 2419 ed.
1316 2389 1406 2419 Mab.
1422 2390 1537 2421 laudat

833 2432 924 2469 hinc,
954 2434 1010 2462 hoc
1033 2442 1078 2462 cm
1104 2433 1158 2462 illo
1180 2433 1273 2461 verbo
1295 2441 1374 2462 usus
1397 2433 1451 2469 sit,
1475 2442 1540 2472 qua

833 2485 964 2505 sensum
989 2475 1083 2512 bene,
1100 2474 1155 2505 sed
1176 2484 1217 2504 an
1241 2474 1307 2503 sint
1324 2474 1394 2514 ipsa
1408 2475 1540 2506 Cicero-

835 2518 885 2547 nis
912 2519 1018 2552 verba,
1045 2527 1104 2557 pro
1127 2523 1218 2547 certo
1240 2516 1303 2546 dici
1326 2526 1393 2546 non
1419 2522 1539 2557 potest.

833 2561 975 2600 Quidam
990 2560 1174 2598 corrigunt,
1192 2561 1249 2589 hoc
1269 2569 1313 2589 au
1328 2560 1414 2589 illud
1427 2570 1472 2591 sc.
1491 2560 1540 2590 di-

834 2603 918 2632 xerit
933 2615 939 2632 z
964 2602 1050 2642 quod
1065 2612 1131 2632 non
1144 2601 1294 2641 displicet
1308 2601 1469 2632 Victorio.
1485 2602 1538 2633 Fr.

834 2645 998 2685 Gryphius
1021 2645 1123 2681 dedit„
1147 2646 1203 2674 hoc
1226 2654 1272 2674 cm
1297 2644 1382 2674 illaad
1402 2646 1538 2676 verbum

831 2688 973 2717 dixerit.-
1000 2688 1069 2717 sine
1093 2686 1183 2717 libris
1201 2686 1325 2721 latinis,
1342 2691 1380 2716 ut
1395 2688 1535 2727 opinor-3

831 2735 866 2759 et
894 2735 1008 2760 tamen
1035 2729 1177 2760 fideliter
1203 2738 1392 2769 expressum
1420 2735 1470 2760 est
1497 2729 1538 2760 de

833 2772 949 2802 Graeco
969 2771 1204 2803 Demosthenis
1228 2771 1267 2802 de
1294 2772 1415 2802 Coron.
1432 2783 1459 2802 c.
1484 2772 1536 2803 68.

834 2815 858 2845 εἰ
870 2816 938 2845 eruar}
950 2816 983 2845 τὸ
993 2816 1083 2857 ῥῆμα,
1095 2815 1184 2845 ἀλλὰ
1192 2815 1234 2854 μὴ
1249 2815 1317 2844 ww>
1332 2812 1536 2854 διαλεχθείην.

833 2858 948 2897 Itaque
964 2858 1025 2889 hoc
1039 2862 1170 2889 secutus
1183 2867 1270 2896 sum,
1285 2863 1323 2887 ut
1334 2863 1448 2888 tamen
1464 2867 1538 2889 sen-

91 2924 95 2928 .
131 2899 168 2930 16
190 2910 265 2932 eum
289 2901 432 2933 belluam
453 2902 609 2943 appellet]
633 2902 692 2933 Gr.
708 2899 790 2932 κίναι-
832 2910 886 2931 sus
899 2906 983 2932 esset
997 2902 1031 2932 in
1046 2906 1153 2933 textu.

756 2942 868 2985 Llss
