1945 3235
753 147 1028 186 BRUTUS.
1533 152 1610 190 455

168 258 344 295 acutum
366 259 410 295 et
430 253 532 294 artis
554 252 728 310 plenum
755 251 961 293 orationis
985 265 1134 306 genuS‚
1156 251 1196 283 69
1210 251 1282 291 sed
1317 259 1457 293 tamen
1481 252 1610 304 exile,

173 323 253 351 nec
281 311 384 352 satis
409 311 604 367 populari
636 310 870 351 assensioni
903 308 1293 350 accommodatum.
1336 309 1487 365 Itaque
1526 311 1610 361 illa,

166 381 264 422 quae
300 370 474 425 propria
514 377 578 409 est
619 367 747 423 hujus
791 367 1045 423 disciplinae,
1081 364 1438 421 philosophorum
1480 368 1532 407 de
1566 383 1610 408 se

167 423 360 479 ipsorum
394 427 558 482 opinio,
595 425 717 466 firma
755 425 795 464 in
820 424 903 464 hoc
939 423 1029 464 viro
1069 432 1109 462 et
1146 422 1310 464 stabilis
1335 424 1508 464 inventa
1529 436 1607 465 est.

169 482 258 528 Qui
280 498 541 539 quamquam
574 482 949 523 innocentissimus
973 481 1014 520 in
1039 480 1256 535 judicium
1281 489 1457 520 vocatus
1485 492 1607 532 esset,
1625 495 1695 527 115

164 542 457 596 (quojudicio
480 541 729 582 convulsam
755 539 925 594 penitus
958 539 1115 579 scimus
1147 552 1238 578 esse
1261 537 1650 592 1·e1npul›licain,)p.
1672 545 1740 578 175·

165 611 265 639 cum
300 607 440 639 essent
471 612 522 638 eo
557 606 749 653 tempore
781 595 1118 652 eloquentissimi
1166 595 1242 635 viri
1285 594 1331 635 L.
1356 594 1535 635 Crassus
1566 595 1650 635 eta·

165 652 234 695 M.
258 654 472 696 Antonius
508 660 767 704 consulares,
800 668 946 694 eornm
981 653 1185 694 adhibere
1220 662 1415 692 neutrum
1456 652 1608 694 voluit.

165 711 280 752 dixit
310 713 401 768 ipse
434 726 512 768 pro
546 726 661 763 sese3
694 722 736 752 et
767 726 904 767 pauca
939 711 990 751 C.
1017 711 1162 760 Cotta,
1186 711 1299 765 quod
1336 711 1492 750 sororis
1518 719 1610 750 erat

168 767 294 819 filius,
315 778 357 809 et
380 769 413 809 is
437 769 611 824 quidem
635 780 774 809 tumen
804 779 848 808 ut
867 778 1035 820 orat01·;
1068 781 1327 822 quamquam
1351 777 1441 808 erat
1464 767 1612 808 admo-

167 825 267 866 dum
293 826 555 867 adolescens.
617 827 698 868 Sed
725 826 782 873 Q.
807 825 983 867 Mucius
1015 825 1236 865 enucleate
1272 825 1341 865 ille
1373 825 1546 880 quidem
1569 835 1613 866 et

166 882 317 939 polite,
363 895 409 925 ut
447 883 626 940 solebat,
661 898 930 939 nequaquam
966 893 1108 924 autem
1139 897 1190 922 ea
1230 882 1268 922 vi
1308 893 1437 937 atque
1471 882 1612 938 copia,

163 954 295 995 quam
329 956 464 997 genus
499 941 601 982 illud
630 941 786 997 judicii
822 951 865 981 et
898 940 1154 997 magnitudo
1186 954 1326 980 causae
1350 941 1612 996 postulabat.

166 996 393 1040 Habemus
419 999 551 1055 igitur
575 1000 619 1040 iu
642 1000 801 1040 Stoicis
823 1000 1067 1039 oratoribus
1109 997 1323 1048 {utiliunu
1345 1001 1385 1031 70
1401 997 1611 1038 Scaurum
1627 1012 1700 1047 116

166 1054 210 1096 in
233 1056 444 1112 antiquis:
481 1067 708 1112 utrumque
742 1066 885 1097 tamen
915 1056 1151 1105 laudemus,
1174 1056 1378 1110 quonium
1412 1069 1485 1110 per
1518 1054 1611 1095 illos

164 1127 220 1153 ne
244 1113 337 1154 haec
360 1114 533 1169 quidem
559 1115 599 1155 in
624 1115 803 1156 civitate
826 1128 983 1169 genera
1013 1119 1090 1153 hac
1110 1113 1298 1153 oratoria
1319 1112 1443 1154 laude
1461 1127 1609 1153 carue-

166 1179 281 1212 runt.
344 1171 454 1213 Volo
485 1173 615 1222 enim,
641 1181 686 1212 ut
720 1172 763 1212 in
797 1185 938 1221 scena,
968 1171 1028 1212 sic
1058 1171 1189 1211 etiam
1213 1170 1256 1210 in
1291 1170 1400 1220 foro,
1425 1185 1507 1210 non
1531 1184 1603 1210 eos

164 1228 296 1269 modo
329 1229 505 1280 laudari,
527 1230 601 1284 qui
628 1232 665 1263 7¹
682 1229 808 1270 celeri
834 1239 951 1273 motu
975 1238 1019 1269 et
1041 1228 1208 1269 difficili
1230 1236 1419 1279 utantur,
1443 1228 1515 1268 sed
1539 1242 1611 1268 eos

163 1285 311 1335 etiam,
334 1301 441 1343 quos
465 1287 663 1328 statarios
685 1286 918 1342 appellunt,
935 1301 1119 1342 quorum
1142 1286 1198 1326 sit
1219 1285 1290 1326 illa
1311 1287 1352 1319 52
1363 1284 1546 1342 simplex
1566 1285 1610 1326 in

165 1345 335 1399 agendo
361 1345 530 1395 veritas,
554 1359 638 1385 non
663 1346 857 1385 molesta.

224 1399 281 1442 Et
305 1403 509 1457 quonium
545 1402 789 1443 Stoicorum
824 1411 890 1442 est
922 1400 1038 1442 facta
1068 1401 1247 1451 mentio,
1281 1401 1338 1447 Q.
1362 1399 1501 1441 AElius
1523 1399 1690 1446 Tu-ssl

165 1457 270 1499 bero
298 1459 379 1499 fuit
411 1459 482 1499 ilio
508 1470 715 1515 tempore,
752 1460 798 1501 L.
821 1458 959 1500 Paulli
992 1473 1142 1515 nepos,
1173 1458 1290 1500 nullo
1323 1459 1366 1498 in
1389 1469 1607 1499 oratorum
1626 1472 1700 1510 117

165 1530 362 1568 numero,
395 1517 465 1558 sed
502 1518 590 1557 vita
611 1531 797 1568 severus,
821 1527 864 1557 et
894 1531 1138 1572 congruens
1159 1531 1258 1556 cum
1289 1530 1339 1556 ea
1369 1516 1611 1572 disciplina,

164 1587 296 1629 quam
319 1573 516 1616 colebat:
550 1574 694 1630 paullo
727 1575 857 1615 etiam
882 1574 1053 1615 durior:
1086 1573 1352 1629 quiquidem
1386 1573 1428 1613 in
1463 1585 1616 1614 trium-

164 1630 307 1672 viratu
331 1631 598 1687 judicaverit
636 1642 787 1673 contra
825 1631 874 1672 P.
899 1631 1111 1683 Africani,
1146 1631 1345 1672 avunculi
1379 1631 1459 1682 sui,
1494 1631 1615 1672 testi-

163 1689 378 1738 monium,
410 1690 678 1730 vacationem
712 1703 912 1746 augureS‚
936 1704 1023 1744 quo
1055 1689 1197 1729 minus
1225 1689 1406 1744 judiciis
1437 1703 1615 1744 operam

162 1745 329 1796 darent,
354 1761 440 1787 non
463 1746 645 1789 habere:
679 1747 750 1788 sed
775 1757 822 1788 ut
855 1747 956 1798 vita,
981 1747 1042 1787 sic
1077 1746 1272 1787 oratione
1305 1746 1452 1797 durus,
1475 1746 1614 1787 incul-

161 1812 247 1853 tus,
279 1804 491 1845 horridus.
527 1805 674 1857 itaque
709 1805 946 1846 honoribus
981 1804 1196 1859 majorum
1227 1804 1486 1859 respondere
1524 1818 1612 1845 non

164 1861 324 1916 potuit.
387 1861 488 1903 Fuit
509 1872 652 1903 autem
686 1872 890 1903 constans
925 1862 1047 1912 civis,
1080 1872 1123 1902 et
1157 1861 1295 1913 form,
1326 1861 1433 1902 etin
1461 1862 1612 1917 primis

164 1917 370 1960 Graccho
399 1919 619 1970 molestus,
649 1920 764 1976 quod
798 1920 963 1960 indicat
1002 1919 1192 1961 Gracchi
1233 1920 1275 1959 in
1318 1934 1415 1959 eum
1456 1920 1612 1960 oratio.

164 1986 266 2017 sunt
287 1977 417 2018 etiam
443 1977 485 2017 in
519 1977 783 2028 Graccnum,
806 1977 1063 2018 Tuberonis.
1126 1976 1169 2017 Is
1202 1976 1282 2017 fuit
1307 1977 1536 2017 mediocris
1569 1976 1612 2017 in

163 2033 365 2085 dicendo,
386 2034 662 2076 doctissimus
694 2036 737 2076 in
774 2035 1051 2092 disputando.
1112 2033 1223 2075 Tum
1259 2034 1435 2084 Brutus,
1468 2034 1612 2080 Quam
1628 2039 1701 2073 118

163 2090 249 2132 hoc
272 2091 386 2133 idem
407 2093 448 2133 in
464 2093 621 2134 nostris
643 2092 896 2150 contingere
916 2092 1125 2148 intelligo,
1140 2092 1255 2147 quod
1280 2092 1322 2139 in
1339 2091 1535 2133 Graecis?
1566 2101 1615 2133 ut

163 2163 313 2190 omnes
336 2149 425 2191 fere
453 2151 608 2202 Stoici,
636 2151 961 2208 prudentissimi
1002 2151 1046 2191 in
1079 2149 1328 2191 disserendo
1361 2149 1475 2191 sint?
1505 2159 1550 2190 et
1571 2149 1615 2191 id

205 2305 246 2340 69
267 2307 326 2336 sed
334 2311 448 2337 tamen
463 2307 559 2347 exile]
585 2307 638 2338 Sic
658 2308 784 2348 primus
797 2307 864 2337 edi·
895 2306 1002 2348 fieilz's
1016 2311 1078 2343 est,
1095 2306 1149 2345 qui
1165 2306 1264 2337 habet
1288 2306 1432 2337 multum
1456 2307 1548 2342 artis,
1565 2316 1617 2336 ar-

162 2346 214 2378 dit
234 2348 338 2380 Aldus
361 2359 434 2380 cum
457 2350 554 2380 Junt.
569 2356 647 2380 ante
669 2357 741 2381 erat
756 2351 818 2380 scis
840 2354 863 2380 t.
907 2355 1020 2389 gntus,
1036 2354 1204 2379 venustus,
1248 2348 1311 2379 Sed
1326 2349 1359 2379 id
1379 2349 1514 2379 verbum
1531 2358 1616 2379 seni-

163 2391 250 2430 quod
265 2397 299 2421 et
313 2391 474 2422 Gruterus
490 2393 524 2422 in
543 2392 622 2423 Mss.
641 2393 774 2433 reperit.
807 2392 866 2422 Es-

164 2438 216 2463 set
243 2433 276 2463 id
302 2444 369 2464 non
395 2434 663 2474 improbandum,
691 2436 718 2465 si
744 2435 865 2465 soleret

168 2475 284 2511 Cicero
296 2476 331 2507 in
343 2477 403 2507 tali
419 2478 669 2508 enumeratione
682 2477 730 2508 ita
741 2477 865 2516 alloqui

164 2525 271 2566 unum
286 2529 325 2550 ex
347 2519 566 2557 auditoribus,
581 2529 649 2551 non
671 2520 783 2550 addito
808 2529 866 2550 no-

164 2568 267 2590 nune.

206 2605 248 2635 70
266 2602 432 2634 Scaurum
442 2605 478 2635 in
492 2604 650 2644 antiquis]
669 2604 731 2634 int.
747 2603 868 2634 nostris

164 2642 335 2676 Romanis.
379 2647 464 2678 Sane
484 2647 583 2678 Stoici
598 2652 632 2678 et
646 2648 775 2687 antiqui
797 2656 869 2676 ora-

165 2691 255 2717 tores
266 2696 334 2718 non
347 2689 426 2718 satis
439 2689 610 2720 commode
623 2691 742 2730 opponi
759 2689 870 2719 viden-

165 2731 240 2758 tur:
264 2729 320 2760 sed
343 2730 562 2771 intelligendi,
584 2733 639 2772 qui
660 2742 706 2762 sc.
729 2731 870 2772 philoso-

166 2770 279 2811 phiam
294 2781 362 2802 non
376 2780 612 2812 cognoverant,
623 2780 657 2805 et
672 2775 780 2804 minus
795 2774 870 2804 sub-

165 2812 274 2844 tiliter
288 2813 502 2852 disserebant,
515 2821 549 2846 et
569 2817 639 2847 sine
662 2816 719 2847 illa
741 2816 870 2847 subtili-

168 2859 240 2886 tate
255 2855 535 2897 philosophorum.

208 2900 246 2932 71
271 2900 368 2930 celeri
380 2904 470 2931 motu
483 2905 515 2932 et
525 2899 667 2943 dffcili]
682 2900 793 2932 filatur
805 2899 870 2939 dg'f-

908 2402 966 2432 pei·
981 2393 1015 2422 in
1031 2392 1111 2421 vitio
1126 2395 1189 2427 est,
1205 2391 1239 2420 in
1261 2391 1322 2421 tali
1337 2391 1467 2430 quidem
1483 2401 1527 2421 re.
1571 2390 1618 2422 Et

907 2439 1021 2465 tamen
1037 2434 1089 2465 hie
1104 2439 1154 2464 est
1169 2435 1203 2463 in
1217 2434 1323 2464 laude.
1358 2433 1436 2463 Non
1451 2433 1616 2468 sincerum

909 2477 1043 2507 verbum
1059 2483 1151 2516 puto.
1185 2476 1247 2506 Sed
1257 2476 1326 2505 sine
1338 2476 1429 2506 libris
1444 2474 1491 2505 nil
1502 2485 1617 2506 occur-

910 2519 967 2555 rit,
984 2519 1070 2558 quod
1085 2519 1224 2559 placeat.

952 2565 967 2595 ’ῑ
975 2563 994 2592 2
1024 2561 1341 2601 simplex—veritas,
1369 2569 1433 2589 mn
1461 2559 1614 2599 molesta]

910 2602 1049 2634 lllolesta
1075 2609 1125 2634 est
1160 2602 1327 2639 affectata,
1356 2602 1455 2632 nimis
1483 2608 1616 2641 arguta,

912 2656 984 2684 quae
999 2646 1079 2676 alias
1092 2645 1235 2686 difficilis
1246 2645 1308 2675 dici
1323 2644 1418 2675 solet.
1461 2645 1525 2674 Sed
1538 2654 1617 2675 con-

907 2689 975 2728 jeci
990 2688 1165 2728 legendum
1177 2697 1245 2718 esse
1260 2688 1418 2718 molestia.
1449 2687 1501 2717 Sic
1517 2698 1546 2717 c.
1562 2689 1614 2717 38.

912 2731 981 2761 sine
995 2732 1140 2761 molestia
1155 2730 1296 2769 diligens
1318 2730 1495 2768 elegantia.
1519 2739 1546 2759 c.
1563 2732 1614 2763 91.

912 2774 997 2803 nihil
1011 2774 1129 2813 habeo-,e
1150 2773 1388 2808 molestiarum,
1404 2781 1462 2801 nec
1476 2772 1616 2810 ineptia-

913 2825 1000 2846 rum.
1045 2816 1130 2846 Sane
1143 2816 1267 2845 veritas
1289 2816 1422 2845 molesta
1444 2812 1507 2843 dici
1523 2822 1616 2853 posse

912 2857 994 2888 mihi
1010 2867 1077 2888 non
1091 2857 1233 2894 videtur,
1250 2867 1310 2887 nec
1322 2856 1423 2887 habet
1438 2856 1474 2888 in
1488 2855 1550 2887 hac
1567 2865 1614 2894 re,

913 2900 952 2930 de
966 2911 1031 2940 qua
1043 2900 1166 2941 agitur,
1180 2909 1313 2931 sensum
1328 2898 1446 2931 ullum.

826 2950 966 2999 eget
