1914 3220
290 112 398 164 xlvi
784 113 1238 170 PRAEFATIO.

289 241 498 300 factum
542 250 624 295 est
662 260 811 306 casu,
851 261 946 314 per
985 262 1152 314 quem
1188 243 1354 297 libelli
1392 243 1602 296 illarum
1648 244 1719 295 le·
1753 244 1755 246 ’

288 325 534 379 ctionum
562 327 765 398 periere
804 337 949 390 ante,
979 345 1146 398 quarn
1177 328 1607 390 exscriberentur
1634 336 1718 396 ty-

290 410 391 482 pis,
419 430 547 464 cum
576 422 794 484 tempus
823 431 1086 465 novorum
1120 413 1581 466 conficiendorum
1610 429 1717 471 non

289 497 682 568 suppeditaret.
764 497 926 549 Notis
972 517 1130 568 porro
1185 497 1436 551 instruxit
1488 505 1720 556 textum,

289 581 515 635 delectis
553 602 582 635 e
611 584 1013 636 commentariis
1041 585 1095 635 in
1126 582 1463 644 Ciceronem,
1503 580 1720 651 adjecto

289 667 510 719 nomine
537 668 670 738 ejuS,
699 667 795 737 qui
824 667 1074 739 quidque
1102 667 1307 740 primus
1346 667 1587 728 dixisset,
1627 662 1721 716 ad-

287 751 414 804 ditis
442 752 632 823 paucis
674 751 840 805 etiam
875 753 997 806 suis.
1077 752 1339 823 Denique
1377 751 1593 805 addidit
1630 749 1721 802 In-

288 835 436 888 dices
465 835 697 908 Legum,
725 838 1061 900 historieum,
1101 849 1157 891 et
1197 838 1530 899 Latinitatis,
1556 855 1587 889 e
1627 854 1721 887 no-

289 929 399 972 stra
438 921 884 999 maximeClave
919 924 1131 976 ductos.
1210 922 1317 976 Sed
1357 922 1427 976 de
1463 921 1569 974 hac
1610 918 1722 972 edi-

290 1007 437 1060 tione
466 1007 679 1078 plenius
711 1007 948 1060 diximus
985 1009 1039 1060 in
1068 1007 1222 1060 Actis
1270 1006 1439 1060 Erud.
1487 1005 1637 1077 Lips.
1672 1022 1719 1056 a.

292 1097 450 1155 1745,
480 1110 606 1163 quae
632 1091 721 1144 hic
749 1100 993 1164 repetere
1020 1111 1130 1145 non
1157 1100 1239 1146 est
1265 1109 1501 1146 necesse.

363 1177 511 1231 Ante
540 1196 745 1248 paucos
773 1196 945 1230 annos
972 1177 1140 1230 etiam
1168 1195 1310 1230 nova
1335 1186 1392 1230 et
1431 1177 1723 1248 perpulcra

290 1262 457 1317 editio
500 1263 648 1315 facta
684 1273 765 1315 est
797 1261 1013 1315 Parisiis
1047 1281 1095 1315 a.
1128 1262 1284 1323 1768.
1329 1267 1412 1314 12.
1455 1260 1598 1314 Voll.
1637 1267 1719 1316 14.

290 1366 387 1420 per
412 1347 468 1400 J.
489 1345 768 1400 Nicolaum
785 1349 1135 1401 Alemannum
1163 1344 1518 1420 (Lalemand).
1582 1345 1722 1400 Tex-

289 1442 408 1486 tum
449 1450 616 1504 quem
660 1432 814 1485 basin
858 1433 1045 1486 fecerit
1093 1433 1176 1486 sui
1217 1451 1326 1485 non
1370 1431 1525 1494 dixit,
1563 1439 1721 1484 notas

289 1536 399 1571 non
426 1517 657 1580 addidit,
686 1536 755 1570 ne
781 1518 952 1571 moles
991 1518 1134 1571 ultra
1170 1518 1397 1571 modum
1439 1524 1719 1570 cresceret.

291 1603 376 1656 Ad
425 1602 635 1655 calcem
679 1610 866 1655 tamen
912 1603 1072 1660 unius
1116 1603 1385 1674 cujusque
1432 1601 1721 1655 voluminis

289 1687 492 1740 additae
535 1696 664 1740 sunt
706 1688 892 1740 breves
948 1686 1437 1749 adnotatiunculae,
1487 1704 1722 1758 quarum

288 1771 577 1825 consilium
620 1771 740 1834 fuit,
782 1772 1081 1825 lectionum
1120 1791 1154 1824 a
1192 1771 1424 1843 vulgatis
1464 1771 1723 1825 receden-

288 1857 446 1920 tium,
490 1874 628 1927 quas
675 1857 792 1928 ipse
836 1858 1147 1929 recepisset,
1200 1857 1436 1909 auctorit
1469 1863 1584 1909 tem
1627 1856 1724 1910 ad-

288 1952 510 2004 struere,
552 1942 674 1994 loca
719 1950 977 2013 suspecta
1039 1949 1248 2004 notare,
1288 1942 1588 2014 depravata
1626 1952 1724 1997 aut

286 2046 486 2081 manca
521 2025 780 2088 indicare,
808 2026 1148 2096 quandoque
1174 2026 1341 2079 etiam
1381 2027 1721 2097 conjecturas

285 2111 621 2166 eruditorum
648 2109 882 2162 virorum
909 2109 1114 2173 afferre,
1141 2119 1196 2164 et
1223 2129 1440 2163 sensum
1459 2110 1723 2164 difficilio-

285 2216 407 2249 rum
433 2196 675 2248 locorum
706 2194 937 2247 breviter
973 2195 1198 2248 tradere.
1278 2195 1346 2248 In
1385 2195 1720 2250 orationibus

287 2301 342 2336 se
371 2281 505 2334 dicit
532 2278 829 2333 Codicibus
861 2279 1015 2351 regiis
1043 2298 1204 2332 usum
1231 2298 1346 2333 esse
1371 2299 1482 2333 non
1511 2281 1721 2352 paucis,

285 2376 349 2421 ut
375 2366 526 2420 nulla
552 2364 637 2427 sit,
664 2364 818 2437 cujus
840 2382 950 2416 non
986 2363 1098 2417 duo
1125 2364 1317 2417 saltem
1347 2366 1603 2438 exempla
1627 2365 1722 2418 ha-

285 2451 480 2506 buerit.
561 2448 652 2502 De
680 2448 869 2502 ceteris
907 2448 1053 2501 libris
1096 2448 1227 2501 nihil
1270 2449 1376 2502 tale
1420 2451 1720 2521 profitetur,

288 2537 381 2590 sed
417 2545 601 2589 tamen
629 2533 683 2585 in
718 2533 990 2597 omnibUS,
1020 2541 1215 2605 praeter
1250 2533 1559 2597 rhetoricOS,
1587 2534 1720 2599 aliis,

286 2621 502 2673 codices
525 2617 653 2690 regii
675 2626 1204 2671 commemorantur:
1234 2627 1295 2672 ut
1315 2618 1473 2691 hujus
1493 2637 1721 2690 quoque

285 2704 536 2758 editionis
564 2703 760 2774 aliquis
787 2721 916 2756 usus
943 2721 1058 2757 esse
1078 2703 1133 2756 in
1161 2703 1350 2758 critica
1375 2704 1585 2758 ratione
1605 2722 1721 2758 esse
