1945 3235
361 140 439 175 422
886 138 966 176 DE
1001 135 1290 175 ORATORE

358 240 523 281 vitandi
559 250 633 283 aut
667 241 845 284 feriendi
881 243 1092 284 rationem
1125 256 1216 283 esse
1250 239 1496 282 habendam
1533 245 1701 295 putant,
1733 237 1808 285 sed

359 299 507 349 etiam,
529 310 578 339 ut
598 314 696 340 cum
721 309 944 341 venustate
976 309 1253 341 moveantur:
1288 298 1349 339 sic
1381 297 1521 338 verbis
1549 296 1723 351 quidem
1753 296 1809 337 ad

361 366 507 410 aptam
538 358 899 413 compositionem
933 360 1030 398 7'4et
1059 357 1316 405 decentiam,
1351 354 1574 396 sententiis
1615 368 1716 395 vero
1752 353 1808 394 ad

362 414 619 468 gravitatem
641 416 849 455 orationis
872 424 1016 455 utatur
1038 417 1077 447 75
1093 416 1160 468 [ut
1183 415 1226 463 ii,
1249 414 1319 468 qui
1347 413 1388 453 iu
1411 426 1627 453 armorum
1651 419 1809 452 tracta-

272 471 344 506 201
365 471 481 511 tione
504 473 759 526 versantur}
823 472 1080 512 Formantur
1110 481 1251 512 autem
1277 480 1319 510 et
1343 471 1485 520 rerba,
1507 479 1550 510 et
1580 468 1807 510 sententiae

362 542 488 583 paenc
509 528 856 579 innumerabiles,
879 529 994 584 quod
1019 529 1119 569 satis
1152 530 1240 570 scio
1264 537 1415 569 notum
1438 537 1529 568 esse
1553 526 1699 567 vobis:
1733 525 1808 566 sed

359 585 472 626 inter
492 586 883 626 conformationem
915 586 1142 641 verborum
1166 596 1209 627 et
1240 585 1549 626 sententiarum
1570 583 1654 624 hoc
1676 583 1810 624 inter-

357 652 436 693 est,
457 643 571 698 quod
596 643 822 683 verborum
847 642 1025 692 tollitur,
1051 643 1084 683 si
1110 644 1240 684 verba
1261 643 1464 694 mutaris;
1496 639 1808 683 sententiarum

356 708 594 755 permanet,
628 701 972 756 quibuscumque
1008 701 1147 741 verbis
1181 701 1243 741 uti
1281 700 1399 741 velis.
1461 699 1591 746 Quod
1630 697 1808 754 quidem

354 771 433 797 vos
456 757 535 797 etsi
559 756 717 806 facitis,
741 768 885 798 tamen
908 758 1201 799 admonendos
1227 766 1346 813 puto,
1370 771 1422 798 ne
1443 757 1546 812 quid
1568 770 1661 797 csse
1690 755 1807 797 aliud

355 815 538 854 oratoris
571 815 746 870 putetis,
768 815 885 870 quod
908 815 1082 870 quidem
1105 816 1160 856 sit
1181 815 1403 871 egregium
1436 824 1565 870 atque
1596 813 1807 864 mirabile,

354 871 438 911 nisi
471 871 513 911 in
547 871 727 928 singulis
759 873 899 913 verbis
932 872 1003 912 illa
1034 873 1115 913 tria
1137 882 1295 923 tenere,
1317 881 1365 912 ut
1390 871 1604 913 translatis
1635 880 1807 912 utamur

355 928 617 984 frequenter,
650 930 951 984 interdumque
983 929 1124 980 factis,
1156 945 1250 970 raro
1276 939 1419 970 autem
1443 929 1575 969 etiam
1606 937 1807 985 pervetu-

355 986 448 1026 stis.
510 985 559 1026 In
593 996 802 1043 perpetua
832 998 974 1028 autem
1003 987 1213 1038 oratione,
1236 1002 1333 1029 cum
1357 995 1401 1028 et
1431 987 1472 1020 76
1485 985 1807 1042 conjunctioni-s

353 1043 593 1095 lenitatem,
617 1053 660 1084 et
692 1059 982 1094 numerorum,
1004 1059 1133 1099 quam
1160 1046 1268 1095 dixi,
1296 1044 1507 1085 rationem
1529 1042 1808 1094 tenuerimus,

358 1109 450 1141 tum
472 1111 537 1141 est
567 1101 689 1156 quasi
720 1102 955 1143 luminibus
980 1102 1288 1159 distinguenda
1309 1111 1352 1143 et
1381 1101 1694 1157 frequentanda
1715 1115 1808 1141 om-

275 1148 345 1197 5-‘3
360 1159 424 1199 nis
446 1159 601 1210 oratio,
624 1160 933 1200 sententiarum
955 1169 1085 1215 atque
1117 1161 1360 1202 verborum.
1422 1159 1536 1200 Nam
1550 1168 1594 1200 et
1615 1171 1810 1200 commo-

267 1220 344 1254 5202
359 1216 468 1257 ratio
501 1231 586 1257 una
620 1217 664 1258 in
699 1232 742 1258 re
777 1217 1037 1273 permultum
1071 1227 1232 1269 movet,
1261 1226 1306 1259 et
1332 1217 1506 1258 illustris
1540 1215 1807 1273 explanatio,

356 1288 599 1329 rerumque,
632 1275 754 1329 quasi
789 1285 1006 1331 gerantur,
1040 1279 1079 1309 77
1094 1277 1173 1317 sub
1210 1276 1461 1332 adspectum
1499 1289 1624 1330 paene
1662 1272 1807 1328 subje-

355 1331 470 1373 ctio:
503 1346 601 1387 quae
632 1341 677 1372 et
707 1332 749 1372 in
782 1333 1040 1389 exponenda
1069 1348 1113 1374 re
1147 1333 1378 1389 plurimum
1411 1332 1536 1381 valet,
1558 1340 1603 1373 et
1630 1331 1684 1372 ad
1712 1330 1809 1371 illu-

354 1389 577 1430 strandum
602 1389 658 1440 id,
681 1390 797 1444 quod
820 1390 1069 1447 exponitur,
1092 1399 1136 1432 et
1166 1391 1219 1432 ad
1249 1390 1628 1446 amplificandum3
1661 1396 1709 1429 ut
1738 1388 1808 1440 iis,

352 1447 424 1502 qui
449 1447 639 1496 audient,
663 1446 780 1498 illud,
803 1448 919 1503 quod
949 1449 1219 1503 augebimus,
1242 1456 1452 1504 quantum
1474 1447 1645 1488 efficere
1667 1446 1807 1489 oratio

352 1504 528 1560 poterit,
565 1513 733 1544 tantum
773 1520 864 1545 esse
902 1505 1122 1547 videatur:
1162 1515 1205 1546 et
1245 1505 1399 1546 78huie
1437 1504 1654 1545 contraria
1691 1517 1807 1559 saepe

354 1561 576 1617 percursio
599 1571 677 1613 est,
700 1571 744 1602 et
769 1562 861 1617 plus
884 1563 935 1603 ad
961 1562 1304 1618 intelligendum,
1324 1576 1453 1618 quam
1472 1562 1648 1612 dixeris,
1672 1561 1807 1616 signi-

356 1619 519 1669 ficatio,
542 1628 585 1659 et
616 1619 821 1660 distincte
845 1621 1020 1661 concisa
1055 1621 1254 1671 brevitas,
1277 1631 1319 1661 et
1341 1619 1608 1671 extenuatio,
1630 1628 1675 1660 et
1704 1618 1807 1659 huic

266 1682 342 1715 ⁶203
357 1676 562 1730 adjuncta
594 1676 748 1728 illusio,
787 1692 812 1718 a
846 1678 1076 1734 praeceptis
1112 1678 1296 1719 Caesaris
1329 1692 1417 1719 non
1459 1675 1714 1717 abhorrens:
1763 1684 1808 1717 et

221 1741 253 1771 P·
274 1731 460 1803 ι(3Ξ-79εὼ
480 1748 523 1775 re
554 1734 686 1791 longa
710 1735 954 1792 degress103
987 1737 1031 1776 in
1054 1750 1139 1791 qua
1161 1750 1259 1777 cum
1283 1735 1414 1776 fuerit
1443 1733 1689 1785 delectatio,
1711 1741 1807 1775 tum

396 1877 439 1908 74
462 1880 492 1905 et
505 1876 702 1916 decentiam]
735 1876 800 1914 Sic,
814 1886 880 1907 non
894 1881 933 1907 ut
947 1877 1058 1918 vulgg.

353 1918 607 1955 condecenstum,
622 1919 781 1950 Mssedd.
792 1930 841 1960 pr.
874 1919 989 1953 Aldus,
1005 1931 1061 1951 ue-

354 1960 422 1989 scio
430 1960 530 1997 unde,
542 1962 666 1992 coudec.
683 1962 784 1992 dedit.
798 1962 914 1992 Cicero
929 1962 1061 2001 quidem

355 2002 432 2032 alibi
448 2003 629 2034 decentiam
639 2004 721 2034 dixit
737 2016 743 2033 :
761 2014 820 2034 nec
836 2005 916 2044 ipse,
933 2015 992 2034 nec
1007 2006 1063 2035 alii

355 2045 608 2076 condecentiam.
654 2047 818 2077 Restituit
839 2048 939 2077 etiam
968 2047 1064 2078 Pear-

357 2087 439 2116 cius.
485 2088 641 2118 Ceterum
667 2089 701 2119 in
727 2089 777 2119 ed.
803 2089 892 2129 Lips.
919 2089 989 2119 baec
1011 2091 1067 2121 sed

356 2130 621 2159 etiam—utatur
635 2133 754 2161 omissa
766 2136 857 2161 sunt.
873 2131 970 2161 male.

400 2174 440 2204 :5
463 2176 500 2201 ut
528 2173 799 2213 ii-zvm-sanmr]
828 2173 908 2203 Haec
931 2174 1061 2212 quidem

357 2223 559 2253 supervacua
589 2224 657 2245 esse
682 2216 848 2254 judicavit
889 2216 1061 2247 Gruterus.

358 2255 466 2286 Immo
481 2260 559 2285 sunt
571 2258 694 2297 spuria,
711 2259 898 2297 habentque
914 2259 1062 2298 ineptam

356 2304 392 2327 et
427 2298 585 2329 Cicerone
621 2299 792 2337 indignam
830 2301 1061 2340 repetitionem

359 2350 487 2377 eorum,
518 2351 591 2380 quae
619 2348 697 2372 ante
721 2343 836 2372 melius
860 2343 948 2374 dicta
970 2349 1061 2380 suut,

358 2384 952 2422 ut,quemadmodum-—moz-eantur.
997 2386 1063 2426 lgi-

358 2428 417 2454 tur
430 2426 523 2455 uncis
540 2426 669 2457 inclusi.

403 2468 444 2500 715
466 2467 700 2507 conjunctionis
714 2469 897 2508 lenitatem]
925 2469 989 2500 Hic
1004 2480 1060 2510 pa-

359 2508 453 2545 riter,
478 2515 514 2539 ut
541 2520 640 2550 supra
663 2512 697 2541 in
723 2512 895 2551 adjectivo,
911 2512 984 2542 edd.
1009 2522 1057 2551 pr.

359 2549 484 2580 habent
507 2553 684 2589 levitatem,
708 2561 745 2583 ut
769 2554 832 2584 Ms.
858 2555 895 2584 E.
923 2555 1058 2585 Mediol.

359 2592 449 2622 dedit
466 2595 644 2631 lenitalem,
661 2596 812 2626 consulto
829 2607 871 2626 an
885 2607 974 2632 casu,
992 2606 1059 2626 nou

359 2633 515 2665 dixerim:
554 2638 641 2675 quod
668 2638 783 2668 deiude
814 2649 928 2669 omnes
956 2640 1059 2670 secuti

359 2684 456 2707 sunt:
482 2687 578 2708 recte..

402 2723 441 2753 77
464 2721 522 2749 sub
536 2721 723 2760 adcpectvm
737 2732 771 2762 p.
789 2722 955 2763 subjectio]
976 2723 1058 2754 Edd.

358 2767 437 2792 ante
466 2762 599 2797 Aldum,
629 2765 728 2794 etiam
760 2765 847 2804 Lips.
885 2767 1057 2804 adspectu,-

359 2804 446 2840 quod
470 2805 540 2843 quis
563 2805 700 2835 sortasse
723 2809 919 2846 przetulerit,
946 2812 983 2837 ut
1006 2818 1061 2837 ex-

357 2847 520 2883 quisitius.
568 2847 681 2877 Cicero
708 2849 742 2878 in
765 2849 825 2880 hac
851 2850 959 2880 forma
980 2850 1060 2880 alias

357 2890 544 2919 accusativo
559 2890 677 2921 utitur.

1144 1881 1184 1911 78
1201 1879 1276 1908 huic
1285 1878 1455 1908 contraria
1463 1876 1646 1918 percursio]
1662 1873 1808 1907 Restitui

1103 1919 1167 1950 hoc
1183 1931 1220 1950 ex
1234 1921 1306 1950 edd.
1325 1930 1371 1960 pr.
1385 1921 1419 1950 in
1434 1920 1552 1960 quibus
1566 1920 1620 1949 W.
1635 1927 1806 1959 unusper·

1105 1964 1220 1999 cussie,
1239 1963 1326 2002 quod
1348 1969 1382 1993 et
1399 1963 1462 1993 Ms.
1477 1963 1515 1992 E.
1531 1962 1643 1993 habet.
1676 1961 1751 1992 Asc.
1777 1962 1806 1991 l.

1106 2006 1280 2036 substituit
1299 2006 1458 2046 prcecisio,
1483 2004 1571 2044 quod
1592 2004 1682 2044 Lips.
1701 2003 1808 2043 sequi-

1107 2055 1175 2084 tur,
1207 2048 1312 2078 altero
1343 2048 1375 2077 in
1406 2048 1590 2086 marginem
1626 2047 1749 2085 ejecto:
1787 2055 1806 2076 e

1108 2092 1310 2129 conjectura,
1333 2095 1372 2120 ut
1393 2090 1523 2131 opinor,
1538 2088 1725 2120 Becichemi
1747 2091 1807 2118 aut

1104 2132 1235 2162 Rudaei:
1262 2133 1357 2171 idque
1381 2134 1414 2162 in
1439 2131 1648 2166 omnesalias
1662 2130 1735 2161 edd.
1751 2140 1807 2160 ve-

1105 2175 1166 2205 nit.
1202 2175 1323 2205 Verum
1357 2182 1407 2205 est
1425 2174 1613 2213 percursio:
1646 2173 1804 2213 primum,

1104 2217 1180 2256 quia
1203 2218 1384 2258 opponitur
1403 2217 1489 2247 clare
1507 2216 1752 2247 commorationi
1769 2216 1806 2246 in

1105 2269 1174 2289 um(
1190 2269 1225 2290 re
1237 2273 1246 2288 .-
1269 2259 1397 2297 deinde,
1413 2259 1489 2298 quia
1499 2258 1646 2298 proecz'sio
1669 2262 1742 2298 post
1756 2267 1806 2288 se-

1106 2302 1246 2341 paratim
1263 2302 1458 2342 exprimitur
1473 2303 1508 2331 in
1523 2301 1649 2332 concisa
1665 2301 1806 2331 brevita-

1106 2348 1157 2374 te:
1179 2344 1319 2384 denique
1342 2354 1440 2384 supra
1461 2344 1546 2374 idem
1568 2343 1743 2384 praecepit:
1767 2343 1805 2372 in

1105 2387 1182 2416 aliis
1203 2397 1267 2417 esse
1289 2387 1547 2423 immorandum,
1569 2387 1639 2416 alia
1652 2393 1804 2424 csseper-

1103 2431 1280 2460 currenda.

1146 2474 1186 2505 79
1209 2473 1250 2501 αὐ
1279 2482 1315 2502 re
1343 2473 1442 2510 longa
1467 2468 1640 2510 degressz'o]
1666 2468 1707 2499 In
1729 2468 1802 2499 edd.

1103 2519 1184 2543 vett.
1205 2515 1356 2544 omnibus
1379 2519 1429 2544 est
1453 2523 1516 2543 non
1535 2514 1646 2551 longa.
1689 2510 1804 2542 Placet

1102 2561 1215 2586 tamen
1241 2557 1400 2586 correctio
1423 2555 1559 2591 Pearcii,
1583 2559 1670 2584 certe
1691 2563 1802 2590 sensu,

1103 2608 1176 2637 qua¹
1191 2599 1283 2628 tollit
1299 2609 1362 2628 muz
1379 2599 1476 2636 longa.
1487 2610 1496 2626 :
1507 2597 1593 2636 quod
1605 2602 1639 2627 et
1653 2607 1672 2626 a
1686 2596 1749 2626 Ms.
1762 2596 1802 2626 E.

1103 2641 1205 2670 abest.
1218 2651 1293 2670 uam
1309 2646 1343 2670 vt
1357 2640 1569 2679 digressiones
1581 2639 1620 2670 ad
1633 2638 1803 2669 oblectan-

1103 2682 1179 2712 dum
1197 2683 1316 2712 debent
1332 2689 1366 2712 et
1387 2687 1524 2722 possunt
1539 2692 1607 2712 esse
1624 2681 1802 2720 longiores,

1102 2732 1139 2754 ut
1158 2725 1214 2755 illa
1229 2726 1261 2755 in
1275 2734 1320 2755 or.
1335 2734 1394 2764 pro
1406 2725 1537 2754 Archia.
1574 2723 1637 2754 Sed
1649 2722 1734 2753 unde
1749 2732 1803 2753 or-

1102 2771 1175 2796 tum
1203 2773 1253 2798 est
1270 2766 1352 2797 illud
1380 2777 1442 2796 mm
1469 2767 1595 2804 longa?
1616 2775 1659 2796 an
1673 2775 1713 2795 ex
1736 2765 1803 2795 alio

1101 2807 1188 2845 1000,
1217 2809 1273 2839 ubi
1310 2810 1414 2839 brevis
1442 2809 1533 2848 degr.
1569 2809 1603 2839 in
1629 2807 1802 2848 praeceptis

1102 2853 1197 2881 erat?
1224 2852 1328 2882 Credo
1345 2852 1536 2882 Ciceronem
1549 2850 1712 2891 scripsisse
1725 2850 1815 2880 bene-

1104 2894 1223 2933 tonga:
1247 2894 1351 2934 qualis
1373 2893 1521 2934 profecto
1546 2893 1600 2925 hic
1625 2892 1802 2932 requiritur
