1945 3235
317 142 394 179 160
784 139 866 180 DE
896 141 1280 181 INVENTIONE

309 258 412 295 vero
446 244 666 301 probatur,
687 259 787 287 cum
820 255 894 288 aut
924 261 1073 303 parum
1103 246 1361 296 memineris,
1383 245 1538 301 mquid
1567 259 1743 288 conces-

312 302 430 353 seris,
453 310 527 343 aut
549 303 800 358 ambiguum
823 304 984 359 aliquid
1007 319 1083 361 pro
1106 314 1223 346 certo
1253 303 1528 345 concesseris.
1587 301 1741 344 Ambi-

312 373 448 414 guum
470 360 503 400 si
522 361 781 401 concesseris
799 375 854 401 ex
873 376 923 402 ea
945 371 1078 417 parte,
1097 376 1226 417 quam
1249 362 1339 417 ipse
1361 359 1634 412 intellexeris,
1647 374 1742 402 eam

313 425 479 471 partem
502 417 534 457 si
567 417 830 458 adversarius
861 420 913 459 ad
945 418 1069 459 aliam
1094 428 1257 474 partem
1292 433 1366 474 per
1395 417 1742 474 complexionem

316 474 417 514 velit
458 475 805 525 accommodare3
857 476 1148 517 demonstrare
1183 476 1415 531 oportebit,
1454 489 1540 515 non
1582 489 1637 515 ex
1675 488 1742 526 eo,

312 531 427 585 qnod
454 532 541 587 ipsc
563 532 836 583 concesseris,
860 532 931 573 sed
954 547 1008 573 ex
1031 547 1096 584 eo,
1122 534 1237 588 quod
1260 533 1328 574 ille
1350 532 1562 583 sumserit,
1586 531 1742 572 confici

312 589 673 644 complexionem,
693 589 745 629 ad
770 589 883 630 hunc
902 590 1102 631 modum:
1137 591 1180 631 Si
1214 591 1408 647 pecunias
1429 589 1647 645 indigetis,
1669 602 1743 644 pe-

313 646 485 687 cuniam
520 660 603 685 non
639 646 830 688 habetis:
865 647 898 687 si
936 648 1162 703 pecuniam
1194 663 1279 689 non
1314 647 1496 697 habetis,
1535 659 1744 702 pauperes

310 704 438 754 cstis3
472 702 672 758 indigetis
703 713 847 745 autem
878 705 1099 760 pecuniae3
1129 714 1381 747 mercaturae
1416 704 1546 756 enim,
1572 703 1654 744 nisi
1684 703 1746 743 ita

238 772 252 785 ·
310 770 435 809 esset,
459 774 633 814 operam
666 775 750 801 non
784 761 962 803 daretis:
995 776 1200 818 pauperes
1232 763 1364 818 igitur
1382 763 1497 803 estis.
1560 761 1660 802 Hoc
1683 760 1753 801 si-c-

311 817 661 872 reprehenditur:
696 818 809 859 Cum
839 819 1026 869 dicebas,
1061 820 1094 860 si
1131 819 1333 875 indigetis
1365 819 1574 875 pecuniae,
1614 832 1744 874 pecu-

312 875 426 914 niam
451 889 536 914 non
560 874 749 927 habetis3
783 876 864 917 hoc
895 877 1203 932 intelligebam,
1226 878 1259 917 si
1292 885 1467 933 propter
1486 876 1677 932 inopiam
1701 875 1744 916 in

311 941 500 986 egestate
529 932 644 981 estis,
678 934 906 988 pecuniam
936 948 1022 974 non
1053 935 1246 985 habetis;
1277 943 1320 975 et
1348 934 1510 975 idcirco
1536 932 1746 975 concede-

311 987 435 1030 bani:
468 1004 566 1030 cum
590 999 734 1030 autem
767 990 849 1031 hoc
880 992 1092 1041 sumebas,
1115 991 1319 1046 indigetis
1349 1001 1493 1032 autem
1523 990 1744 1048 pecuniae3

314 1045 414 1086 illud
431 1047 714 1102 accipiebam,
731 1047 857 1088 vultis
872 1058 1015 1089 autem
1031 1048 1224 1103 pecuniae
1242 1048 1334 1104 plus
1354 1048 1525 1089 habere.
1561 1047 1629 1088 Ex
1651 1046 1747 1103 qui-

313 1103 389 1143 bus
409 1103 759 1145 concessionibus
774 1120 860 1146 non
875 1105 1103 1147 conficitur
1118 1105 1226 1157 hoc;
1251 1119 1457 1161 pauperes
1471 1105 1604 1161 igitur
1617 1104 1717 1146 estis
1734 1121 1743 1145 :

310 1160 594 1202 conficeretur
615 1170 773 1213 autem,
798 1163 830 1203 si
855 1163 933 1203 tibi
958 1163 1098 1218 primo
1118 1178 1290 1218 quoque
1320 1163 1405 1204 hoc
1426 1163 1746 1212 concessissem,

309 1218 382 1272 qui
413 1219 638 1274 pecuniam
676 1220 885 1275 majorem
920 1220 1046 1261 vellet
1075 1220 1246 1271 habere,
1280 1235 1378 1261 eum
1402 1220 1627 1276 pecuniam
1654 1233 1744 1259 non

226 1273 296 1320 48
313 1273 480 1316 habere.
542 1276 668 1332 Saepe
698 1286 840 1319 autem
874 1278 1058 1319 oblitum
1088 1286 1257 1334 putant,
1279 1278 1383 1333 quid
1405 1276 1681 1328 concesseris,
1703 1284 1748 1317 et

249 1331 474 1380 39idcirco
499 1333 556 1385 id,
578 1335 694 1389 quod
728 1350 814 1376 non
845 1335 1088 1386 conficitur,
1111 1335 1232 1390 quasi
1262 1335 1531 1386 conficiatur,
1564 1335 1607 1375 in
1641 1348 1746 1375 con-

313 1389 504 1431 clusione
524 1391 718 1442 infertur,
743 1393 826 1434 hoc
848 1393 992 1443 modo,
1013 1393 1046 1433 si
1069 1393 1122 1433 ad
1145 1392 1264 1433 illum
1284 1392 1497 1433 hereditas
1531 1391 1744 1441 veniebat,

312 1448 541 1488 verisimile
563 1458 640 1499 est,
661 1450 714 1490 ab
737 1450 809 1490 illo
832 1465 922 1491 esse
945 1459 1159 1491 necatum.
1205 1449 1375 1490 Deinde
1398 1449 1480 1491 hoc
1502 1449 1747 1505 approbant

311 1503 506 1559 piurimis
529 1507 685 1547 verbis.
726 1517 822 1562 post
852 1517 1088 1558 assumunt,
1122 1507 1176 1548 ad
1209 1507 1328 1547 illum
1359 1516 1502 1549 autem
1533 1506 1746 1547 hereditas

310 1562 524 1603 veniebat.
588 1563 757 1604 Deinde
790 1565 986 1616 infertur,
1017 1565 1086 1606 ille
1117 1565 1251 1620 igitur
1283 1565 1458 1606 occidit.
1519 1563 1571 1604 Id
1601 1578 1656 1604 ex
1679 1562 1746 1612 iis,

309 1633 407 1672 quae
432 1630 683 1672 sumserant,
706 1636 794 1662 non
815 1622 1058 1663 conficitur.
1102 1622 1247 1668 Quare
1270 1622 1496 1663 observare
1517 1620 1746 1676 diligenter

308 1684 495 1731 oportet,
518 1686 561 1718 et
580 1679 683 1733 quid
703 1688 909 1730 sumatur,
928 1688 971 1720 et
993 1679 1096 1735 quid
1115 1694 1169 1720 ex
1189 1679 1254 1719 his
1275 1679 1545 1722 conficiatur.

364 1732 514 1789 Ipsum
557 1745 701 1776 autem
739 1751 873 1792 genus
913 1737 1314 1793 argumentationis,
1344 1737 1550 1778 vitiosum
1585 1734 1653 1775 his
1692 1734 1745 1775 de

306 1791 446 1831 causis
477 1793 741 1845 ostendetur,
773 1795 806 1834 si
838 1803 912 1835 aut
937 1795 980 1835 in
1010 1795 1104 1851 ipso
1136 1794 1290 1835 vitium
1312 1794 1406 1846 erit,
1428 1803 1504 1835 aut
1525 1793 1559 1834 si
1581 1807 1669 1833 non
1691 1791 1745 1832 ad

305 1847 363 1898 id,
396 1849 514 1904 quod
548 1850 802 1903 instituitur,
836 1852 1251 1893 accommodabitur.
1311 1850 1456 1907 Atque
1489 1851 1533 1892 in
1564 1851 1658 1906 ipso
1682 1849 1746 1890 vi-

304 1905 413 1946 tium
435 1906 530 1958 erit,
550 1908 583 1947 si
604 1909 781 1949 omnino
816 1918 957 1950 totum
979 1909 1133 1950 falsum
1155 1909 1250 1959 erit,
1274 1909 1308 1950 si
1330 1922 1573 1959 commune,
1596 1907 1630 1948 si
1653 1905 1746 1948 vul-

304 1977 420 2017 gare,
444 1964 478 2004 si
498 1963 603 2016 leve,
624 1966 658 2006 si
681 1976 909 2018 remotum,
928 1967 962 2008 si
984 1967 1096 2008 mala
1113 1967 1325 2018 definitio,
1346 1967 1380 2008 si
1403 1975 1745 2014 controversum,

304 2020 337 2060 si
361 2022 652 2077 perspicuum,
684 2024 718 2064 si
741 2038 828 2065 non
861 2039 1127 2075 concessum,
1159 2025 1193 2065 si
1220 2033 1359 2080 turpe,
1385 2025 1419 2065 si
1450 2022 1677 2072 offensum,
1708 2020 1742 2060 si

240 2085 291 2119 90
302 2079 580 2130 contrarium,
604 2081 636 2120 si
660 2081 922 2132 inconstans,
938 2083 971 2122 si
994 2082 1235 2123 adversum.
1296 2081 1469 2123 Falsum
1490 2089 1568 2130 est,
1593 2080 1636 2120 in
1654 2093 1741 2134 quo

300 2135 525 2191 perspicue
565 2137 838 2179 mendacium
881 2148 959 2190 est,
998 2138 1083 2180 hoc
1120 2139 1275 2180 modo:
1330 2138 1431 2180 Non
1471 2145 1614 2194 potest
1649 2150 1740 2177 esse

303 2192 487 2247 sapiens,
509 2193 583 2248 qui
607 2196 835 2250 pecuniam
869 2196 1068 2252 negligit.
1129 2197 1328 2238 Socrates
1351 2205 1494 2237 autem
1517 2194 1744 2250 pecuniam

194 2279 226 2310 1‘-
243 2271 291 2303 59.
305 2249 569 2305 negligebat.
599 2266 687 2292 non
718 2253 850 2308 igitur
885 2254 1053 2309 sapiens
1086 2264 1191 2295 erat.
1253 2253 1496 2295 Commune
1518 2260 1596 2300 est,
1627 2250 1744 2306 quod

262 2323 290 2344 a.
305 2306 442 2348 nihilo
461 2308 600 2364 magis
623 2310 677 2350 ab
701 2310 970 2362 adversariis,
992 2326 1123 2366 quam
1145 2328 1170 2352 a
1190 2312 1315 2352 nobis
1339 2311 1460 2361 facit,
1482 2310 1566 2350 hoc
1588 2308 1741 2350 modo:

306 2361 491 2416 Idcirco,
518 2365 704 2420 judices,
736 2368 838 2422 quia
871 2383 1014 2409 veram
1048 2384 1221 2410 causam
1255 2369 1483 2418 habebam,
1505 2366 1627 2407 brevi·
1648 2379 1743 2421 per-

303 2422 436 2462 oravi.
498 2422 686 2480 Vulgare
716 2434 794 2476 est,
824 2426 939 2480 quod
970 2426 1014 2466 in
1043 2427 1171 2468 aliam
1204 2440 1375 2482 quoque
1405 2439 1494 2466 rem
1524 2437 1611 2464 non
1645 2436 1743 2478 pro-

301 2477 505 2531 babilem,
548 2480 582 2521 si
625 2496 740 2523 nunc
789 2497 1042 2524 concessum
1093 2484 1162 2535 sit,
1206 2483 1425 2525 transferri
1467 2480 1618 2537 possit,
1659 2480 1743 2520 hoc

299 2535 454 2582 ¹modo:
499 2537 544 2577 Si
585 2553 730 2580 veram
764 2555 938 2582 causam
968 2556 1057 2582 non
1095 2541 1287 2592 haberet,
1316 2539 1438 2581 vobis
1474 2553 1532 2589 se,
1555 2536 1744 2592 judices,

301 2605 390 2633 non
409 2595 710 2637 commisisset.
773 2597 887 2638 Leve
916 2607 995 2649 est,
1026 2599 1141 2653 quod
1165 2608 1239 2639 aut
1260 2607 1357 2654 post
1379 2606 1547 2652 tempus
1569 2595 1743 2644 dicitur,

301 2647 386 2691 hoc
415 2651 566 2692 modo:
612 2653 657 2694 Si
692 2653 733 2694 iu
766 2664 954 2696 mentem
989 2656 1188 2707 venisset,
1222 2670 1308 2701 non
1330 2654 1637 2696 commisisset:
1667 2659 1743 2692 aut

343 2798 382 2827 31
418 2797 513 2838 Quid
535 2801 748 2840 concesseris]
791 2801 842 2831 Sic
870 2813 888 2832 e
926 2802 1005 2833 Mss.
1049 2804 1129 2842 quid
1146 2807 1256 2834 autem
1273 2814 1311 2834 ex
1332 2803 1444 2834 iisdem
1459 2810 1493 2835 et
1509 2804 1598 2835 Cass.
1625 2804 1666 2835 In
1681 2803 1750 2835 Gu-

301 2837 386 2869 oud.
401 2840 549 2887 rescripsi
565 2851 623 2880 pro
638 2844 720 2882 quod
729 2857 739 2876 ,·
764 2853 839 2873 nani
857 2845 936 2875 alias
951 2845 1005 2875 ‹le-
1049 2856 1107 2887 per
1121 2845 1352 2888 compendium
1366 2847 1488 2888 scripta
1501 2854 1580 2879 sunt
1592 2847 1700 2881 verba.

301 2879 393 2912 heret
414 2891 447 2912 in
473 2884 658 2916 memineris
681 2884 822 2926 intelligi
837 2887 920 2926 ejus.-
943 2889 1004 2918 ali-
