1914 3220
296 149 420 199 xxiv
788 144 1239 204 PRAEFATIO.

296 275 395 345 ipsi
433 276 547 347 ejus
587 278 901 348 exemplum
944 279 1227 344 habemuS,
1268 282 1361 336 sed
1390 279 1542 353 quod
1581 284 1731 337 volu-

293 361 440 414 mine
467 363 749 432 epistolico
776 373 939 416 caret.

296 449 308 475 ·“
370 445 516 500 Huic
558 447 866 517 proximum
905 449 1218 520 exemplum
1247 458 1328 504 est
1356 451 1730 508 Ascensianum

297 528 510 584 Parisiis
554 537 708 586 1511.
750 532 784 583 f.
828 533 1055 585 totidem
1096 531 1478 590 voluminibus
1559 538 1625 591 In
1664 555 1732 591 eo

292 627 408 668 esse
460 617 837 687 repetitionem
898 617 1343 682 Mediolanensis,
1396 622 1731 691 quibusdam

296 709 423 752 ante
469 701 678 753 indiciis
721 719 1100 774 cognoveram,
1143 704 1242 756 nisi
1286 706 1434 775 quod
1483 725 1517 759 a
1561 725 1734 761 corre-

295 792 442 837 ctore
485 784 610 838 Ger.
649 786 946 841 Vercellano
986 789 1245 859 quaedam
1289 799 1509 843 mutata·
1541 791 1733 844 dicun-

293 879 380 921 ·tur
406 889 436 923 e
464 872 652 925 Budcei
676 874 931 944 exemplo
959 882 1014 926 et
1040 875 1109 926 de
1137 875 1303 945 ipsius
1324 876 1551 947 judicic,
1579 877 1735 930 item-

295 972 404 1025 que
435 955 581 1009 Guil.
613 957 810 1020 llffaz'm‘,
839 959 1185 1028 praeceptoris
1214 959 1503 1013 liberorum
1526 961 1734 1026 Budaez',

293 1053 347 1095 et,
378 1042 429 1094 in
460 1044 701 1114 margine
730 1043 890 1094 varia}
930 1042 1207 1105 lectioneS‚
1234 1044 1606 1117 undecunque
1633 1048 1734 1102 du-

293 1138 415 1191 ctae,
444 1129 768 1181 nominatim
797 1128 1089 1181 Recio-hemi
1118 1128 1430 1183 Scodrensis
1458 1133 1734 1204 conjectu-

291 1233 362 1266 rae
391 1215 445 1266 in
476 1214 777 1267 Rhetoricis
805 1214 976 1266 libris:
1008 1212 1114 1266 Sed
1146 1217 1522 1286 comparando
1549 1235 1733 1271 exem-

290 1299 384 1371 plo
411 1299 524 1371 ejus
555 1299 797 1370 posthaec
824 1317 948 1351 meo
975 1298 1277 1370 diligenter,
1304 1301 1497 1371 reperi,
1523 1319 1647 1354 eam
1674 1302 1731 1355 in

291 1385 631 1456 paucissimis
677 1386 749 1438 ab
798 1384 1200 1437 Mediolanensi
1245 1385 1490 1439 differre:
1531 1397 1593 1440 ut
1636 1389 1733 1459 qui

290 1488 413 1523 eam
454 1469 672 1533 habeat,
706 1469 1180 1524 Mediolanensem
1221 1488 1278 1523 se
1317 1469 1534 1534 habere,
1563 1473 1734 1544 possit

290 1555 615 1608 existimare.

365 1640 569 1693 Secuta
606 1649 687 1694 est
719 1642 939 1705 Aldina,
972 1650 1158 1714 coepta
1197 1661 1245 1695 a.
1289 1645 1439 1702 1519.
1481 1641 1736 1695 absoluta

295 1730 450 1780 1523.
499 1744 694 1778 novem
744 1728 1123 1781 voluminibus.
1202 1727 1378 1780 Aldus
1432 1726 1485 1779 in
1543 1726 1736 1798 praefa-

290 1813 437 1866 tione
480 1813 549 1865 ad
591 1813 845 1884 epistolas
886 1814 955 1866 ad
998 1813 1269 1876 Atticum,
1309 1831 1357 1865 a.
1397 1818 1536 1866 1513
1575 1812 1734 1875 dixit,

288 1898 474 1951 omnia
503 1897 779 1951 Ciceronis
807 1916 975 1970 opera
1006 1899 1216 1970 reliqua
1245 1902 1395 1970 (nam
1421 1907 1477 1951 et
1503 1916 1632 1969 epp.
1660 1899 1734 1953 ad

291 1983 419 2037 Div.
457 1993 585 2037 ante
625 2003 672 2036 a.
705 1989 862 2038 1502.
893 1982 1161 2049 ediderat)
1202 2002 1258 2036 se
1295 1984 1465 2036 tribus
1505 1985 1732 2037 volumi-

287 2069 448 2122 nibus
477 2069 751 2122 editurum
780 2086 959 2138 eaque
998 2069 1073 2121 sic
1109 2067 1422 2130 emendata,
1448 2075 1511 2121 ut
1551 2087 1733 2140 pauca

286 2154 341 2206 in
389 2154 449 2207 iis
496 2155 786 2207 desiderari
830 2162 1081 2226 possent:
1123 2155 1351 2225 ejusque
1393 2153 1468 2205 rei
1513 2152 1731 2206 initium

287 2238 492 2292 fecerat
518 2258 565 2292 a.
599 2245 753 2294 1514.
781 2240 939 2293 editis
968 2239 1243 2293 rhetoricis
1271 2237 1417 2290 libris
1444 2255 1554 2289 uno
1580 2237 1732 2290 volu-

288 2323 453 2386 mine,
498 2325 793 2395 quaternis.
873 2324 980 2378 Sed
1027 2342 1169 2377 mors
1219 2324 1351 2396 ejus,
1395 2339 1540 2374 anno
1590 2325 1731 2377 1515

286 2409 551 2474 insecuta,
578 2411 863 2463 consilium
890 2411 1096 2464 irritum
1126 2410 1272 2462 fecit.
1330 2407 1574 2479 Repetiit
1600 2425 1729 2460 eon-

287 2496 466 2548 silium
494 2498 738 2550 Andreas
765 2496 1051 2559 Asulmm,
1079 2497 1235 2567 isque
1268 2494 1548 2566 negotium
1576 2511 1730 2547 man-

287 2582 438 2634 davit
483 2584 710 2635 Andreoe
755 2582 1068 2653 Naugerio:
1126 2601 1160 2633 a
1205 2599 1318 2653 quo
1370 2598 1514 2632 nova
1558 2580 1727 2634 editio

286 2666 677 2721 rhetoricorum
752 2669 1011 2722 librorum
1075 2676 1129 2721 et
1206 2665 1725 2740 philosophicorum,

286 2752 532 2824 itemque
569 2753 875 2807 orationum
905 2760 1093 2807 curata
1120 2761 1227 2807 est:
1268 2771 1396 2806 nam
1423 2751 1725 2824 epistolaee
