1945 3235
517 113 704 154 LIBER
737 113 1068 153 SECUNDUS.
1442 120 1519 154 343

81 221 159 273 dit,
190 223 303 278 quod
346 221 497 271 elevat,
527 218 642 275 quod
685 217 882 268 deterret,
919 217 1035 272 quod
1072 216 1255 260 refutat:
1295 218 1359 260 vel
1401 220 1517 276 quod

80 280 222 336 ipsum
264 288 489 328 oratorem,
524 277 705 332 politum
747 289 837 318 esse
877 274 1095 315 hominem
1131 274 1362 331 significat,
1400 278 1516 332 quod

80 338 311 388 eruditum,
343 336 455 391 quod
493 334 719 382 urbanum,
750 332 1026 387 maximeque
1058 332 1174 386 quod
1210 332 1429 374 tristitiam
1466 350 1516 375 ac

82 395 351 435 severitatem
381 392 566 447 mitigat,
595 400 638 430 et
659 389 837 439 relaxat,
869 389 1124 444 odiosasque
1154 402 1218 429 res
1252 403 1380 444 saepe,
1411 405 1516 444 quas

82 452 344 507 argumentis
366 450 470 490 dilui
495 463 578 488 non
601 447 725 488 facile
747 456 824 497 est,
840 445 946 500 joco
964 447 1134 501 risuque
1155 446 1364 487 dissolvit.
1399 447 1516 491 Qua·
1528 450 1605 488 237

80 518 202 549 tenus
237 518 376 549 autem
418 506 503 546 sint
532 504 711 545 ridicula
741 503 964 544 tractanda
997 504 1172 554 oratori,
1216 518 1420 559 perquam
1453 504 1518 544 di-

83 566 268 622 ligenter
289 564 518 606 videndum
537 571 615 611 est,
639 561 680 602 id
704 561 819 615 quod
843 561 886 601 in
905 571 1058 616 quarto
1081 559 1176 601 loco
1197 561 1417 615 quaerendi
1441 576 1519 616 po-

80 637 311 663 sueramus.
333 635 429 660 nam
464 633 541 659 nec
574 618 755 674 insignis
789 618 1058 674 improbitas,
1090 627 1133 658 et
1163 618 1320 658 scelere
1346 618 1517 674 juncta,

80 694 158 721 nec
180 693 320 720 rursus
343 677 513 717 miseria
534 676 715 731 insignis
738 675 903 731 agitata
932 675 1108 716 ridetur.
1131 674 1396 716 facinorosos
1426 690 1518 717 ma·-

73 736 171 791 jore
202 735 386 790 quadam
417 734 472 783 vi,
503 747 631 788 quam
670 732 854 783 ridiculi,
886 732 1098 773 vulnerari
1132 732 1306 775 volunt:
1339 733 1516 774 miseros

78 793 197 834 illudi
222 793 386 841 nolunt,
405 790 485 831 nisi
506 791 539 830 si
563 804 606 830 se
630 789 740 831 forte
755 789 942 845 jactant.
995 789 1263 831 Parcendum
1284 799 1349 831 est
1370 799 1514 831 autem

78 850 265 891 maxime
287 849 455 890 caritati
479 848 717 898 hominum,
741 862 793 888 ne
816 856 975 888 temere
997 848 1040 888 in
1063 862 1135 888 eos
1158 847 1289 899 dicas,
1321 848 1394 902 qui
1419 846 1516 889 dili-

76 916 249 963 guntur.
312 905 423 947 Haec
446 906 580 961 igitur
601 905 845 945 adhibenda
863 914 928 945 est
948 905 1133 960 primum
1153 905 1195 944 in
1212 904 1404 960 jocando
1422 920 1515 946 mo·
1530 891 1602 948 59

78 965 259 1005 deratio.
321 963 472 1018 Itaque
491 977 540 1003 ea
559 962 761 1003 facillime
783 961 1000 1013 luduntur,
1032 977 1127 1017 quae
1150 976 1289 1017 neque
1308 963 1408 1003 odio
1428 977 1517 1003 ma·
1528 965 1606 998 ⁶238

77 1036 178 1078 gnO,
200 1035 339 1077 neque
361 1020 653 1061 misericordia
674 1020 864 1060 maxima
886 1019 1019 1075 digna
1042 1028 1154 1060 sunt.
1218 1020 1515 1066 Quamobrem

75 1079 274 1120 materies
297 1079 435 1119 omnis
458 1077 734 1118 ridiculorum
764 1086 829 1117 est
857 1077 1016 1117 inistis
1047 1077 1178 1127 vitiis,
1208 1092 1306 1132 quae
1341 1086 1440 1118 sunt
1473 1078 1517 1118 in

78 1137 168 1178 vita
199 1136 423 1177 hominum
457 1149 595 1189 neque
628 1148 840 1184 carorum,
871 1148 1010 1188 neque
1046 1133 1410 1185 calamitosorum,
1443 1149 1518 1175 ne-

74 1209 158 1250 que
186 1208 349 1244 eorum,
372 1192 444 1248 qui
476 1193 533 1232 ob
567 1191 733 1232 facinus
766 1191 818 1232 ad
853 1191 1113 1247 supplicium
1148 1192 1341 1248 rapiendi
1371 1192 1518 1232 viden·
1532 1197 1647 1235 p,131.

77 1263 166 1303 tur3
199 1265 332 1306 eaque
357 1250 462 1291 belle
492 1249 656 1304 agitata
686 1248 892 1289 ridentur.
956 1248 1033 1289 Est
1063 1250 1193 1290 etiam
1215 1248 1606 1320 deforinitatis,{²,·39

76 1318 119 1349 et
140 1308 330 1364 corporis
356 1308 559 1348 vitiorum
582 1306 682 1347 satis
718 1305 828 1347 bella
849 1307 1047 1347 materies
1071 1307 1122 1348 ad
1147 1307 1411 1362 jocandum:
1446 1307 1519 1348 sed
1534 1307 1553 1318 ⁴

81 1366 313 1421 quaerimus
335 1365 463 1416 idem,
495 1364 611 1418 quod
634 1364 677 1404 in
701 1363 853 1404 ceteris
877 1364 1002 1404 rebus
1026 1365 1215 1404 maxime
1237 1363 1519 1420 quaerendum

76 1434 155 1474 est,
187 1432 411 1478 quatenus,
475 1421 527 1462 In
549 1436 634 1476 quo
658 1435 745 1461 non
764 1421 894 1461 modo
918 1421 1018 1461 illud
1043 1422 1308 1477 praecipitur,
1341 1436 1394 1462 ne
1416 1422 1520 1477 quid

79 1480 251 1532 insulse,
283 1480 356 1521 sed
377 1480 522 1529 etiam,
555 1479 589 1519 si
614 1479 717 1534 quid
742 1478 996 1533 perridicule
1026 1480 1178 1534 possis.
1204 1479 1426 1520 vitandum
1457 1489 1522 1519 est

77 1539 236 1579 oratori
260 1548 502 1593 utrumque,
533 1550 586 1576 ne
616 1545 690 1576 aut
719 1535 904 1576 scurrilis
930 1536 1058 1590 jocus
1094 1537 1163 1587 sit,
1196 1546 1270 1577 aut
1303 1537 1518 1578 mimicus.

77 1595 189 1641 Quae
212 1595 456 1650 cujusmodi
479 1594 578 1645 sint,
600 1592 768 1634 facilius
784 1593 878 1647 jam
902 1593 1205 1649 intelligemus,
1228 1608 1327 1635 cum
1350 1594 1401 1635 ad
1426 1594 1520 1650 ipsa

79 1652 356 1694 ridiculorum
380 1665 536 1708 genera
558 1650 813 1691 venerimus.

134 1709 235 1750 Duo
264 1710 379 1750 enim
417 1716 516 1749 sunt
552 1722 709 1764 genera
740 1707 1008 1758 facetiarum,
1040 1722 1222 1763 quorum
1258 1707 1437 1749 alterum
1474 1719 1610 1754 re240

75 1775 297 1818 tractatur,
319 1767 498 1807 alterum
521 1766 653 1806 dieto.
716 1764 794 1815 Re,
827 1765 860 1805 si
880 1765 1052 1819 quando
1075 1765 1194 1820 quid,
1218 1775 1422 1820 tanquam
1444 1765 1520 1807 ali-

76 1839 162 1880 qua
184 1823 352 1874 fabella,
374 1833 582 1874 narratur,
605 1833 651 1863 ut
675 1823 774 1863 olim
800 1831 862 1872 tu,
887 1822 1052 1873 Crasse,
1087 1824 1130 1863 in
1156 1822 1430 1873 Memmium,
1456 1838 1522 1864 co-

76 1882 238 1923 medisse
258 1896 345 1922 eum
365 1880 559 1922 lacertum
580 1879 744 1936 Largii,
767 1894 864 1920 cum
885 1889 996 1919 esset
1014 1894 1110 1920 cum
1135 1894 1186 1920 eo
1204 1879 1448 1921 Tarracinae
1468 1881 1522 1922 de

75 1939 260 1980 amicula
277 1939 456 1979 rixatus.
480 1938 601 1988 salsa,
623 1949 812 1978 attamen
845 1952 870 1977 a
900 1946 940 1977 te
974 1937 1066 1992 ipso
1090 1937 1191 1977 ficta
1212 1939 1356 1978 84tota
1377 1951 1522 1979 narra·

77 1996 154 2037 tio.
177 1996 379 2038 addidisti
406 1995 652 2046 clausulam,
677 2005 768 2035 tota
787 1993 1020 2035 Tarracina
1041 2004 1131 2034 tum
1155 1995 1356 2035 omnibus
1379 1995 1421 2035 in
1445 2010 1521 2051 pa-

76 2055 256 2096 rietibus
279 2054 505 2109 inscriptas
536 2052 666 2092 fuisse
690 2052 865 2103 litteras,
890 2053 970 2092 tria
1002 2051 1128 2102 LLL,
1162 2051 1248 2093 duo
1272 2051 1396 2093 MM.
1419 2067 1520 2094 cum

75 2126 302 2167 quaerereS,
333 2111 376 2152 id
411 2111 514 2166 quid
550 2120 674 2160 esset,
708 2123 850 2150 senem
891 2109 970 2149 tibi
1004 2109 1218 2164 quendam
1252 2110 1518 2166 oppidanum

74 2169 252 2220 dixisse,
284 2167 460 2209 Lacerat
497 2167 690 2209 lacertam
732 2166 883 2223 Largii
918 2166 1087 2207 mordax
1120 2166 1353 2210 Memmius,
1416 2167 1516 2211 Per·
1529 2177 1604 2215 241

76 2226 257 2281 spicitiS,
289 2226 371 2267 hoc
394 2240 528 2282 genus
550 2239 681 2280 quam
704 2224 759 2264 sit
791 2224 995 2275 facetum,
1017 2239 1147 2279 quam
1179 2224 1366 2280 elegans,
1389 2240 1520 2280 quam

75 2283 325 2334 oratorium,
349 2283 437 2324 sive
470 2283 626 2323 habeas
650 2296 760 2331 vere,
782 2281 899 2336 quod
931 2296 1100 2322 narrare
1133 2282 1283 2337 possis,
1314 2282 1429 2339 quod
1458 2291 1521 2323 ta-

77 2355 176 2382 men
208 2350 273 2382 est
308 2340 674 2381 mendaciunculis
704 2339 1065 2394 adspeigendum,
1104 2340 1208 2392 sive¹
1229 2339 1383 2395 fingaS.
1443 2338 1522 2383 Est

77 2406 220 2438 autem
243 2398 336 2438 haec
359 2398 486 2454 hujus
510 2397 676 2454 generis
700 2397 850 2447 virtus,
875 2405 921 2436 ut
944 2396 1005 2436 ita
1027 2395 1142 2436 facta
1163 2397 1443 2448 demonstres,
1472 2406 1523 2438 ut

79 2469 216 2496 mores
238 2455 345 2510 ejus,
367 2455 420 2496 de
441 2470 527 2510 quo
550 2469 707 2504 narres,
732 2463 778 2494 ut
797 2468 949 2504 sermO,
972 2462 1020 2493 ut
1041 2453 1350 2494 vultus-omnes
1373 2454 1521 2510 expri-

81 2522 263 2562 mantur,
285 2522 330 2553 ut
353 2513 418 2563 iis,
440 2513 513 2567 qui
536 2512 731 2562 audiunt,
756 2521 846 2552 tum
877 2511 966 2566 geri
990 2510 1061 2554 illa
1081 2510 1259 2566 fierique
1279 2511 1519 2553 videantur.

85 2567 137 2609 In
160 2583 203 2609 re
223 2578 286 2609 est
308 2569 409 2610 item
434 2570 675 2620 ridiculum,
698 2568 813 2624 quod
835 2582 889 2609 ex
917 2568 1100 2623 quadam
1124 2568 1356 2625 depravata
1377 2569 1519 2610 imita-
1531 2576 1607 2611 2442

85 2624 201 2667 tione
231 2627 339 2667 sumi
363 2627 483 2678 solet,
508 2636 554 2668 ut
579 2627 691 2667 idem
716 2625 910 2675 Crassus,
926 2640 1002 2679 per
1023 2632 1135 2666 tuam
1157 2624 1428 2678 nobilitatem,
1443 2641 1521 2682 per

79 2689 250 2724 vestram
268 2681 499 2740 familiam.
553 2685 669 2730 Quid
699 2683 814 2724 aliud
845 2682 942 2731 fuit,
974 2683 1017 2723 in
1050 2697 1136 2738 quo
1169 2683 1323 2725 concio
1349 2684 1522 2735 rideret,

83 2738 164 2780 nisi
186 2739 258 2781 illa
279 2741 417 2782 vultus
447 2751 490 2782 et
512 2742 631 2783 vocis
660 2740 876 2785 imitatio?
908 2739 996 2781 Per
1016 2745 1107 2783 tuas
1124 2747 1280 2782 statuas
1300 2755 1400 2787 vero
1422 2755 1522 2783 cum

248 2866 288 2895 84
305 2869 373 2896 tota
387 2865 554 2907 narratio]
571 2865 624 2896 Sic
639 2864 710 2896 edd.
726 2875 774 2906 pr.
789 2868 823 2894 et
838 2864 903 2896 Ms.
920 2864 960 2896 E.
974 2868 1074 2896 recte.
1109 2864 1219 2905 Vulgo
1234 2865 1351 2896 oratio.

771 2922 793 2949 z
813 2914 840 2948 4
