1914 3220
628 137 1068 183 ,PRAEFATIQ
1512 134 1578 177 lix

130 255 470 287 mccccxxxn.
527 243 629 288 Jam
661 244 776 296 libri,
811 245 882 301 qui
922 243 1078 286 Orator
1117 242 1305 293 dicitur,·
1330 241 1580 298 exemplum

127 311 316 369 primum
350 314 573 354 inventum
603 320 669 354 est
696 328 722 354 a
745 311 934 355 Gerardo
961 310 1222 361 Landrz'ano,
1257 309 1415 351 Laudis
1450 309 1582 350 Pom-

129 380 239 436 peiae
264 380 496 437 Episcopo.
558 381 672 423 Nam
695 381 811 436 quod
837 379 1064 423 Sabellicus
1085 380 1130 421 in
1156 378 1270 421 Dial.
1295 379 1347 419 de
1379 378 1525 420 latinae
1552 378 1582 420 1.

130 451 414 506 reparatione,
452 458 496 490 et
530 448 734 500 Blondas,
767 461 896 504 atque
934 440 1034 491 inde
1073 448 1130 489 P.
1168 446 1373 489 Victorius
1412 447 1585 503 praefat.

134 517 333 574 Castigg.
355 518 410 559 ad
430 517 669 559 rhetoricos
690 518 839 571 libros,
862 520 954 576 ipse
976 518 1161 573 denique
1193 517 1378 572 scriptor
1399 528 1586 572 nuperus

137 585 240 628 vitae
265 584 542 637 Barzizianoe,
563 585 772 628 Furiettus
801 603 845 644 p.
869 601 1045 629 xxxvl.
1076 587 1209 628 libros
1230 584 1278 626 de
1303 582 1480 625 Oratore
1508 596 1588 622 no-

135 655 318 705 minant,
348 655 394 695 in
416 668 467 695 eo
489 654 744 696 manifestus
765 670 882 697 error
904 665 983 697 est.
1047 654 1148 712 Ipse
1180 652 1400 696 Barziz‘ius
1432 651 1475 692 in
1497 651 1589 707 epi-

128 724 239 769 stola
269 724 322 765 ad
351 723 586 765 Gerardum
609 713 914 776 Larcdriarzurn,
945 739 1032 780 qua
1059 724 1099 765 ei
1133 723 1294 779 gratias
1329 721 1437 778 agit,
1468 719 1590 776 quod

130 793 212 835 sibi
237 791 447 834 Codicem
469 802 687 850 repertum
708 793 910 845 misisset,
933 809 976 850 p.
999 798 1099 835 215.
1149 790 1381 841 Oratorem,
1403 801 1590 843 eumque

130 875 280 913 unum,
312 862 515 918 appellat.
578 861 656 903 Ille
692 874 837 905 autem
869 864 1038 915 Codex,
1072 861 1210 918 qualis
1241 859 1386 910 fuerit,
1422 856 1590 913 optime

129 928 236 985 ipsis
262 928 460 973 ,Barzizii
492 931 634 973 verbis
668 932 939 988 intelligitur.
1003 929 1166 973 Scri-bit
1199 936 1344 970 autem
1378 925 1431 967 de
1463 938 1515 965 eo
1544 923 1593 965 in.

131 998 281 1040 eadem
311 999 494 1056 epistola
523 1000 610 1041 sic:
644 999 741 1042 Feci
762 1008 912 1053 autem,
944 1007 992 1043 ut
1015 1014 1095 1055 pro
1125 997 1199 1040 illo
1231 995 1510 1046 vetustissimo,
1542 1008 1591 1036 ac

125 1072 245 1123 paene
273 1067 330 1109 ad
358 1067 516 1109 nullum
547 1083 660 1109 usum
689 1075 801 1124 apt0‚
824 1084 986 1121 novum,
1015 1083 1141 1110 manu
1170 1066 1342 1108 hominis
1371 1062 1594 1106 doctissimi

130 1137 339 1192 scriptum,
371 1135 581 1190 (Cosmum
616 1135 920 1178 Cremonensem
962 1137 1151 1193 appellat
1190 1134 1378 1176 Blondas
1418 1134 1467 1175 L.
1507 1133 1591 1176 IV.

139 1204 295 1246 Romae
327 1205 610 1255 instauratae)
632 1203 689 1245 ad
715 1203 823 1245 illud
842 1203 1046 1261 exemplar
1068 1210 1290 1246 correctam
1308 1202 1437 1244 aliam
1463 1201 1591 1244 Codi-

138 1289 220 1316 cem
241 1273 431 1315 haberes.-
462 1287 578 1329 qaem
606 1271 663 1313 ad
683 1279 721 1313 te
742 1287 823 1328 pro
847 1280 915 1314 tuo
938 1274 972 1314 is
993 1271 1139 1331 defert,
1160 1272 1232 1329 qui
1255 1272 1417 1328 primus
1445 1286 1593 1314 munus

136 1341 209 1383 hoc
240 1356 265 1382 a
293 1348 366 1382 tua
394 1341 440 1383 in
470 1355 559 1382 eum
581 1340 860 1384 benevolentia
880 1342 1134 1398 impetravit.
1197 1340 1264 1382 Ex
1288 1355 1339 1382 eo
1363 1355 1492 1396 porro
1515 1354 1595 1381 ex-

137 1410 296 1468 emplo,
318 1411 435 1466 quod
460 1410 514 1451 ad
539 1408 774 1452 Gerardzcm
805 1411 938 1463 misit,
962 1411 1043 1453 sibi
1076 1410 1192 1452 aliud
1214 1409 1481 1466 descriptum
1503 1423 1596 1452 esse

135 1497 160 1523 a
180 1480 358 1522 librario
382 1494 458 1521 suo
480 1480 602 1521 dicit.

195 1547 264 1590 Ex
286 1548 371 1590 hoc
395 1548 529 1605 igitur
560 1547 818 1589 Barziziano
840 1548 1042 1604 exemplo
1066 1548 1232 1589 fluxere
1262 1546 1346 1588 alia
1368 1544 1530 1596 omnia,
1552 1551 1597 1588 et

136 1617 310 1674 scripta,
333 1625 377 1658 et
408 1616 740 1673 typographicis
763 1616 960 1659 formulis
991 1632 1211 1674 expressa.
1273 1614 1358 1656 Sed
1384 1611 1598 1656 Gerardus

135 1685 206 1728 ille
229 1686 465 1727 Laudensis
491 1684 734 1741 Episcopus
756 1695 925 1727 creatus
948 1694 1040 1727 erat
1064 1701 1090 1727 a
1113 1684 1306 1727 Martino
1335 1682 1383 1724 V.
1407 1698 1446 1724 a.
1475 1688 1601 1731 1419.

138 1753 359 1797 Barziz‘ius
389 1763 534 1795 autem
565 1762 762 1794 mortuus
794 1762 860 1795 est
892 1769 930 1795 a.
958 1760 1080 1796 1431.
1140 1753 1269 1795 Unde
1291 1760 1426 1809 patet,
1449 1766 1599 1793 exem-

136 1821 256 1878 plum
279 1822 592 1878 Vitebergense
614 1835 705 1862 esse
727 1836 750 1862 e
773 1822 938 1878 primis,
957 1838 1054 1878 quae
1078 1823 1130 1863 de
1154 1821 1411 1863 Barziziano
1430 1819 1597 1860 descri-

142 1900 221 1948 pta
241 1892 340 1942 sint,
362 1901 406 1932 et
437 1891 529 1946 ejus
561 1890 668 1931 adeo
691 1905 778 1931 non
809 1892 1022 1933 minorem
1051 1900 1180 1946 atque
1211 1890 1319 1930 adeo
1345 1903 1489 1945 parem
1521 1895 1598 1929 aut

136 1959 347 2015 majorem
383 1973 475 2000 esse
509 1958 828 2010 auctoritatem,
862 1973 992 2014 quam
1028 1957 1216 1999 Romani
1245 1956 1450 2012 exempli,
1481 1955 1600 2011 quod

138 2042 215 2083 per
237 2026 536 2083 typographos
558 2040 614 2066 ex
643 2025 858 2081 ejusmodi
889 2026 1143 2083 apographo
1166 2025 1312 2066 multis
1343 2025 1467 2065 annis
1499 2032 1601 2080 post

137 2095 305 2137 factum
326 2104 405 2136 est.
449 2094 598 2149 Atque
619 2094 663 2134 id
685 2094 816 2135 etiam
839 2094 892 2135 ad
916 2104 1082 2136 ceteros
1105 2093 1272 2135 libellos
1296 2092 1499 2149 pertinet,
1522 2092 1598 2148 qui

138 2163 300 2220 pariter
322 2178 347 2203 a
370 2161 640 2204 Sweinlzemio
662 2176 685 2203 e
708 2161 782 2203 tali
807 2162 986 2213 Codice,
1008 2162 1145 2217 qualis
1168 2170 1234 2202 est
1255 2161 1292 2202 V
1298 2161 1599 2217 itebergensis,

139 2231 259 2274 ducti
284 2231 499 2273 videntur.
563 2229 710 2286 Atque
731 2230 863 2272 etiam
881 2230 1183 2287 comparandis
1204 2229 1465 2271 lectionibus
1487 2229 1599 2271 didi-

140 2300 294 2351 cimus,
317 2298 553 2350 Romanas,
575 2313 681 2353 quas
706 2298 882 2354 quidem
910 2298 1126 2350 novimus,
1149 2313 1250 2340 cum
1272 2297 1600 2354 Vitebergensi-

142 2369 222 2410 bus
246 2366 334 2408 fere
356 2367 615 2408 consentire.

199 2435 320 2477 Huic
341 2435 452 2476 libro
474 2434 658 2477 accessit
687 2433 802 2476 aliud
825 2434 1126 2490 adjumentum
1148 2434 1202 2475 ab
1223 2433 1427 2490 exemplo
1447 2441 1598 2475 nostro

141 2503 322 2545 Venetae
355 2503 574 2554 editionis,
599 2503 652 2543 de
683 2517 768 2558 qua
798 2513 899 2543 ante
919 2502 1126 2544 diximus.
1189 2501 1303 2543 Nam
1337 2502 1380 2542 in
1404 2516 1454 2542 eo
1479 2511 1599 2543 totus

140 2571 213 2614 hic
237 2570 441 2622 Oratorz's,
463 2571 655 2626 itemque
679 2570 968 2613 Partitiommz
994 2569 1069 2612 Or.
1092 2571 1201 2612 liber
1224 2585 1355 2612 manu
1379 2571 1496 2611 docti
1522 2570 1600 2611 ho-

142 2639 272 2680 minis
299 2649 518 2681 correctus
549 2648 629 2682 est.
691 2640 850 2681 Forma
880 2641 1105 2696 scripturae
1128 2647 1193 2679 est
1225 2638 1356 2679 seculi
1382 2639 1495 2679 sexti
1527 2638 1600 2678 dc-

142 2707 243 2748 cimi
276 2707 481 2750 ineuntis.
543 2708 810 2752 putabamus
845 2710 899 2750 ab
933 2710 1076 2759 initio,
1108 2723 1178 2749 eas
1211 2707 1503 2749 correctiones
1535 2705 1601 2759 fa-

145 2783 235 2815 ctas
268 2789 360 2816 esse
396 2776 450 2817 ad
471 2776 720 2833 exemplum
756 2777 931 2832 aliquod
962 2776 1165 2822 editionis
1197 2775 1460 2832 posterioris,
1483 2773 1603 2829 quod

144 2841 232 2885 fere
261 2857 360 2886 cum
394 2844 706 2888 recentioribus
739 2844 1015 2896 lectionibus,
1047 2859 1122 2901 per
1153 2844 1338 2889 editores
1376 2852 1607 2897 sequentes
