1945 3235
324 133 404 173 572
812 131 898 170 AD
939 131 1302 171 TREBATIUM

323 235 647 291 quodammodo
669 234 837 278 affectae
858 248 956 278 sunt
975 238 1027 278 ad
1051 237 1108 288 id,
1133 237 1190 278 de-
1206 253 1292 293 quo
1315 236 1536 292 quaeritur.
1597 235 1775 280 Extrin-

326 308 447 334 secus
477 302 622 334 autem
656 309 706 334 ca
737 295 955 346 dicuntur,
988 311 1085 352 quae
1117 296 1287 346 absunt,
1318 295 1533 349 longeque
1559 294 1776 350 disjuncta

289 361 440 395 osunt.
503 351 584 391 Sed
611 351 663 392 ad
689 351 730 392 id
756 362 908 404 totum,
933 353 985 393 de
1007 368 1093 408 quo
1113 353 1348 403 disseritur,
1372 360 1463 392 tum
1486 352 1681 394 definitio
1703 354 1777 394 ad-

327 407 514 460 hibetur,
544 423 641 464 qu-ae.
673 410 791 464 quasi
820 410 1062 451 involutum
1085 409 1246 451 evolvit
1270 411 1326 461 id,
1358 409 1410 450 de
1432 424 1518 465 quo
1541 410 1771 466 quaeritur:

324 466 419 521 ejus
449 468 693 522 argumenti
731 466 826 507 talis
857 479 922 507 est
955 467 1163 509 formula:
1207 467 1286 510 Jus
1317 466 1444 508 civile
1472 478 1553 518 est,
1595 468 1777 523 aequitas

325 524 565 564 constituta
600 524 664 570 iis,
689 525 761 579 qui
795 524 987 579 ejusdem
1021 526 1210 566 civitatis
1235 536 1348 574 sunt,
1371 525 1423 565 ad
1448 539 1511 565 res
1545 540 1640 566 suas
1663 525 1779 566 obti-

325 582 488 622 nendas
507 598 515 622 :
549 584 565 614 7
581 581 673 635 ejus
696 590 839 622 autem
860 583 1077 636 aequitatis
1100 583 1216 624 utilis
1239 594 1303 624 est
1322 582 1540 638 cognitio:
1573 582 1690 623 utilis
1713 592 1780 623 est

268 651 430 696 mergo
458 640 569 694 juris
609 638 748 679 civilis
782 639 982 681 scientia:
1025 649 1117 680 tum
1150 641 1335 696 partium
1367 640 1649 691 enumeratio,
1679 653 1779 696 quae

327 707 537 737 tractatur
570 695 654 736 hoc
687 697 839 738 modo:
875 697 919 737 Si
953 711 1091 752 neque
1121 712 1266 749 censu,
1291 713 1430 753 neque
1461 698 1665 746 vindicta,
1700 712 1779 738 nec

327 762 586 795 testamento
608 753 716 794 liber
738 754 878 795 sactus
901 766 978 806 est,
994 770 1080 796 non
1097 764 1162 795 est
1183 755 1304 797 liber.
1329 759 1347 786 8
1364 770 1499 811 neque
1517 766 1581 796 est
1602 755 1688 796 ulla
1709 770 1779 796 ea-

324 826 419 852 rum
455 825 618 852 rerum:
651 826 735 852 non
767 823 832 853 est
861 812 995 869 igitur
1026 812 1156 854 liber:
1192 821 1282 853 tum
1316 814 1497 865 notatio,
1527 828 1625 855 cum
1658 827 1712 853 ex
1736 812 1778 853 vi

323 868 445 909 verbi
473 879 776 923 argumentum
810 870 983 926 aliquod
1013 870 1196 921 elicitur,
1231 870 1315 912 hoc
1344 871 1497 912 modo:
1555 871 1669 912 Cum
1709 870 1779 912 lex

323 930 344 961 9
368 926 504 979 (AElia
527 926 694 976 Sentia)
718 927 889 969 assiduo
925 928 1138 969 vindicem
1168 928 1385 969 assiduum
1415 943 1507 969 esse
1525 927 1694 983 jubeat,
1716 927 1780 968 lo-

326 985 542 1040 cupletem
560 984 690 1039 jubet
711 984 915 1041 locupleti
935 1004 944 1027 ε
981 986 1168 1042 locuples
1191 987 1306 1027 enim
1328 995 1394 1026 est
1417 986 1626 1037 assiduus,
1650 998 1697 1026 ut
1718 985 1780 1027 ait

281 1035 485 1092 Sffilius,
508 1041 746 1098 appellatus
772 1044 873 1084 10ab
895 1059 987 1085 asse
1017 1044 1173 1085 dando.
1240 1043 1469 1085 Ducuntur
1498 1043 1629 1085 etiam
1653 1057 1781 1099 argu-

270 1109 476 1142 llmenta
503 1114 557 1140 ex
589 1099 640 1140 iis
672 1101 813 1151 rebus,
837 1117 934 1156 quae
968 1102 1289 1158 quodammodo
1323 1102 1490 1143 affectae
1525 1111 1624 1142 sunt
1645 1101 1697 1142 ad
1721 1100 1780 1151 id,

328 1158 382 1198 (le
409 1172 495 1213 quo
517 1158 740 1213 quaeritur.
802 1159 885 1200 Sed
907 1159 989 1200 hoc
1012 1174 1146 1216 genus
1173 1161 1214 1201 in
1240 1160 1381 1216 plures
1412 1169 1554 1216 partes
1576 1158 1782 1200 distribu-

327 1225 420 1257 tum
443 1225 522 1256 est.
585 1214 699 1256 Nam
729 1215 813 1257 alia
840 1217 1076 1274 conjugata
1099 1217 1379 1274 appellamus,
1411 1217 1496 1259 alia
1519 1232 1574 1258 ex
1609 1231 1780 1273 genere,

327 1273 410 1314 alia
428 1288 483 1314 ex
507 1272 705 1325 formula,
728 1273 811 1315 alia
831 1289 886 1316 ex
915 1276 1210 1328 similitudine,
1233 1276 1315 1316 alia
1333 1291 1388 1316 ex
1410 1274 1781 1327 antecedentibus,

327 1331 410 1372 alia
431 1345 485 1372 ex
509 1332 889 1386 consequentibus,
916 1333 998 1373 alia
1028 1348 1082 1374 ex
1114 1334 1472 1390 repugnantibus,
1497 1333 1580 1375 alia
1602 1347 1657 1374 ex
1679 1347 1782 1374 cau-

327 1389 399 1439 sis,
425 1388 508 1429 alia
528 1403 582 1429 ex
606 1389 786 1439 effectis,
811 1390 894 1430 alia
923 1406 978 1432 ex
1009 1393 1334 1447 comparatione
1357 1392 1585 1447 majorum,
1608 1400 1680 1432 aut
1705 1405 1783 1447 pa-

269 1457 317 1492 12
328 1447 455 1496 rium,
486 1456 561 1486 aut
581 1446 812 1488 minorum.
864 1448 1115 1504 Conjugata
1135 1449 1351 1500 dicuntur,
1371 1464 1468 1506 quae
1492 1458 1592 1490 sunt
1612 1464 1665 1490 ex
1689 1462 1785 1489 ver-

332 1504 395 1545 bis
427 1503 595 1560 generis
626 1504 835 1559 ejusdem.
897 1504 1105 1560 Ejusdem
1138 1516 1282 1547 autem
1316 1507 1484 1562 generis
1514 1506 1646 1548 verba
1667 1514 1783 1557 sunt,

327 1577 426 1617 quae
458 1570 553 1602 orta
574 1562 627 1602 ab
661 1577 746 1603 uno
778 1563 894 1603 varie
915 1574 1253 1614 commutantur,
1276 1574 1324 1605 ut
1348 1565 1531 1620 sapiens,
1554 1563 1784 1620 sapienter,

329 1618 555 1675 sapientia.
617 1619 730 1661 Haec
755 1621 980 1661 verborum
1013 1621 1283 1678 conjugatio,
1305 1625 1336 1652 1¹
1354 1625 1501 1676 συζυγίαι
1533 1621 1705 1672 dicitur,
1727 1636 1784 1664 ex

329 1692 415 1732 qua
446 1676 695 1732 hujusmodi
725 1687 790 1719 est
821 1688 1150 1735 argumentum:
1185 1680 1230 1720 Si
1264 1694 1549 1736 compascuus
1579 1693 1681 1735 ager
1704 1687 1784 1730 est,

269 1735 398 1791 ISjus
431 1745 496 1775 est
524 1749 814 1791 compascere.
875 1736 915 1777 A
949 1751 1106 1793 genere
1137 1737 1198 1778 sic
1228 1738 1424 1779 ducitur:
1466 1737 1686 1784 Quoniam
1717 1751 1784 1778 ar-

194 1799 226 1831 P·
245 1789 317 1820 ‘2²²³-
333 1803 511 1849 gentum
535 1807 662 1833 omne
683 1793 851 1834 mulieri
884 1794 1075 1851 legatum
1105 1805 1184 1846 est,
1213 1811 1299 1837 non
1325 1805 1470 1852 potest
1499 1810 1550 1836 ea
1583 1794 1783 1851 pecunia,

287 1841 426 1906 a’qu-213
451 1860 674 1891 numerata
693 1851 974 1894 domirelicta
994 1863 1072 1903 est,
1096 1868 1180 1894 non
1205 1868 1296 1894 esse
1314 1854 1479 1910 legata3
1511 1853 1651 1894 forma
1665 1853 1784 1894 enim

330 1924 354 1948 a
376 1923 546 1965 genere,
568 1909 711 1964 quoad
734 1924 858 1950 suum
880 1925 1037 1951 nomen
1060 1912 1231 1962 retinet,
1255 1927 1489 1967 numquam
1512 1911 1782 1967 sejungitur:

330 1979 554 2007 numerata
594 1975 737 2008 autem
777 1968 961 2023 pecunia
1001 1983 1155 2009 nomen
1198 1971 1365 2026 argenti
1409 1969 1590 2012 retinet:
1639 1969 1784 2025 legata.

270 2024 464 2080 Migitur
487 2024 670 2065 videtur.
730 2024 770 2065 A
795 2025 935 2066 forma
965 2028 1147 2081 generis,
1171 2042 1300 2083 quam
1324 2028 1554 2078 interdum,
1573 2042 1660 2083 quo
1692 2026 1781 2082 pla-

328 2083 425 2122 nius
453 2081 706 2138 accipiatur,
742 2092 905 2139 partem
936 2083 1037 2125 licet
1069 2086 1308 2135 nominare,
1341 2086 1425 2127 hoc
1455 2085 1611 2126 modo:
1645 2084 1691 2125 Si
1721 2083 1784 2124 ita

327 2139 475 2181 Fabiae
508 2140 691 2194 pecunia
712 2140 855 2196 legata
885 2151 949 2182 est
971 2157 996 2183 a
1025 2142 1132 2194 viro,
1155 2145 1191 2172 12
1205 2144 1238 2183 si
1258 2157 1308 2183 ea
1326 2158 1438 2184 uxor
1461 2140 1785 2184 materfamilias

325 2207 465 2249 esset3
498 2198 532 2238 si
563 2212 613 2238 ea
638 2198 681 2238 in
704 2213 880 2240 manum
903 2214 989 2240 non
1020 2211 1296 2252 convenerat,
1318 2201 1426 2242 nihil
1444 2201 1639 2242 debetur.
1691 2199 1782 2241 Ge-

327 2270 406 2297 nus
429 2255 545 2296 enim
568 2266 647 2307 est,
669 2270 804 2299 uxor:
838 2257 932 2313 ejus
963 2258 1060 2299 duae
1083 2257 1256 2311 format,
1289 2274 1375 2300 una
1405 2257 1781 2301 matrumfamilias

369 2422 387 2451 7
411 2429 437 2449 e.
464 2430 495 2449 (l.
522 2429 557 2450 (Β.
578 2421 670 2450 milis
690 2425 736 2451 est
755 2421 907 2461 cognitio]
927 2422 975 2452 M.
991 2422 1030 2452 V.
1076 2423 1126 2452 nis
1151 2423 1256 2454 literis
1281 2424 1382 2455 habet
1409 2425 1556 2464 sysygia,
1581 2423 1656 2455 Ald.
1682 2424 1780 2456 Junt.

327 2459 415 2491 dolet
429 2468 485 2492 nef.
500 2462 593 2492 bene.
618 2464 670 2493 Sic
684 2472 718 2494 et
728 2464 805 2494 alibi
816 2465 1033 2496 omittitur-in
1074 2467 1212 2505 συσυγίω.
1229 2468 1292 2499 Μ5.
1315 2477 1458 2506 graecum
1483 2468 1622 2498 omittit.
1656 2468 1710 2498 Sic
1730 2477 1784 2499 est

328 2506 543 2535 assumtione.
1075 2509 1175 2539 etiam
1196 2521 1224 2539 c.
1239 2515 1268 2544 9.
1283 2510 1338 2540 ubi
1354 2510 1392 2541 de
1405 2510 1502 2540 verbo
1516 2510 1585 2549 ipso
1601 2510 1682 2540 vide.

372 2549 389 2577 Β
413 2556 513 2586 neque
527 2552 571 2578 est
587 2550 659 2579 ulla
683 2560 710 2580 e.
735 2549 780 2590 r.]
808 2549 871 2579 Pro
892 2550 950 2579 sed
969 2560 1034 2580 non
1124 2555 1159 2582 12
1183 2552 1221 2582 δι’
1244 2554 1273 2583 ei
1298 2552 1382 2592 viro]
1411 2553 1475 2582 Ms.
1499 2551 1586 2582 delet
1609 2563 1653 2583 m.
1683 2562 1732 2592 pr.
1753 2552 1784 2582 ei

328 2593 386 2618 esl-
1075 2595 1158 2631 viro,
1172 2602 1211 2625 ut
1227 2596 1298 2626 edd.
1312 2597 1395 2627 Ven.
1408 2595 1504 2625 dunt.
1521 2595 1579 2624 &c.
1590 2605 1634 2625 m.
1647 2605 1672 2625 s.
1691 2594 1782 2625 addit

363 2635 383 2665 9
395 2629 498 2662 AElia
514 2631 642 2672 sentia]
657 2633 882 2664 Inducendum
898 2634 960 2664 hoc
976 2644 1034 2664 no-
1078 2637 1141 2667 viri
1154 2644 1228 2678 post
1242 2639 1275 2668 in
1293 2648 1440 2673 manum,
1457 2642 1496 2667 ut
1510 2637 1543 2667 in
1565 2637 1638 2669 edd.
1654 2638 1781 2668 iisdem.

328 2683 406 2704 men
428 2682 509 2710 esse,
523 2677 651 2706 ostendi
666 2678 701 2706 in
718 2676 830 2714 Clave,
845 2687 943 2716 quam
956 2688 1034 2708 con-
1077 2679 1138 2709 Sed
1153 2680 1202 2710 ed.
1218 2681 1299 2711 Ven.
1324 2680 1434 2716 habet,
1450 2681 1478 2710 si
1501 2689 1540 2709 ea
1561 2689 1646 2710 uror
1660 2684 1783 2711 mater-

330 2717 416 2746 su'xat
433 2715 547 2748 lector.
1063 2720 1225 2761 ιΙίιεηιὶἰῐικς
1239 2727 1330 2759 esset,
1345 2723 1431 2762 quod
1446 2722 1567 2763 placet.
1598 2723 1653 2753 Sic
1666 2729 1701 2753 et
1711 2732 1782 2753 cor-

378 2762 413 2789 10
435 2759 475 2788 ab
492 2769 554 2790 oere
576 2760 710 2799 danda]
727 2760 909 2791 Lambinus
933 2764 1032 2794 corri-
1075 2765 1161 2795 rexit
1183 2775 1299 2795 manus
1316 2764 1414 2796 docta
1438 2765 1473 2795 in
1496 2765 1647 2806 exemplo
1667 2768 1781 2795 nostro

330 2801 428 2841 gebat
451 2812 530 2833 asse.
574 2804 628 2834 Sic
654 2803 751 2843 plane
765 2804 829 2834 Ms.
852 2803 962 2844 itaque
986 2816 1035 2836 re-
1076 2806 1125 2837 ed.
1151 2807 1242 2838 Med.
1263 2808 1373 2838 addito
1389 2809 1454 2840 viri
1473 2812 1548 2850 post
1570 2809 1606 2839 in
1620 2817 1757 2840 manum
1771 2818 1782 2837 t

331 2845 490 2884 cepimus.
1075 2855 1109 2880 et
1122 2850 1168 2882 sic
1183 2850 1353 2882 edidimus.

378 2890 406 2917 ll
428 2886 570 2929 συζυγία]
596 2888 650 2920 Sic
677 2887 727 2921 ed.
748 2889 833 2921 Ven.
848 2889 936 2922 Med.
959 2891 1034 2922 lati·
