1945 3235
642 129 927 169 ORATOR.
1433 133 1512 173 55¹7

72 232 214 274 minus
236 232 434 286 usitatos,
455 233 529 276 sed
557 241 697 276 tamen
719 248 884 275 versus:
919 231 1123 272 vitiosum
1144 247 1294 288 genus,
1316 241 1359 274 et
1379 233 1511 290 longa

73 291 204 341 animi
228 292 474 348 provisione
504 292 774 348 fugiendum.
837 289 980 345 Elegit
1010 303 1065 329 ex
1089 290 1232 331 multis
1251 295 1292 325 74
1307 291 1509 333 Isocratis
1525 301 1600 336 190

72 347 192 389 libris
216 349 395 406 triginta
416 350 596 391 fortasse
627 364 771 391 versus
795 347 1105 402 Hieronymus,
1130 347 1435 402 peripateticus
1466 350 1510 390 in

72 406 223 461 primis
257 408 429 459 nobilis,
467 407 689 464 plerosque
724 404 928 454 senarios,
956 403 1028 444 sed
1064 403 1193 444 etiam
1213 407 1509 460 7⁵anapaesta:

70 464 281 519 quoquid
306 474 448 521 potest
480 478 570 505 esse
603 464 798 519 turpius?
829 462 909 502 etsi
945 461 987 502 in
1022 460 1221 517 eligendo
1257 460 1360 501 fecit
1389 463 1513 504 mali-

71 521 194 562 tiose.
219 522 358 577 prima
378 521 490 562 enim
523 520 685 575 syllaba
716 520 861 560 demta
891 520 933 559 in
953 518 1092 575 primo
1117 518 1248 559 verbo
1271 521 1512 571 sententiae,

69 588 336 633 postremum
356 579 408 620 ad
434 579 609 619 verbum
634 578 816 633 primam
837 592 979 618 rursus
995 576 1202 632 syllabam
1226 575 1431 631 adjunxit
1447 576 1513 616 in-

70 637 302 691 sequentis.
365 635 433 676 Ita
446 634 585 676 factus
608 644 672 676 est
690 636 730 668 76
744 644 988 691 anapaestus
1012 635 1060 685 is,
1075 633 1148 689 qui
1168 632 1513 689 Aristophaneus

71 694 335 734 nominatur.
367 693 484 747 quod
514 707 568 733 ne
590 693 774 743 accidat,
797 692 1012 733 observari
1047 706 1126 732 nec
1157 700 1315 747 potest,
1339 705 1417 731 nec
1438 704 1515 731 ne-

70 765 186 791 cesse
209 759 287 790 est.
337 750 420 790 Sed
442 758 585 791 tamen
608 750 679 791 hic
701 760 932 801 corrector,
952 750 994 790 in
1019 763 1069 789 eo
1093 749 1187 804 ipso
1209 748 1320 799 loco,
1343 763 1429 803 quo
1450 762 1515 788 re-

69 807 311 862 prehendit,
333 811 401 860 (ut
423 823 448 848 a
478 823 545 849 me
579 809 922 849 animadversum
953 817 1018 847 est
1051 805 1241 847 studiose
1269 806 1514 860 inquirente

69 865 112 904 in
135 865 268 916 eum‚)
293 865 490 907 immittit
513 866 760 921 imprudens
783 866 874 921 ipse
894 864 1121 905 senarium.
1183 863 1250 904 Sit
1272 863 1406 919 igitur
1429 863 1512 904 hoc

68 922 311 978 cognitum,
334 923 376 964 in
403 923 552 964 solutis
574 924 705 964 etiam
737 923 877 964 verbis
909 923 1047 963 inesse
1078 935 1293 972 numeros,
1316 921 1511 962 eosdem-

67 993 151 1035 que
173 994 264 1021 esse
287 981 513 1032 oratorios,
535 982 608 1036 qui
630 981 715 1021 sint
734 980 910 1036 po'etici.

127 1037 331 1093 Sequitur
343 1053 462 1094 ergo,
477 1048 537 1090 ut,
552 1039 624 1094 qui
649 1039 838 1080 maxime
859 1037 1017 1079 cadant
1038 1036 1081 1077 in
1100 1036 1338 1077 orationem
1362 1044 1507 1092 aptam
1522 1037 1592 1096 57

68 1095 251 1146 numeri,
285 1096 517 1137 videndum
554 1097 622 1137 sit.
667 1106 766 1137 sunt
799 1101 913 1137 enim
956 1095 1028 1150 qui
1065 1095 1300 1135 iambicum
1339 1103 1508 1150 putent,
1526 1114 1596 1149 191

67 1153 184 1208 quod
208 1153 263 1194 sit
280 1154 465 1194 orationi
491 1154 754 1196 simillimus:
787 1169 872 1209 qua
893 1153 945 1194 de
967 1167 1096 1193 causa
1118 1151 1224 1202 fieri,
1248 1161 1295 1192 ut
1316 1151 1350 1191 is
1374 1152 1511 1207 potis-

69 1210 224 1251 simum
241 1221 417 1267 propter
435 1212 760 1253 similitudinem
784 1210 976 1252 veritatis
989 1209 1248 1251 adhibeatur
1268 1210 1310 1250 in
1330 1209 1510 1261 fabulis3

67 1269 106 1301 77
121 1269 236 1323 quod
254 1268 324 1309 ille
336 1269 576 1325 dactylicus
590 1284 792 1311 numerus
807 1269 1157 1310 hexametrorum
1182 1266 1512 1322 magniloquen-

68 1324 140 1366 tiae
162 1326 217 1366 sit
238 1327 619 1368 accommodatior.
666 1327 866 1383 Ephorus
884 1336 1044 1375 autem,
1065 1328 1105 1359 78
1120 1325 1224 1365 levis
1247 1325 1339 1380 ipse
1353 1335 1513 1375 orator,

67 1383 141 1423 sed
176 1383 394 1439 profectus
428 1399 482 1425 ex
517 1385 684 1440 optima
714 1384 959 1440 disciplina,
990 1397 1146 1439 paeona
1189 1382 1396 1438 sequitur,
1439 1391 1515 1423 aut

66 1440 308 1497 dactylum:
356 1441 474 1498 fugit·
503 1450 647 1483 autem
684 1442 938 1498 spondeum,
976 1450 1020 1481 et
1054 1440 1310 1481 trochaeum.
1381 1440 1514 1486 Quod

66 1498 182 1538 enim
205 1513 329 1554 paeon
358 1499 514 1540 habeat
537 1509 620 1540 tres
646 1500 809 1550 breves,
831 1497 1028 1555 dactylus
1050 1507 1195 1538 autem
1228 1498 1347 1548 duas,
1370 1498 1514 1539 brevi-

68 1563 155 1596 tate
187 1567 231 1597 et
265 1556 484 1598 celeritate
517 1557 776 1612 syllabarum
811 1557 895 1598 labi
934 1564 1059 1613 putat
1090 1556 1220 1596 verba
1253 1555 1510 1611 proclivius:

65 1623 302 1669 contraque
336 1615 530 1656 accidere
562 1615 604 1655 in
636 1615 828 1671 spondeo
867 1618 907 1649 79
920 1624 963 1655 et
995 1612 1211 1655 trochaeo:
1256 1613 1372 1668 quod
1406 1612 1513 1654 alter

66 1670 208 1726 longis
231 1681 463 1723 constaret,
486 1667 596 1713 alter'
612 1687 635 1712 e
660 1673 860 1713 brevibus
883 1671 1018 1721 fieret,
1042 1670 1217 1712 alteram
1253 1671 1380 1711 nimis
1404 1671 1512 1712 inci-

67 1737 216 1780 tatam,
240 1728 415 1770 alteram
446 1730 575 1770 nimis
605 1730 769 1770 tardam
801 1730 1057 1779 orationem,
1080 1739 1273 1770 neutram
1300 1737 1513 1784 tempera-

67 1797 171 1826 tam.
233 1787 316 1827 Sed
349 1797 392 1828 et
426 1788 483 1829 illi
517 1788 679 1844 priores
703 1797 861 1838 errant,
883 1797 927 1828 et
962 1786 1161 1842 Ephorus
1198 1786 1241 1827 in
1270 1785 1398 1842 culpa
1430 1796 1508 1827 est.
1526 1796 1599 1833 192

67 1857 165 1884 nam
198 1852 241 1884 et
274 1845 346 1899 qui
376 1860 531 1901 paeona
564 1854 840 1901 praetereunt,
871 1859 956 1885 non
993 1844 1141 1885 vident
1164 1844 1464 1885 mollissimum
1487 1859 1512 1885 a

66 1915 157 1941 sese
180 1915 419 1954 numerum,
442 1903 725 1958 eumdemque
755 1902 1069 1959 amplissimum
1092 1902 1318 1958 praeteriri.
1380 1902 1513 1948 Quod

68 1957 197 2014 longe
219 1959 443 2001 Aristoteli
480 1961 648 2002 videtur
679 1976 815 2012 secus,
839 1961 909 2015 qui
929 1959 1115 2015 judicat,
1149 1960 1326 2000 heroum
1361 1974 1514 2001 nume-

67 2030 160 2057 rum
181 2018 469 2073 grandiorem,
488 2033 616 2074 quam
634 2018 846 2059 desideret
863 2018 1003 2058 soluta
1023 2017 1187 2060 oratio:
1222 2017 1414 2058 iambum
1437 2032 1514 2058 au-

68 2083 154 2114 tem
173 2075 302 2116 nimis
324 2090 347 2116 e
372 2076 534 2132 vulgari
554 2090 645 2117 esse
664 2091 873 2117 sermone.
937 2074 1005 2116 [ta
1027 2089 1165 2130 neque
1187 2074 1410 2126 humilem,
1432 2089 1513 2116 nec

67 2132 284 2186 abjectam
307 2134 562 2185 orationem,
586 2148 665 2175 nec
688 2134 815 2174 nimis
837 2133 965 2174 altam
997 2141 1039 2173 et
1073 2143 1384 2189 exaggeratam
1416 2147 1514 2189 pro·
1571 2181 1580 2192 ι

69 2189 164 2231 bat:
198 2190 368 2247 plenam
397 2201 540 2233 tamen
566 2206 659 2233 eam
690 2191 783 2233 vult
813 2206 903 2232 esse
934 2190 1176 2248 gravitatiS,
1200 2200 1248 2232 ut
1278 2205 1366 2242 eos,
1386 2193 1426 2222 80
1439 2173 1642 2247 quigj²¹⁶²

107 2369 149 2400 74
164 2366 333 2406 Isocratis]
351 2367 404 2397 Sic
418 2366 482 2397 Ms.
494 2367 534 2398 V.
547 2366 618 2397 edd.
633 2371 771 2404 veteres,
815 2364 894 2396 dicit
910 2375 978 2402 esse
995 2375 1011 2396 e
1026 2366 1185 2402 brevibus,
1209 2365 1295 2405 quod
1318 2366 1353 2396 in
1368 2365 1515 2397 trochaeo

67 2418 134 2440 non
145 2410 296 2446 Isocrati,
307 2410 393 2449 quod
404 2410 528 2450 vulgati
542 2409 673 2450 quidam
687 2419 770 2450 prae—
814 2418 880 2438 non
895 2414 957 2439 est.
974 2419 1050 2439 mox
1061 2419 1078 2439 e
1089 2409 1204 2446 longis,
1219 2408 1268 2438 vel
1284 2419 1335 2445 ex,
1351 2408 1514 2440 edd.vett.

63 2451 184 2482 tulere.
200 2462 248 2482 eae
262 2459 341 2482 sunt
354 2453 615 2491 antiquariorum
629 2452 748 2482 sordes.
811 2456 922 2481 totum
932 2451 1018 2482 forte
1032 2451 1078 2481 sic
1093 2451 1318 2481 scribendum:
1335 2452 1420 2491 quod
1430 2453 1518 2482 alter

109 2497 149 2527 75
180 2495 363 2535 anapaesta]
388 2495 506 2534 Margo
518 2495 663 2525 ed.Ven.
686 2505 770 2526 ana·
811 2504 829 2524 e
845 2496 949 2532 longis
963 2497 1081 2524 constet
1105 2494 1197 2533 (nam
1219 2498 1382 2524 constaret
1404 2494 1515 2526 locum

60 2538 218 2577 paestz'cos,
234 2543 268 2568 et
283 2547 358 2568 mox
374 2549 414 2568 ea·
425 2548 478 2577 pr.
496 2538 602 2568 verbo.
812 2546 880 2567 non
895 2535 1023 2576 habet),
1046 2537 1133 2566 alter
1156 2546 1171 2566 e
1188 2536 1353 2567 brevibus.-
1363 2537 1449 2578 fierz'
1466 2539 1515 2567 al-

107 2579 148 2613 76
159 2580 358 2620 anapoestus]
372 2580 432 2612 Ed.
444 2581 534 2612 Med.
543 2580 630 2620 Lips.
641 2579 765 2620 Gryph.
810 2579 1140 2610 teram—orationem
1154 2578 1213 2609 διο.
1226 2578 1274 2609 ita
1285 2583 1371 2610 recte
1382 2588 1516 2619 respon-

67 2623 293 2661 anapoesticas.
810 2622 900 2652 debit
920 2621 1157 2661 superioribus:
1183 2621 1340 2652 brevitate
1355 2627 1386 2652 et
1400 2623 1513 2653 celeri-

108 2667 147 2698 77
158 2665 245 2704 quod
252 2665 319 2705 ille]
337 2666 421 2696 Puto
431 2665 639 2697 scribendum
648 2675 749 2705 quum
754 2679 765 2699 ,·
811 2668 879 2694 tate
891 2664 1097 2703 syllabarum
1112 2663 1178 2693 labi
1198 2664 1297 2695 verba
1313 2665 1510 2704 proclivius.-

66 2706 154 2746 quod
167 2716 216 2737 res
230 2707 324 2738 facile
339 2708 445 2740 docet.
811 2711 911 2746 atque
927 2707 1047 2737 ultima
1068 2706 1238 2738 habebunt
1261 2707 1411 2745 verbum,
1426 2707 1513 2746 quod

68 2787 72 2791 ι
112 2751 151 2783 78
176 2750 253 2780 levis
267 2751 333 2790 ipse
354 2752 478 2792 orator]
505 2749 648 2791 Quidam
672 2750 772 2780 corri-
815 2750 867 2779 vix
883 2749 994 2780 abesse
1009 2753 1130 2789 potest.

66 2795 152 2830 gunt
167 2793 258 2829 lenis,
276 2793 366 2833 quod'
384 2799 472 2825 recte
494 2793 661 2833 improbat
683 2794 772 2824 Stre·
858 2795 898 2823 80
920 2793 976 2832 qui
994 2791 1144 2831 audient]
1173 2801 1236 2822 scr.
1262 2791 1419 2822 audiant.-
1446 2801 1515 2823 non

68 2835 167 2867 baeus.
211 2834 264 2866 Sic
277 2841 391 2866 tamen
404 2837 469 2867 Ms.
483 2835 550 2867 Vit.
815 2835 904 2865 enim
927 2839 978 2865 est
993 2839 1209 2875 praeceptum,
1225 2834 1259 2865 in
1281 2844 1344 2874 quo
1363 2834 1513 2867 futurum

111 2880 150 2914 79
164 2881 195 2908 et
209 2878 357 2920 troehaeo]
378 2879 484 2910 Immo
499 2880 680 2920 vibrat-hy,
697 2877 773 2919 quia
814 2876 878 2910 hoc
894 2887 980 2919 saepe
993 2886 1163 2909 occurrere
1175 2877 1253 2909 scio.
