1945 3235
355 129 435 164 490
940 125 1211 165 BRUTUS.

354 230 591 271 subvenitis.
651 232 691 264 75
708 229 877 272 Sisenna
902 231 1002 287 quid
1021 232 1145 282 dicas,
1167 229 1298 272 nescio
1312 237 1486 272 :··metno
1509 230 1690 273 insidias.
1719 244 1814 287 spu-

358 288 534 337 tatilica,
558 287 659 344 quid
679 296 732 329 est
765 289 872 329 hoc?
901 297 1019 343 spata
1042 289 1142 345 quid
1170 288 1221 328 sit
1250 287 1345 338 scio,
1370 287 1483 328 tilica
1506 288 1648 329 nescio.
1711 288 1810 332 Ma-

359 345 466 385 ximi
491 347 622 386 risus:
657 347 727 386 sed
755 346 822 386 ille
848 358 986 387 tamen
1014 346 1234 387 familiaris
1258 359 1377 385 meus
1401 355 1514 385 recte
1545 345 1660 400 loqui
1685 357 1808 402 puta-

266 408 340 445 ι261
360 402 429 442 bat
454 417 559 453 esse,
584 404 786 444 inusitate
809 403 940 458 loqui.
1005 404 1151 444 Caesar
1173 413 1317 443 autem
1341 403 1548 443 rationem
1583 403 1806 455 adhibens,

356 461 712 501 consuetudinem
750 461 946 500 vitiosam
976 471 1019 500 et
1052 471 1316 517 corruptam,
1349 475 1455 516 pura
1481 469 1525 500 et
1558 460 1807 517 incorrupta

354 518 667 559 consuetudine
701 517 914 558 emendat.
986 517 1136 573 ltaque
1171 532 1266 558 cum
1305 518 1355 558 ad
1396 517 1508 558 hanc
1546 517 1804 574 elegantiam

355 576 582 616 verborum
614 576 843 615 latinorum
866 579 999 629 (quae,
1021 576 1188 615 etiamsi
1213 585 1357 616 orator
1391 589 1476 615 non
1512 574 1583 625 sis,
1614 576 1711 615 70'et
1748 576 1805 616 sis

353 631 565 687 ingenuus
588 632 694 673 civis
723 631 956 681 Romanus,
981 643 1122 672 tamen
1149 633 1384 673 necessaria
1405 634 1487 682 est)
1510 632 1711 688 adjungit
1732 632 1804 674 illa

353 692 539 730 oratoria
562 699 813 730 ornamenta
834 689 1030 730 dicendi:
1065 699 1155 729 tum
1187 690 1355 730 videtur
1384 699 1604 744 tamquam
1637 690 1802 731 tabulas

356 747 464 787 bene
503 747 639 803 pictas
678 746 888 787 collocare
927 747 968 787 in
1006 747 1119 786 bono
1154 746 1327 787 lumine.
1363 746 1474 787 hanc
1509 761 1605 787 cum
1644 746 1803 789 habeat

220 822 252 854 p.
271 813 342 844 189.
359 805 619 860 praecipuam
652 803 817 845 laudem
854 804 896 844 in
930 803 1247 853 communibus,
1280 819 1362 844 non
1396 805 1518 845 video
1547 805 1615 845 cui
1646 804 1803 847 debeat

313 863 342 883 ἢ·
355 861 518 903 cedere.
552 861 816 917 splendidam
848 861 1078 916 quandam,
1111 861 1372 916 minimeque
1405 861 1700 902 veteratoriam
1735 877 1801 903 ra-

354 919 512 960 tionem
546 920 715 960 (licendi
749 930 879 969 tenet,
905 933 1038 969 voce„
1060 929 1202 960 motu:
1236 917 1376 959 forma
1406 919 1537 959 etiam
1569 919 1800 975 magnilica

262 985 338 1021 262
350 985 393 1016 et
416 991 623 1032 generosa
644 976 979 1030 quodaminodo.
1038 975 1147 1016 Tum
1175 976 1349 1026 Brutus,
1372 975 1602 1016 Orationes
1622 977 1797 1031 quidem

349 1033 442 1089 ejus
485 1034 590 1075 mihi
628 1035 900 1074 vehementer
942 1034 1194 1090 probantur,
1233 1033 1475 1089 complures
1515 1033 1671 1073 autern*
1695 1033 1796 1090 legi.

346 1091 493 1146 Atque
512 1093 642 1133 etiam
659 1092 993 1132 commentarios
1011 1091 1219 1146 quosdam
1242 1091 1414 1146 scripsit
1436 1104 1574 1131 rerum
1599 1104 1794 1143 suarum;

346 1148 469 1190 valde
490 1150 680 1204 quidem,
704 1149 893 1204 inquam,
918 1149 1178 1205 probandos.
1211 1149 1312 1188 nudi
1335 1149 1448 1189 euim
1472 1158 1585 1198 sunt,
1609 1149 1729 1199 recti,
1751 1159 1796 1189 et

345 1209 530 1257 venusti,
562 1207 679 1247 omui
714 1218 867 1247 ornatu
903 1207 1125 1256 orationis,
1163 1216 1381 1260 tamquam
1417 1216 1548 1255 veste,
1582 1205 1793 1247 detracto.

345 1264 418 1305 sed
440 1266 542 1305 dum
568 1264 703 1305 voluit
725 1264 830 1305 alios
853 1263 1010 1305 habere
1033 1273 1195 1319 parata,
1219 1264 1330 1304 unde
1353 1271 1584 1312 sumerent,
1606 1263 1677 1318 qui
1706 1263 1792 1304 vel-

343 1320 432 1363 lent
454 1323 639 1363 seribere
663 1321 910 1364 historiam:
946 1321 1102 1377 ineptis
1129 1331 1299 1376 gratum
1324 1320 1504 1361 fortasse
1527 1320 1644 1370 fecit,
1666 1324 1704 1355 77
1716 1321 1790 1376 qui

342 1379 490 1420 volent
532 1379 602 1420 illa
635 1379 888 1420 calamistris
930 1379 1121 1419 inurere:
1155 1393 1280 1418 sanos
1319 1378 1492 1432 quidem
1532 1377 1728 1419 homines
1765 1393 1792 1419 a

342 1437 569 1478 scribendo
588 1437 809 1477 deterruit.
862 1435 983 1476 Nihil
1007 1435 1122 1476 enim
1144 1446 1209 1476 est
1235 1436 1275 1475 in
1299 1435 1480 1475 historia
1503 1449 1608 1490 pura
1630 1446 1674 1476 et
1695 1436 1791 1477 illu-

341 1495 416 1534 stri
445 1495 652 1535 brevitate
673 1494 854 1534 dulcius.
907 1493 990 1534 Sed
1013 1492 1065 1533 ad
1088 1506 1176 1544 eOS,
1199 1493 1232 1532 si
1258 1491 1410 1548 placet,
1431 1493 1505 1548 qui
1532 1492 1619 1533 vita
1639 1506 1789 1534 exces-

342 1562 501 1601 serunt,
525 1562 800 1592 revertamur.

257 1603 330 1663 76
401 1609 452 1650 C.
475 1609 662 1650 Sicinius
695 1609 842 1664 igitur,
866 1608 922 1654 Q.
949 1607 1146 1664 Pompeii
1178 1607 1304 1658 illius,
1327 1607 1399 1662 qui
1431 1621 1581 1647 censor
1611 1606 1707 1660 fuit,
1729 1622 1785 1650 ex

251 1680 328 1715 263
344 1666 430 1707 filia
454 1681 600 1723 nepos,
622 1667 880 1722 quaestorius
912 1676 1106 1706 mortuus
1138 1675 1216 1715 est,
1240 1664 1476 1721 probabilis
1499 1673 1664 1706 orator:
1689 1665 1785 1720 jam

342 1739 442 1765 vero
464 1725 593 1765 etiam
619 1724 840 1779 probatus,
864 1738 918 1763 ex
944 1723 1022 1763 hac
1047 1723 1165 1779 inopi
1187 1723 1241 1763 ad
1271 1722 1526 1772 ornandum,
1549 1722 1619 1762 sed
1643 1721 1695 1762 ad
1720 1722 1784 1763 in-

339 1782 599 1823 veniendum
623 1781 828 1837 expedita
852 1780 1138 1836 Hermagorae
1162 1779 1405 1836 disciplina.
1431 1794 1480 1820 ea
1503 1779 1576 1820 dat
1599 1779 1786 1821 rationes

337 1851 475 1881 certas
497 1849 540 1880 et
561 1849 777 1895 praecepta
795 1837 966 1879 dicendi
985 1855 993 1880 :
1025 1852 1121 1893 quae
1156 1837 1189 1877 si
1224 1838 1433 1878 minorem
1469 1836 1629 1877 habent
1651 1851 1783 1894 appa-

337 1907 493 1948 ratum,
518 1902 638 1949 (sunt
669 1897 783 1937 enim
816 1896 965 1944 exilia)
990 1906 1132 1936 tamen
1168 1894 1328 1935 habent
1359 1894 1569 1945 ordinem,
1591 1904 1635 1935 et
1655 1909 1782 1949 quas-

336 1954 434 1995 dam
458 1969 596 1995 errare
620 1954 662 1995 in
687 1953 872 1995 dicendo
897 1968 981 1994 non
1006 1953 1217 2008 patientes
1242 1952 1346 1992 vias.
1410 1951 1502 1992 Has
1525 1951 1594 1992 ille
1617 1963 1781 2004 tenens,

335 2022 378 2053 et
412 2023 584 2069 paratus
616 2012 669 2052 ad
703 2026 852 2052 causas
897 2011 1086 2060 veniens,
1126 2010 1355 2050 verborum
1390 2024 1476 2050 non
1506 2023 1652 2065 egens,
1686 2009 1781 2066 ipsa

335 2069 405 2110 illa
427 2070 752 2125 comparatione
785 2067 1098 2124 disciplinaque
1120 2067 1290 2108 dicendi
1306 2068 1400 2122 jain
1423 2067 1466 2108 in
1497 2076 1778 2122 patronorum

244 2136 559 2171 264numerum
586 2136 852 2183 pervenerat.
914 2125 1016 2166 Erat
1049 2125 1180 2165 etiam
1216 2125 1277 2165 vir
1308 2125 1462 2165 doctus
1486 2123 1528 2164 in
1551 2124 1699 2179 primis
1723 2123 1775 2166 C.

337 2184 534 2226 Visellius
572 2184 721 2234 Varro,
758 2183 1043 2224 consobrinus
1077 2197 1211 2232 mem,
1246 2181 1318 2237 qui
1361 2181 1444 2222 fuit
1477 2196 1575 2222 cum
1610 2181 1776 2223 Sicinio

333 2252 461 2283 aetate
492 2241 766 2297 conjunctus.
799 2240 832 2281 is
863 2255 962 2281 cum
997 2249 1094 2296 post
1129 2239 1320 2280 curulem
1354 2239 1605 2280 aedilitatem
1634 2239 1774 2292 judex

330 2300 583 2355 quaestionis
607 2309 731 2349 esset,
750 2307 813 2338 est
836 2308 1055 2340 mortuus:
1089 2297 1131 2337 in
1154 2311 1240 2352 quo
1265 2295 1402 2337 fateor
1423 2295 1538 2351 vulgi
1555 2295 1772 2351 judicium

330 2372 355 2397 a
371 2357 542 2412 judicio
567 2370 661 2397 meo
684 2356 948 2398 dissensisse.
972 2370 1071 2396 nam
1098 2354 1256 2410 populo
1279 2369 1364 2395 non
1387 2363 1478 2395 erat
1501 2352 1602 2394 satis
1626 2352 1773 2394 vendi-

331 2414 451 2456 bilis:
486 2428 678 2470 praeceps
701 2413 916 2468 quaedam,
939 2423 983 2453 et
1013 2426 1112 2453 cum
1144 2412 1304 2452 idcirco
1336 2412 1532 2461 obscura,
1554 2410 1654 2464 quia
1677 2424 1771 2467 per-

326 2482 468 2521 acuta,
504 2483 593 2511 tum
628 2471 792 2527 rapida,
816 2480 859 2511 et
887 2470 1105 2511 celeritate
1135 2479 1299 2514 caecata
1326 2469 1488 2510 oratio:
1521 2467 1592 2508 sed
1630 2481 1770 2523 neque

324 2529 466 2570 verbis
490 2529 700 2585 aptiorem
732 2528 820 2569 cito
855 2527 986 2570 alium
1017 2526 1218 2576 dixerim,
1249 2541 1387 2582 neque
1421 2525 1644 2567 sententiis
1679 2539 1770 2567 cre-

359 2682 400 2712 75
424 2678 563 2710 Sisenna
581 2679 660 2719 quid
679 2678 783 2718 dicas]
809 2679 895 2719 Quia
915 2678 1020 2709 oratio
1066 2679 1221 2708 nectitur.
1265 2676 1317 2707 An
1331 2686 1444 2707 verum
1459 2681 1509 2707 est
1523 2680 1560 2707 at
1575 2676 1625 2707 vel
1637 2676 1702 2707 sed.

317 2721 471 2761 dirigitur
486 2721 525 2751 ad
535 2722 662 2761 judices
678 2733 684 2750 ι
709 2722 804 2751 credo
827 2722 1020 2752 Ciceronem
1107 2723 1146 2754 77
1170 2720 1225 2760 qui
1239 2721 1351 2750 volunt
1363 2720 1423 2749 illa
1437 2730 1464 2750 e.
1477 2719 1582 2759 inur]
1605 2718 1657 2750 An
1671 2721 1768 2749 erant

317 2764 482 2804 scripsisse
497 2764 596 2794 dicat.
615 2773 690 2793 nam
708 2764 870 2793 rationem
890 2763 1022 2794 reddere
1058 2763 1130 2802 jam
1167 2762 1251 2798 noti,
1281 2763 1336 2800 qui
1364 2761 1510 2791 vellent?
1549 2769 1766 2801 nequaquam.

317 2806 458 2843 videtur,
474 2817 574 2846 quare
589 2815 622 2836 se
635 2806 863 2836 circumveniri
878 2806 1008 2836 dixerit.
1065 2805 1180 2835 Cicero
1201 2804 1329 2844 scripsit
1355 2803 1394 2834 de
1417 2804 1544 2841 futuro,
1569 2804 1624 2844 qui
1646 2804 1763 2834 volent.

359 2849 400 2882 76
422 2854 452 2879 et
472 2850 516 2880 sis
538 2849 702 2888 ingenuus
722 2848 815 2887 civis]
842 2848 917 2877 Non
943 2848 1021 2878 satis
1065 2848 1118 2878 Sic
1132 2846 1195 2877 vidi
1212 2846 1371 2888 placuisse
1386 2847 1485 2878 etiam
1511 2846 1604 2877 Rivio
1619 2851 1654 2877 et
1667 2845 1768 2878 Lam·

317 2890 399 2922 btue
428 2891 530 2923 latine
558 2891 620 2922 boc
647 2900 723 2922 cum
752 2891 1022 2922 antecedentibus
1066 2890 1154 2921 bino.
