1945 3235
323 149 400 185 ⁴96
904 144 1196 186 BRUTUS.

324 259 442 291 tonte
473 249 746 291 audientibus
781 258 872 292 erat
905 251 1105 293 illustris:
1138 267 1161 292 a
1184 248 1462 292 multitudine
1484 257 1643 303 autem,
1665 259 1708 293 et
1740 251 1766 292 a

327 308 437 357 foro,
454 308 522 348 eui
548 316 648 349 nata
669 308 915 363 eloquentia
935 319 1014 359 est,
1037 309 1338 349 devorabatur.

236 372 312 406 ‘284
381 364 491 407 Tum
520 365 692 416 Brutus,
716 365 911 407 Atticum
935 381 993 417 se,
1015 367 1168 422 inquit,
1192 365 1351 407 Calvus
1383 372 1528 405 noster
1561 364 1646 405 dici
1670 380 1765 406 ora-

327 432 463 464 torem
488 423 671 464 volebat.
704 423 803 464 inde
821 433 909 464 crat
928 424 1010 464 ista
1029 423 1215 473 exilitas,
1237 437 1365 478 quam
1389 421 1457 462 ille
1479 422 1532 462 de
1555 422 1766 464 industria

324 485 367 514 9²
380 481 737 536 consequebatur.
800 479 1002 531 Dicebat,
1026 482 1216 536 inquam,
1241 482 1324 521 ita:
1357 479 1429 520 sed
1462 488 1505 520 et
1528 479 1619 535 ipse
1650 493 1764 520 erra-

326 537 413 589 bat,
435 548 478 579 et
509 538 613 579 alios
641 538 770 578 ctiam
803 552 940 578 errare
969 540 1169 594 cogebat.
1233 538 1345 579 Nam
1379 537 1411 577 si
1435 537 1531 591 quis
1569 551 1657 587 eos,
1690 536 1765 592 qui

325 608 404 636 nec
435 596 579 651 inepte
600 595 764 644 dicunt,
788 609 867 635 nec
898 595 1060 645 odiose,
1085 609 1163 637 nec
1188 595 1351 652 putide,
1384 595 1515 635 attice
1543 603 1672 691 putat
1701 594 1766 635 di-

323 667 445 704 cere3
478 653 511 692 is
546 661 674 701 recte,
706 651 786 692 nisi
821 651 1034 702 Atticum,
1060 653 1216 708 probat
1250 652 1480 693 neminem.
1570 650 1768 693 nsulsita-

324 719 411 750 tem
434 711 547 750 enim
571 719 614 749 et
644 708 932 760 insolentiam,
956 718 1159 764 tauquam
1193 710 1402 750 insaniam
1434 708 1649 764 quandam
1672 723 1768 749 ora-

323 767 468 818 tionis,
500 766 614 808 odit:
648 767 875 807 sanitatem
908 776 1051 806 autem
1084 775 1128 807 et
1161 766 1470 822 integritatem,
1503 766 1624 821 quasi
1668 765 1766 807 reli-

326 825 498 879 gionem
521 833 564 864 et
586 824 885 864 verecundiam
905 824 1101 874 oratoris,
1122 824 1291 880 probat.
1353 823 1464 865 Haec
1477 823 1671 864 omnium
1691 823 1766 864 de-

237 889 313 924 985
331 883 401 922 bet
422 890 641 922 oratorum
663 881 811 922 eadem
831 895 922 922 esse
935 881 1162 921 sententia.
1211 881 1287 922 Sin
1310 889 1454 921 autem
1469 880 1766 936 jejunitatem,

284 937 314 968 b.
328 948 371 980 et
393 939 647 989 siccitatem,
665 948 708 979 et
731 938 937 994 inopiam,
956 938 1192 979 dummodo
1215 939 1270 979 sit
1292 937 1441 994 polita,
1460 938 1561 978 (lum
1585 938 1764 989 urbana,

326 997 427 1038 dum
462 997 649 1053 elegans,
670 996 711 1036 in
736 995 886 1037 Attico
909 1010 1065 1052 genere
1099 995 1238 1051 ponit,
1264 995 1347 1037 hoc
1381 1004 1496 1036 recte
1528 994 1766 1036 duntaxat:

327 1055 398 1095 sed
421 1054 523 1109 quia
545 1063 645 1095 sunt
667 1053 708 1094 in
732 1052 892 1094 Atticis
924 1054 1006 1094 alia
1037 1053 1227 1104 meliora,
1259 1052 1417 1104 videat,
1439 1065 1494 1092 ne
1524 1051 1695 1108 ignoret
1723 1061 1769 1094 et

325 1112 497 1168 gradus,
518 1121 562 1152 et
582 1110 967 1162 dissimilitudines,
982 1119 1026 1152 et
1047 1111 1150 1162 vim,
1173 1121 1217 1151 et
1237 1111 1487 1152 varietatem
1500 1107 1764 1151 Atticorum.

323 1169 512 1220 Atticos,
535 1169 691 1225 inquit,
710 1168 809 1210 volo
841 1168 1015 1209 imitari.
1039 1170 1175 1224 quos?
1207 1182 1285 1210 nec
1312 1168 1428 1209 enim
1449 1176 1515 1208 est
1537 1180 1670 1208 unum
1692 1181 1768 1225 ge·-

321 1241 418 1268 nus.
479 1227 594 1268 Nam
626 1226 730 1282 quid
763 1235 829 1267 est
861 1234 948 1266 tam
980 1226 1200 1277 dissimile,
1222 1241 1352 1282 quam
1376 1224 1691 1266 Demosthenes
1724 1231 1770 1266 et

326 1284 505 1340 Lysias?
535 1299 665 1340 quam
702 1283 831 1335 idern,
862 1293 906 1325 et
941 1282 1215 1340 Hyperides?
1245 1287 1285 1318 93
1299 1298 1429 1339 quam
1461 1282 1656 1323 omnium
1687 1281 1768 1323 ho-

324 1356 418 1383 rum
443 1342 695 1383 AEschines?
727 1342 869 1388 Quem
904 1340 1040 1397 igitur
1068 1340 1280 1382 imitaris?
1323 1342 1367 1382 Si
1401 1340 1604 1395 aliquem,
1637 1339 1769 1381 ceteri

323 1415 428 1456 ergo
461 1399 607 1441 Attice
641 1413 728 1440 non
762 1399 979 1440 dicebant.
1012 1398 1045 1438 si
1069 1412 1239 1439 omnes:
1280 1398 1352 1453 qui
1387 1406 1526 1454 poteS,
1559 1411 1659 1438 cum
1681 1397 1769 1438 sint

325 1458 407 1514 ipsi
432 1456 706 1497 dissimillimi
738 1456 848 1497 inter
873 1458 944 1498 se?
1005 1455 1054 1495 In
1079 1470 1165 1511 quo
1187 1456 1316 1496 etiam
1340 1454 1442 1495 illud
1464 1469 1628 1510 quaero,
1653 1454 1768 1496 Pha-

322 1515 459 1556 lereus
483 1514 551 1554 ille
576 1513 823 1555 Demetrius
847 1511 1050 1555 Atticene
1072 1513 1247 1553 dixerit.
1279 1512 1386 1553 mihi
1419 1512 1594 1567 quidem
1627 1526 1684 1552 ex
1717 1512 1767 1553 il-

326 1572 407 1613 lius
442 1571 711 1612 orationibus
746 1569 935 1611 redolere
968 1570 1074 1626 ipsae
1107 1568 1293 1610 Athenae
1324 1569 1538 1610 videntur.
1610 1568 1670 1610 At
1702 1578 1769 1610 est

325 1629 534 1680 floridior,
572 1638 621 1670 ut
665 1628 725 1668 ita
758 1627 915 1678 dicam,
953 1641 1083 1682 quam
1127 1626 1388 1683 Hyperides,
1429 1640 1559 1682 quam
1602 1626 1767 1682 Lysias.

246 1683 481 1732 83natura
510 1686 725 1742 quaedam,
754 1694 829 1726 aut
866 1685 1064 1726 voluntas
1106 1683 1167 1725 ita
1206 1683 1376 1726 dicendi
1410 1682 1509 1724 fuit.
1580 1682 1638 1724 Et
1671 1684 1767 1740 qui-

239 1755 316 1791 ‘286
328 1745 425 1786 dem
458 1744 545 1785 duo
575 1743 750 1784 fuerunt
771 1757 845 1798 per
868 1742 981 1783 idem
1004 1753 1173 1798 tempus
1203 1740 1431 1783 dissimiles
1462 1740 1573 1782 inter
1594 1754 1663 1793 se;
1695 1739 1769 1783 sed

326 1803 464 1844 Attici
498 1812 667 1843 tamen:
708 1815 892 1857 quorum
926 1799 1147 1841 Charisius
1176 1799 1461 1840 94multarum
1494 1797 1768 1851 orationum;

325 1875 432 1916 quas
470 1859 688 1900 scribebat
728 1857 837 1910 aliis,
884 1872 984 1898 cum
1027 1871 1184 1913 cupere
1224 1857 1441 1898 videretur
1481 1855 1642 1897 imitari
1682 1855 1769 1912 Ly-

326 1919 458 1959 siam:
522 1915 815 1958 Demochares
848 1924 1007 1967 autem,
1040 1914 1114 1970 qui
1157 1913 1241 1955 fuit
1281 1913 1567 1955 Demostheni
1612 1914 1770 1954 sororis

328 1975 455 2027 filius,
477 1983 520 2015 et
541 1975 757 2016 orationes
790 1972 963 2029 scripsit
995 1971 1182 2027 aliquot;
1213 1980 1257 2013 et
1277 1986 1423 2013 earum
1459 1985 1600 2012 rerum
1633 1970 1770 2012 histo-

326 2035 450 2084 riam,
492 2047 589 2087 quae
627 2040 751 2073 erant
791 2029 975 2072 Athenis
1017 2029 1152 2086 ipsius
1193 2039 1322 2070 aetate
1363 2037 1513 2086 gestae‚
1551 2042 1638 2070 non
1681 2037 1769 2069 tam

329 2090 552 2141 historico,
583 2103 712 2145 quam
748 2087 938 2130 oratorio
971 2101 1126 2144 genere
1159 2087 1423 2144 perscripsit.
1481 2085 1543 2127 At
1580 2084 1768 2129 Charisii

329 2147 423 2189 vult
456 2146 668 2203 Hegesias
697 2160 788 2187 esse
814 2144 979 2196 similis,
1003 2144 1123 2200 isque
1155 2158 1198 2185 se
1231 2143 1292 2185 ita
1319 2152 1445 2201 putat
1474 2142 1688 2193 Atticum,
1721 2151 1770 2184 ut

241 2214 320 2254 287
333 2219 452 2246 veros
485 2204 578 2245 illos
616 2219 704 2260 prae
735 2217 779 2244 se
812 2216 935 2258 paene
964 2210 1153 2258 agrestes
1178 2210 1314 2257 putet.
1368 2200 1429 2242 At
1460 2201 1563 2256 quid
1585 2208 1650 2241 est
1680 2208 1770 2242 tam

328 2262 529 2311 fractum,
567 2270 656 2302 tam
698 2261 928 2311 minutum,
964 2268 1052 2300 tam
1084 2259 1128 2299 in
1163 2259 1257 2314 ipsa
1288 2263 1436 2314 (quam
1481 2268 1624 2299 tamen
1666 2271 1770 2299 con-

329 2320 539 2376 sequitur)
570 2319 865 2360 concinnitate
893 2317 1080 2372 puerile?
1110 2314 1358 2357 Atticorum
1391 2315 1549 2357 similes
1579 2328 1671 2356 esse
1693 2329 1768 2356 vo-

326 2377 482 2418 lumus.
516 2376 710 2432 Optime.
771 2376 937 2416 Suntne
960 2374 1091 2430 igitur
1111 2373 1140 2414 ii
1162 2373 1300 2414 Attici
1321 2375 1538 2414 oratores?
1569 2371 1679 2419 Quis
1696 2385 1772 2412 ne-

326 2449 429 2491 gare
453 2436 625 2490 potest?
657 2432 753 2475 Hos
776 2433 1010 2473 imitamur.
1071 2431 1172 2478 Quo
1198 2431 1342 2482 modo,
1365 2431 1438 2485 qui
1462 2438 1561 2470 sunt
1582 2437 1626 2470 et
1656 2428 1768 2470 inter

327 2506 371 2532 se
403 2491 646 2542 dissimiles,
679 2500 723 2532 et
754 2490 960 2531 aliorum?
991 2488 1308 2544 Thucydidem,
1345 2487 1500 2543 inquit,
1532 2486 1767 2527 imitamur.

327 2548 522 2606 Optime,
547 2549 581 2589 si
605 2547 827 2589 historiam
851 2547 1051 2598 scribere,
1073 2560 1160 2587 non
1194 2545 1227 2586 si
1261 2560 1409 2586 causas
1439 2544 1582 2585 dicere
1603 2543 1771 2599 cogita-

326 2607 397 2648 tis.
455 2605 732 2661 Thucydides
754 2605 870 2646 enim
892 2619 1034 2646 rerum
1056 2612 1274 2660 gestarum
1297 2602 1599 2659 pronuntiator
1630 2600 1769 2642 since-

366 2722 408 2754 92
438 2717 704 2760 consequebatur]
729 2718 793 2748 Pro
819 2718 1028 2749 consectaba-
1111 2720 1154 2752 94
1178 2718 1364 2747 multarum
1388 2714 1588 2755 orationum]
1620 2713 1673 2745 Sic
1697 2712 1771 2744 edd.

323 2768 393 2799 tur,
412 2768 449 2793 ut
467 2773 495 2792 c.
512 2765 562 2793 83.
578 2766 612 2792 et
627 2762 718 2791 alibi.
734 2771 765 2790 v.
782 2761 874 2791 Clav.
1070 2768 1120 2800 pr.
1155 2759 1239 2790 Aliae
1251 2760 1366 2790 vitiose
1383 2758 1545 2789 dederunt
1560 2758 1683 2800 multas
1695 2765 1771 2786 ora-

367 2808 408 2839 93
430 2814 531 2846 quam
544 2804 688 2835 omm'um
705 2803 836 2842 horum]
854 2803 914 2833 int.
937 2801 1028 2832 dissi·
1071 2805 1187 2835 honen,-
1211 2801 1299 2834 unde
1323 2801 1432 2832 locum
1454 2801 1609 2832 vitiosum
1629 2798 1770 2840 putabat

324 2847 423 2878 milis.
447 2858 476 2879 c.
491 2850 543 2880 83.
564 2846 735 2878 dissimiles
753 2845 840 2876 inter
851 2855 884 2876 se
897 2849 928 2875 ee
946 2845 1027 2875 ulio·
1071 2843 1244 2877 corradus.

324 2899 416 2920 rum.
