<?xml version="1.0" encoding="UTF-8"?>
<!DOCTYPE html PUBLIC "-//W3C//DTD XHTML 1.0 Transitional//EN"
    "http://www.w3.org/TR/xhtml1/DTD/xhtml1-transitional.dtd">
<html xmlns="http://www.w3.org/1999/xhtml" xml:lang="en" lang="en">
 <head>
  <title>
</title>
<meta http-equiv="Content-Type" content="text/html;charset=utf-8" />
  <meta name='ocr-system' content='tesseract 3.04.00' />
  <meta name='ocr-capabilities' content='ocr_page ocr_carea ocr_par ocr_line ocrx_word'/>
</head>
<body>
  <div class='ocr_page' id='page_1' title='image "./operaomnia01ciceuoft/operaomnia01ciceuoft_0159.png"; bbox 0 0 1945 3235; ppageno 0'>
   <div class='ocr_carea' id='block_1_1' title="bbox 109 159 1620 2142">
    <p class='ocr_par' dir='ltr' id='par_1_1' title="bbox 114 159 1544 1274">
     <span class='ocr_line' id='line_1_1' title="bbox 572 159 1534 205; baseline 0 -6"><span class='ocrx_word' id='word_1_1' title='bbox 572 159 757 199; x_wconf 87' lang='lat' dir='ltr'>LIBER</span> <span class='ocrx_word' id='word_1_2' title='bbox 789 159 1080 202; x_wconf 85' lang='lat' dir='ltr'>QUARTUS.</span> <span class='ocrx_word' id='word_1_3' title='bbox 1484 165 1534 205; x_wconf 85' lang='lat'>87</span> 
     </span>
     <span class='ocr_line' id='line_1_2' title="bbox 114 263 1534 315; baseline -0.001 -7"><span class='ocrx_word' id='word_1_4' title='bbox 114 265 308 308; x_wconf 86' lang='lat' dir='ltr'>similiter</span> <span class='ocrx_word' id='word_1_5' title='bbox 333 269 368 298; x_wconf 86' lang='lat'>¹3</span> <span class='ocrx_word' id='word_1_6' title='bbox 382 265 530 307; x_wconf 87' lang='lat' dir='ltr'>iisdem</span> <span class='ocrx_word' id='word_1_7' title='bbox 551 264 720 305; x_wconf 83' lang='lat' dir='ltr'>casibus</span> <span class='ocrx_word' id='word_1_8' title='bbox 739 263 983 315; x_wconf 84' lang='lat' dir='ltr'>efferantur,</span> <span class='ocrx_word' id='word_1_9' title='bbox 1001 264 1085 305; x_wconf 90' lang='lat' dir='ltr'>hoc</span> <span class='ocrx_word' id='word_1_10' title='bbox 1106 263 1262 306; x_wconf 77' lang='lat' dir='ltr'>modo2</span> <span class='ocrx_word' id='word_1_11' title='bbox 1295 264 1534 307; x_wconf 85' lang='lat' dir='ltr'>Hominem</span> 
     </span>
     <span class='ocr_line' id='line_1_3' title="bbox 116 320 1533 379; baseline -0.001 -15"><span class='ocrx_word' id='word_1_12' title='bbox 116 323 261 365; x_wconf 83' lang='lat' dir='ltr'>laudas</span> <span class='ocrx_word' id='word_1_13' title='bbox 303 330 500 379; x_wconf 87' lang='lat' dir='ltr'>egentem</span> <span class='ocrx_word' id='word_1_14' title='bbox 540 320 725 372; x_wconf 85' lang='lat' dir='ltr'>virtutis,</span> <span class='ocrx_word' id='word_1_15' title='bbox 765 321 1055 362; x_wconf 81' lang='lat' dir='ltr'>abundantem</span> <span class='ocrx_word' id='word_1_16' title='bbox 1100 320 1332 361; x_wconf 80' lang='lat' dir='ltr'><strong>felicitatis.</strong></span> <span class='ocrx_word' id='word_1_17' title='bbox 1407 322 1533 374; x_wconf 85' lang='lat' dir='ltr'>Item,</span> 
     </span>
     <span class='ocr_line' id='line_1_4' title="bbox 118 377 1534 436; baseline 0 -14"><span class='ocrx_word' id='word_1_18' title='bbox 118 380 254 436; x_wconf 86' lang='lat' dir='ltr'>Cujus</span> <span class='ocrx_word' id='word_1_19' title='bbox 277 380 414 421; x_wconf 90' lang='lat' dir='ltr'>omnis</span> <span class='ocrx_word' id='word_1_20' title='bbox 433 377 475 418; x_wconf 90' lang='lat' dir='ltr'>in</span> <span class='ocrx_word' id='word_1_21' title='bbox 498 378 681 434; x_wconf 87' lang='lat' dir='ltr'>pecunia</span> <span class='ocrx_word' id='word_1_22' title='bbox 698 391 792 433; x_wconf 89' lang='lat' dir='ltr'>spes</span> <span class='ocrx_word' id='word_1_23' title='bbox 809 385 888 429; x_wconf 84' lang='lat' dir='ltr'>est,</span> <span class='ocrx_word' id='word_1_24' title='bbox 902 377 993 432; x_wconf 90' lang='lat' dir='ltr'>ejus</span> <span class='ocrx_word' id='word_1_25' title='bbox 1016 393 1042 418; x_wconf 90' lang='lat' dir='ltr'>a</span> <span class='ocrx_word' id='word_1_26' title='bbox 1063 377 1272 433; x_wconf 85' lang='lat' dir='ltr'>sapientia</span> <span class='ocrx_word' id='word_1_27' title='bbox 1285 386 1349 418; x_wconf 89' lang='lat' dir='ltr'>est</span> <span class='ocrx_word' id='word_1_28' title='bbox 1367 380 1534 422; x_wconf 80' lang='lat' dir='ltr'>animus</span> 
     </span>
     <span class='ocr_line' id='line_1_5' title="bbox 116 433 1535 490; baseline -0.001 -13"><span class='ocrx_word' id='word_1_29' title='bbox 116 449 319 479; x_wconf 86' lang='lat' dir='ltr'>remotus.</span> <span class='ocrx_word' id='word_1_30' title='bbox 381 433 620 489; x_wconf 84' lang='lat' dir='ltr'>Diligentia</span> <span class='ocrx_word' id='word_1_31' title='bbox 653 444 875 490; x_wconf 86' lang='lat' dir='ltr'>comparat</span> <span class='ocrx_word' id='word_1_32' title='bbox 911 434 1099 486; x_wconf 85' lang='lat' dir='ltr'>divitias,</span> <span class='ocrx_word' id='word_1_33' title='bbox 1138 434 1405 490; x_wconf 83' lang='lat' dir='ltr'>negligentia</span> <span class='ocrx_word' id='word_1_34' title='bbox 1441 450 1535 476; x_wconf 88' lang='lat' dir='ltr'>cor-</span> 
     </span>
     <span class='ocr_line' id='line_1_6' title="bbox 117 491 1538 551; baseline -0.003 -16"><span class='ocrx_word' id='word_1_35' title='bbox 117 495 278 551; x_wconf 85' lang='lat' dir='ltr'>rumpit</span> <span class='ocrx_word' id='word_1_36' title='bbox 305 493 516 542; x_wconf 84' lang='lat' dir='ltr'>animum3</span> <span class='ocrx_word' id='word_1_37' title='bbox 547 499 591 531; x_wconf 90' lang='lat' dir='ltr'>et</span> <span class='ocrx_word' id='word_1_38' title='bbox 620 500 762 531; x_wconf 87' lang='lat' dir='ltr'>tamen</span> <span class='ocrx_word' id='word_1_39' title='bbox 783 505 883 532; x_wconf 90' lang='lat' dir='ltr'>cum</span> <span class='ocrx_word' id='word_1_40' title='bbox 915 491 976 531; x_wconf 88' lang='lat' dir='ltr'>ita</span> <span class='ocrx_word' id='word_1_41' title='bbox 1005 491 1126 543; x_wconf 78' lang='lat' dir='ltr'>vivit,</span> <span class='ocrx_word' id='word_1_42' title='bbox 1148 491 1363 532; x_wconf 88' lang='lat' dir='ltr'>neminem</span> <span class='ocrx_word' id='word_1_43' title='bbox 1386 505 1474 546; x_wconf 81' lang='lat' dir='ltr'>prae</span> <span class='ocrx_word' id='word_1_44' title='bbox 1493 507 1538 532; x_wconf 90' lang='lat' dir='ltr'>se</span> 
     </span>
     <span class='ocr_line' id='line_1_7' title="bbox 115 547 1537 600; baseline -0.002 -8"><span class='ocrx_word' id='word_1_45' title='bbox 115 551 236 592; x_wconf 79' lang='lat' dir='ltr'>ducit</span> <span class='ocrx_word' id='word_1_46' title='bbox 255 549 488 591; x_wconf 87' lang='lat' dir='ltr'>hominem.</span> <span class='ocrx_word' id='word_1_47' title='bbox 549 547 757 588; x_wconf 86' lang='lat' dir='ltr'>Similiter</span> <span class='ocrx_word' id='word_1_48' title='bbox 777 547 972 588; x_wconf 89' lang='lat' dir='ltr'>desinens</span> <span class='ocrx_word' id='word_1_49' title='bbox 991 557 1070 600; x_wconf 86' lang='lat' dir='ltr'>est,</span> <span class='ocrx_word' id='word_1_50' title='bbox 1087 562 1201 599; x_wconf 88' lang='lat' dir='ltr'>cum,</span> <span class='ocrx_word' id='word_1_51' title='bbox 1222 548 1391 589; x_wconf 88' lang='lat' dir='ltr'>tametsi</span> <span class='ocrx_word' id='word_1_52' title='bbox 1415 562 1537 589; x_wconf 87' lang='lat' dir='ltr'>casus</span> 
     </span>
     <span class='ocr_line' id='line_1_8' title="bbox 116 604 1535 660; baseline -0.002 -12"><span class='ocrx_word' id='word_1_53' title='bbox 116 622 204 649; x_wconf 89' lang='lat' dir='ltr'>non</span> <span class='ocrx_word' id='word_1_54' title='bbox 225 607 369 647; x_wconf 91' lang='lat' dir='ltr'>insunt</span> <span class='ocrx_word' id='word_1_55' title='bbox 391 606 434 646; x_wconf 91' lang='lat' dir='ltr'>in</span> <span class='ocrx_word' id='word_1_56' title='bbox 454 604 610 655; x_wconf 85' lang='lat' dir='ltr'>verbis,</span> <span class='ocrx_word' id='word_1_57' title='bbox 634 613 777 645; x_wconf 87' lang='lat' dir='ltr'>tamen</span> <span class='ocrx_word' id='word_1_58' title='bbox 799 605 956 646; x_wconf 84' lang='lat' dir='ltr'>similes</span> <span class='ocrx_word' id='word_1_59' title='bbox 978 605 1121 646; x_wconf 82' lang='lat' dir='ltr'>exitus</span> <span class='ocrx_word' id='word_1_60' title='bbox 1144 613 1256 657; x_wconf 88' lang='lat' dir='ltr'>sunt,</span> <span class='ocrx_word' id='word_1_61' title='bbox 1276 605 1360 647; x_wconf 86' lang='lat' dir='ltr'>hoc</span> <span class='ocrx_word' id='word_1_62' title='bbox 1383 614 1535 660; x_wconf 88' lang='lat' dir='ltr'>pacto:</span> 
     </span>
     <span class='ocr_line' id='line_1_9' title="bbox 116 660 1537 720; baseline -0.001 -15"><span class='ocrx_word' id='word_1_63' title='bbox 116 663 315 720; x_wconf 85' lang='lat' dir='ltr'>Turpiter</span> <span class='ocrx_word' id='word_1_64' title='bbox 336 661 465 702; x_wconf 90' lang='lat' dir='ltr'>audes</span> <span class='ocrx_word' id='word_1_65' title='bbox 486 660 640 712; x_wconf 84' lang='lat' dir='ltr'>facere,</span> <span class='ocrx_word' id='word_1_66' title='bbox 667 661 863 717; x_wconf 87' lang='lat' dir='ltr'>nequiter</span> <span class='ocrx_word' id='word_1_67' title='bbox 895 662 1038 703; x_wconf 87' lang='lat' dir='ltr'>studes</span> <span class='ocrx_word' id='word_1_68' title='bbox 1067 662 1223 703; x_wconf 86' lang='lat' dir='ltr'>dicere.</span> <span class='ocrx_word' id='word_1_69' title='bbox 1284 662 1405 703; x_wconf 87' lang='lat' dir='ltr'>Vivis</span> <span class='ocrx_word' id='word_1_70' title='bbox 1429 662 1537 703; x_wconf 89' lang='lat' dir='ltr'>invi-</span> 
     </span>
     <span class='ocr_line' id='line_1_10' title="bbox 116 718 1539 774; baseline -0.002 -12"><span class='ocrx_word' id='word_1_71' title='bbox 116 721 249 771; x_wconf 89' lang='lat' dir='ltr'>diose,</span> <span class='ocrx_word' id='word_1_72' title='bbox 271 718 481 774; x_wconf 89' lang='lat' dir='ltr'>delinquis</span> <span class='ocrx_word' id='word_1_73' title='bbox 513 718 716 769; x_wconf 83' lang='lat' dir='ltr'>studiose,</span> <span class='ocrx_word' id='word_1_74' title='bbox 738 719 922 774; x_wconf 85' lang='lat' dir='ltr'>loqueris</span> <span class='ocrx_word' id='word_1_75' title='bbox 955 719 1117 760; x_wconf 88' lang='lat' dir='ltr'>odiose.</span> <span class='ocrx_word' id='word_1_76' title='bbox 1177 718 1304 771; x_wconf 89' lang='lat' dir='ltr'>Item,</span> <span class='ocrx_word' id='word_1_77' title='bbox 1322 718 1539 760; x_wconf 82' lang='lat' dir='ltr'>Audacter</span> 
     </span>
     <span class='ocr_line' id='line_1_11' title="bbox 116 775 1540 832; baseline -0.002 -14"><span class='ocrx_word' id='word_1_78' title='bbox 116 778 296 826; x_wconf 84' lang='lat' dir='ltr'>territas,</span> <span class='ocrx_word' id='word_1_79' title='bbox 328 775 548 817; x_wconf 90' lang='lat' dir='ltr'>humiliter</span> <span class='ocrx_word' id='word_1_80' title='bbox 580 775 738 831; x_wconf 81' lang='lat' dir='ltr'>placas.</span> <span class='ocrx_word' id='word_1_81' title='bbox 800 775 912 816; x_wconf 90' lang='lat' dir='ltr'>Haec</span> <span class='ocrx_word' id='word_1_82' title='bbox 943 775 1029 817; x_wconf 89' lang='lat' dir='ltr'>duo</span> <span class='ocrx_word' id='word_1_83' title='bbox 1061 790 1232 832; x_wconf 85' lang='lat' dir='ltr'>genera,</span> <span class='ocrx_word' id='word_1_84' title='bbox 1263 790 1447 831; x_wconf 80' lang='lat' dir='ltr'>quorum</span> <span class='ocrx_word' id='word_1_85' title='bbox 1480 775 1540 815; x_wconf 84' lang='lat' dir='ltr'>al-</span> 
     </span>
     <span class='ocr_line' id='line_1_12' title="bbox 115 832 1541 884; baseline -0.001 -9"><span class='ocrx_word' id='word_1_86' title='bbox 115 842 256 875; x_wconf 79' lang='lat' dir='ltr'>terum</span> <span class='ocrx_word' id='word_1_87' title='bbox 277 834 321 874; x_wconf 91' lang='lat' dir='ltr'>in</span> <span class='ocrx_word' id='word_1_88' title='bbox 344 833 501 883; x_wconf 84' lang='lat' dir='ltr'>exitus,</span> <span class='ocrx_word' id='word_1_89' title='bbox 524 832 704 873; x_wconf 88' lang='lat' dir='ltr'>alterum</span> <span class='ocrx_word' id='word_1_90' title='bbox 733 832 777 872; x_wconf 92' lang='lat' dir='ltr'>in</span> <span class='ocrx_word' id='word_1_91' title='bbox 800 847 922 874; x_wconf 88' lang='lat' dir='ltr'>casus</span> <span class='ocrx_word' id='word_1_92' title='bbox 945 833 1225 875; x_wconf 88' lang='lat' dir='ltr'>similitudine</span> <span class='ocrx_word' id='word_1_93' title='bbox 1247 842 1454 884; x_wconf 85' lang='lat' dir='ltr'>versatur,</span> <span class='ocrx_word' id='word_1_94' title='bbox 1475 832 1541 873; x_wconf 90' lang='lat' dir='ltr'>in-</span> 
     </span>
     <span class='ocr_line' id='line_1_13' title="bbox 117 890 1543 946; baseline 0 -15"><span class='ocrx_word' id='word_1_95' title='bbox 117 901 183 931; x_wconf 87' lang='lat' dir='ltr'>ter</span> <span class='ocrx_word' id='word_1_96' title='bbox 216 905 261 931; x_wconf 91' lang='lat' dir='ltr'>se</span> <span class='ocrx_word' id='word_1_97' title='bbox 292 890 569 932; x_wconf 85' lang='lat' dir='ltr'>vehementer</span> <span class='ocrx_word' id='word_1_98' title='bbox 597 890 886 931; x_wconf 81' lang='lat' dir='ltr'>conveniunt:</span> <span class='ocrx_word' id='word_1_99' title='bbox 926 898 970 930; x_wconf 90' lang='lat' dir='ltr'>et</span> <span class='ocrx_word' id='word_1_100' title='bbox 997 904 1048 931; x_wconf 86' lang='lat' dir='ltr'>ea</span> <span class='ocrx_word' id='word_1_101' title='bbox 1084 904 1143 942; x_wconf 83' lang='lat' dir='ltr'>re,</span> <span class='ocrx_word' id='word_1_102' title='bbox 1168 890 1284 931; x_wconf 85' lang='lat' dir='ltr'>l4his</span> <span class='ocrx_word' id='word_1_103' title='bbox 1317 890 1392 946; x_wconf 89' lang='lat' dir='ltr'>qui</span> <span class='ocrx_word' id='word_1_104' title='bbox 1436 891 1543 931; x_wconf 87' lang='lat' dir='ltr'>bene</span> 
     </span>
     <span class='ocr_line' id='line_1_14' title="bbox 116 946 1542 1003; baseline -0.001 -14"><span class='ocrx_word' id='word_1_105' title='bbox 116 956 310 998; x_wconf 80' lang='lat' dir='ltr'>utuntur,</span> <span class='ocrx_word' id='word_1_106' title='bbox 333 947 584 1003; x_wconf 90' lang='lat' dir='ltr'>plerumque</span> <span class='ocrx_word' id='word_1_107' title='bbox 614 946 741 987; x_wconf 89' lang='lat' dir='ltr'>simul</span> <span class='ocrx_word' id='word_1_108' title='bbox 772 960 823 988; x_wconf 92' lang='lat' dir='ltr'>ea</span> <span class='ocrx_word' id='word_1_109' title='bbox 843 946 1057 988; x_wconf 84' lang='lat' dir='ltr'>collocant</span> <span class='ocrx_word' id='word_1_110' title='bbox 1089 947 1132 988; x_wconf 90' lang='lat' dir='ltr'>in</span> <span class='ocrx_word' id='word_1_111' title='bbox 1166 946 1318 989; x_wconf 87' lang='lat' dir='ltr'>iisdem</span> <span class='ocrx_word' id='word_1_112' title='bbox 1349 947 1542 1003; x_wconf 88' lang='lat' dir='ltr'>partibus</span> 
     </span>
     <span class='ocr_line' id='line_1_15' title="bbox 115 1002 1544 1060; baseline -0.001 -14"><span class='ocrx_word' id='word_1_113' title='bbox 115 1005 338 1046; x_wconf 82' lang='lat' dir='ltr'>orationis.</span> <span class='ocrx_word' id='word_1_114' title='bbox 402 1003 451 1044; x_wconf 93' lang='lat' dir='ltr'>Id</span> <span class='ocrx_word' id='word_1_115' title='bbox 474 1003 558 1045; x_wconf 89' lang='lat' dir='ltr'>hoc</span> <span class='ocrx_word' id='word_1_116' title='bbox 577 1012 705 1059; x_wconf 79' lang='lat' dir='ltr'>pacto</span> <span class='ocrx_word' id='word_1_117' title='bbox 729 1002 868 1045; x_wconf 87' lang='lat' dir='ltr'>facere</span> <span class='ocrx_word' id='word_1_118' title='bbox 886 1012 1081 1060; x_wconf 85' lang='lat' dir='ltr'>oportet:</span> <span class='ocrx_word' id='word_1_119' title='bbox 1117 1004 1413 1047; x_wconf 89' lang='lat' dir='ltr'>Perditissima</span> <span class='ocrx_word' id='word_1_120' title='bbox 1434 1004 1544 1045; x_wconf 86' lang='lat' dir='ltr'>ratio</span> 
     </span>
     <span class='ocr_line' id='line_1_16' title="bbox 115 1060 1544 1118; baseline 0 -16"><span class='ocrx_word' id='word_1_121' title='bbox 115 1071 182 1102; x_wconf 87' lang='lat' dir='ltr'>est</span> <span class='ocrx_word' id='word_1_122' title='bbox 202 1076 391 1103; x_wconf 89' lang='lat' dir='ltr'>amorem</span> <span class='ocrx_word' id='word_1_123' title='bbox 415 1069 574 1116; x_wconf 81' lang='lat' dir='ltr'>petere,</span> <span class='ocrx_word' id='word_1_124' title='bbox 606 1060 812 1116; x_wconf 88' lang='lat' dir='ltr'>pudorem</span> <span class='ocrx_word' id='word_1_125' title='bbox 844 1060 1018 1116; x_wconf 82' lang='lat' dir='ltr'>fugere3</span> <span class='ocrx_word' id='word_1_126' title='bbox 1049 1061 1227 1118; x_wconf 83' lang='lat' dir='ltr'>diligere</span> <span class='ocrx_word' id='word_1_127' title='bbox 1251 1061 1448 1111; x_wconf 85' lang='lat' dir='ltr'>formam,</span> <span class='ocrx_word' id='word_1_128' title='bbox 1470 1076 1544 1102; x_wconf 85' lang='lat' dir='ltr'>ne-</span> 
     </span>
     <span class='ocr_line' id='line_1_17' title="bbox 116 1117 1544 1175; baseline 0 -15"><span class='ocrx_word' id='word_1_129' title='bbox 116 1120 279 1175; x_wconf 84' lang='lat' dir='ltr'>gligere</span> <span class='ocrx_word' id='word_1_130' title='bbox 309 1118 484 1160; x_wconf 84' lang='lat' dir='ltr'>famam.</span> <span class='ocrx_word' id='word_1_131' title='bbox 546 1117 635 1159; x_wconf 89' lang='lat' dir='ltr'>Hie</span> <span class='ocrx_word' id='word_1_132' title='bbox 665 1126 710 1158; x_wconf 87' lang='lat' dir='ltr'>et</span> <span class='ocrx_word' id='word_1_133' title='bbox 741 1131 792 1158; x_wconf 89' lang='lat' dir='ltr'>ea</span> <span class='ocrx_word' id='word_1_134' title='bbox 825 1119 968 1169; x_wconf 83' lang='lat' dir='ltr'>verba,</span> <span class='ocrx_word' id='word_1_135' title='bbox 999 1132 1095 1173; x_wconf 87' lang='lat' dir='ltr'>quae</span> <span class='ocrx_word' id='word_1_136' title='bbox 1133 1134 1254 1160; x_wconf 88' lang='lat' dir='ltr'>casus</span> <span class='ocrx_word' id='word_1_137' title='bbox 1284 1119 1460 1170; x_wconf 85' lang='lat' dir='ltr'>habent,</span> <span class='ocrx_word' id='word_1_138' title='bbox 1490 1119 1544 1160; x_wconf 84' lang='lat' dir='ltr'>ad</span> 
     </span>
     <span class='ocr_line' id='line_1_18' title="bbox 114 1175 1543 1228; baseline -0.001 -10"><span class='ocrx_word' id='word_1_139' title='bbox 114 1191 238 1218; x_wconf 86' lang='lat' dir='ltr'>casus</span> <span class='ocrx_word' id='word_1_140' title='bbox 272 1175 452 1226; x_wconf 83' lang='lat' dir='ltr'>similes3</span> <span class='ocrx_word' id='word_1_141' title='bbox 483 1182 527 1215; x_wconf 87' lang='lat' dir='ltr'>et</span> <span class='ocrx_word' id='word_1_142' title='bbox 555 1175 639 1225; x_wconf 83' lang='lat' dir='ltr'>illa,</span> <span class='ocrx_word' id='word_1_143' title='bbox 669 1188 766 1228; x_wconf 87' lang='lat' dir='ltr'>quae</span> <span class='ocrx_word' id='word_1_144' title='bbox 795 1188 884 1215; x_wconf 89' lang='lat' dir='ltr'>non</span> <span class='ocrx_word' id='word_1_145' title='bbox 913 1175 1089 1227; x_wconf 84' lang='lat' dir='ltr'>habent,</span> <span class='ocrx_word' id='word_1_146' title='bbox 1120 1177 1173 1217; x_wconf 90' lang='lat' dir='ltr'>ad</span> <span class='ocrx_word' id='word_1_147' title='bbox 1204 1175 1361 1217; x_wconf 85' lang='lat' dir='ltr'>similes</span> <span class='ocrx_word' id='word_1_148' title='bbox 1400 1176 1543 1217; x_wconf 83' lang='lat' dir='ltr'>exitus</span> 
     </span>
     <span class='ocr_line' id='line_1_19' title="bbox 115 1233 310 1274; baseline 0 0"><span class='ocrx_word' id='word_1_149' title='bbox 115 1233 310 1274; x_wconf 88' lang='lat' dir='ltr'>veniunt.</span> 
     </span>
    </p>

    <p class='ocr_par' dir='ltr' id='par_1_2' title="bbox 109 1288 1620 2142">
     <span class='ocr_line' id='line_1_20' title="bbox 172 1288 1620 1340; baseline 0.001 -9"><span class='ocrx_word' id='word_1_150' title='bbox 172 1288 482 1331; x_wconf 85' lang='lat' dir='ltr'>Annominatio</span> <span class='ocrx_word' id='word_1_151' title='bbox 504 1297 582 1340; x_wconf 87' lang='lat' dir='ltr'>est,</span> <span class='ocrx_word' id='word_1_152' title='bbox 604 1302 701 1328; x_wconf 90' lang='lat' dir='ltr'>cum</span> <span class='ocrx_word' id='word_1_153' title='bbox 725 1288 778 1329; x_wconf 88' lang='lat' dir='ltr'>ad</span> <span class='ocrx_word' id='word_1_154' title='bbox 801 1288 914 1330; x_wconf 90' lang='lat' dir='ltr'>idem</span> <span class='ocrx_word' id='word_1_155' title='bbox 936 1289 1114 1331; x_wconf 82' lang='lat' dir='ltr'>verbum</span> <span class='ocrx_word' id='word_1_156' title='bbox 1139 1294 1176 1322; x_wconf 83' lang='lat'>15</span> <span class='ocrx_word' id='word_1_157' title='bbox 1188 1298 1232 1331; x_wconf 92' lang='lat' dir='ltr'>et</span> <span class='ocrx_word' id='word_1_158' title='bbox 1253 1290 1306 1332; x_wconf 87' lang='lat' dir='ltr'>ad</span> <span class='ocrx_word' id='word_1_159' title='bbox 1328 1290 1442 1333; x_wconf 82' lang='lat' dir='ltr'>idem</span> <span class='ocrx_word' id='word_1_160' title='bbox 1464 1305 1541 1332; x_wconf 92' lang='lat' dir='ltr'>no—</span> <span class='ocrx_word' id='word_1_161' title='bbox 1553 1292 1620 1338; x_wconf 72' lang='grc'>21</span> 
     </span>
     <span class='ocr_line' id='line_1_21' title="bbox 117 1345 1603 1400; baseline 0.001 -12"><span class='ocrx_word' id='word_1_162' title='bbox 117 1361 215 1388; x_wconf 90' lang='lat' dir='ltr'>men</span> <span class='ocrx_word' id='word_1_163' title='bbox 236 1346 454 1388; x_wconf 85' lang='lat' dir='ltr'>acceditur</span> <span class='ocrx_word' id='word_1_164' title='bbox 474 1345 814 1387; x_wconf 84' lang='lat' dir='ltr'>commutatione</span> <span class='ocrx_word' id='word_1_165' title='bbox 827 1345 953 1386; x_wconf 90' lang='lat' dir='ltr'>unius</span> <span class='ocrx_word' id='word_1_166' title='bbox 977 1346 1180 1388; x_wconf 82' lang='lat' dir='ltr'>161itterae</span> <span class='ocrx_word' id='word_1_167' title='bbox 1194 1347 1516 1389; x_wconf 88' lang='lat' dir='ltr'>autlitterarum</span> <span class='ocrx_word' id='word_1_168' title='bbox 1532 1364 1603 1400; x_wconf 68' lang='lat'>329</span> 
     </span>
     <span class='ocr_line' id='line_1_22' title="bbox 117 1402 1545 1446; baseline 0.001 -2"><span class='ocrx_word' id='word_1_169' title='bbox 117 1413 193 1445; x_wconf 83' lang='lat' dir='ltr'>aut</span> <span class='ocrx_word' id='word_1_170' title='bbox 221 1404 275 1445; x_wconf 89' lang='lat' dir='ltr'>ad</span> <span class='ocrx_word' id='word_1_171' title='bbox 308 1418 372 1444; x_wconf 87' lang='lat' dir='ltr'>res</span> <span class='ocrx_word' id='word_1_172' title='bbox 402 1402 628 1444; x_wconf 86' lang='lat' dir='ltr'>dissimiles</span> <span class='ocrx_word' id='word_1_173' title='bbox 660 1402 816 1444; x_wconf 85' lang='lat' dir='ltr'>similia</span> <span class='ocrx_word' id='word_1_174' title='bbox 853 1404 985 1444; x_wconf 87' lang='lat' dir='ltr'>verba</span> <span class='ocrx_word' id='word_1_175' title='bbox 1014 1405 1409 1446; x_wconf 83' lang='lat' dir='ltr'>accommodantur.</span> <span class='ocrx_word' id='word_1_176' title='bbox 1482 1405 1545 1446; x_wconf 85' lang='lat' dir='ltr'>Ea</span> 
     </span>
     <span class='ocr_line' id='line_1_23' title="bbox 117 1459 1546 1503; baseline 0.001 -2"><span class='ocrx_word' id='word_1_177' title='bbox 117 1461 263 1501; x_wconf 90' lang='lat' dir='ltr'>multis</span> <span class='ocrx_word' id='word_1_178' title='bbox 288 1469 332 1501; x_wconf 88' lang='lat' dir='ltr'>et</span> <span class='ocrx_word' id='word_1_179' title='bbox 352 1461 480 1501; x_wconf 81' lang='lat' dir='ltr'>variis</span> <span class='ocrx_word' id='word_1_180' title='bbox 506 1459 745 1501; x_wconf 88' lang='lat' dir='ltr'>rationibus</span> <span class='ocrx_word' id='word_1_181' title='bbox 775 1460 1018 1501; x_wconf 88' lang='lat' dir='ltr'>conficitur.</span> <span class='ocrx_word' id='word_1_182' title='bbox 1082 1464 1118 1495; x_wconf 94' lang='lat' dir='ltr'>l7</span> <span class='ocrx_word' id='word_1_183' title='bbox 1132 1461 1443 1503; x_wconf 86' lang='lat' dir='ltr'>Attenuatione</span> <span class='ocrx_word' id='word_1_184' title='bbox 1474 1474 1546 1503; x_wconf 80' lang='lat' dir='ltr'>aut</span> 
     </span>
     <span class='ocr_line' id='line_1_24' title="bbox 116 1517 1549 1575; baseline 0.001 -17"><span class='ocrx_word' id='word_1_185' title='bbox 116 1518 418 1574; x_wconf 81' lang='lat' dir='ltr'>complexione</span> <span class='ocrx_word' id='word_1_186' title='bbox 449 1517 640 1572; x_wconf 87' lang='lat' dir='ltr'>ejusdem</span> <span class='ocrx_word' id='word_1_187' title='bbox 683 1517 852 1568; x_wconf 75' lang='lat' dir='ltr'>litterae,</span> <span class='ocrx_word' id='word_1_188' title='bbox 884 1517 967 1559; x_wconf 88' lang='lat' dir='ltr'>sic:</span> <span class='ocrx_word' id='word_1_189' title='bbox 1001 1517 1105 1568; x_wconf 89' lang='lat' dir='ltr'>Hic,</span> <span class='ocrx_word' id='word_1_190' title='bbox 1136 1519 1209 1574; x_wconf 90' lang='lat' dir='ltr'>qui</span> <span class='ocrx_word' id='word_1_191' title='bbox 1243 1533 1287 1559; x_wconf 91' lang='lat' dir='ltr'>se</span> <span class='ocrx_word' id='word_1_192' title='bbox 1316 1520 1549 1575; x_wconf 81' lang='lat' dir='ltr'>magnifice</span> 
     </span>
     <span class='ocr_line' id='line_1_25' title="bbox 109 1574 1549 1630; baseline 0.002 -15"><span class='ocrx_word' id='word_1_193' title='bbox 109 1574 252 1629; x_wconf 81' lang='lat' dir='ltr'>jactat</span> <span class='ocrx_word' id='word_1_194' title='bbox 272 1583 401 1630; x_wconf 89' lang='lat' dir='ltr'>atque</span> <span class='ocrx_word' id='word_1_195' title='bbox 423 1583 626 1625; x_wconf 87' lang='lat' dir='ltr'>ostentat,</span> <span class='ocrx_word' id='word_1_196' title='bbox 655 1574 791 1615; x_wconf 87' lang='lat' dir='ltr'>veniit</span> <span class='ocrx_word' id='word_1_197' title='bbox 810 1589 835 1615; x_wconf 88' lang='lat' dir='ltr'>a</span> <span class='ocrx_word' id='word_1_198' title='bbox 857 1582 898 1615; x_wconf 88' lang='lat' dir='ltr'>te</span> <span class='ocrx_word' id='word_1_199' title='bbox 919 1583 1033 1626; x_wconf 88' lang='lat' dir='ltr'>ante,</span> <span class='ocrx_word' id='word_1_200' title='bbox 1056 1589 1185 1630; x_wconf 85' lang='lat' dir='ltr'>quam</span> <span class='ocrx_word' id='word_1_201' title='bbox 1208 1575 1395 1617; x_wconf 89' lang='lat' dir='ltr'>Romam</span> <span class='ocrx_word' id='word_1_202' title='bbox 1417 1578 1549 1619; x_wconf 89' lang='lat' dir='ltr'>venit.</span> 
     </span>
     <span class='ocr_line' id='line_1_26' title="bbox 117 1631 1550 1686; baseline 0.001 -14"><span class='ocrx_word' id='word_1_203' title='bbox 117 1631 186 1672; x_wconf 85' lang='lat' dir='ltr'>Ex</span> <span class='ocrx_word' id='word_1_204' title='bbox 204 1631 444 1674; x_wconf 85' lang='lat' dir='ltr'>contrario:</span> <span class='ocrx_word' id='word_1_205' title='bbox 470 1631 573 1683; x_wconf 90' lang='lat' dir='ltr'>Hic,</span> <span class='ocrx_word' id='word_1_206' title='bbox 594 1646 702 1686; x_wconf 89' lang='lat' dir='ltr'>quos</span> <span class='ocrx_word' id='word_1_207' title='bbox 723 1631 919 1672; x_wconf 88' lang='lat' dir='ltr'>homines</span> <span class='ocrx_word' id='word_1_208' title='bbox 938 1632 1029 1673; x_wconf 71' lang='lat' dir='ltr'>alea¹</span> <span class='ocrx_word' id='word_1_209' title='bbox 1047 1632 1165 1684; x_wconf 90' lang='lat' dir='ltr'>vicit,</span> <span class='ocrx_word' id='word_1_210' title='bbox 1183 1648 1255 1674; x_wconf 90' lang='lat' dir='ltr'>eos</span> <span class='ocrx_word' id='word_1_211' title='bbox 1275 1633 1385 1674; x_wconf 85' lang='lat' dir='ltr'>ferro</span> <span class='ocrx_word' id='word_1_212' title='bbox 1405 1634 1550 1675; x_wconf 86' lang='lat' dir='ltr'>statim</span> 
     </span>
     <span class='ocr_line' id='line_1_27' title="bbox 116 1688 1550 1744; baseline 0.002 -15"><span class='ocrx_word' id='word_1_213' title='bbox 116 1689 253 1730; x_wconf 82' lang='lat' dir='ltr'>vincit</span> <span class='ocrx_word' id='word_1_214' title='bbox 266 1689 328 1738; x_wconf 59' lang='lat'>2¹³).</span> <span class='ocrx_word' id='word_1_215' title='bbox 392 1688 681 1730; x_wconf 87' lang='lat' dir='ltr'>Productione</span> <span class='ocrx_word' id='word_1_216' title='bbox 709 1688 902 1744; x_wconf 85' lang='lat' dir='ltr'>ejusdem</span> <span class='ocrx_word' id='word_1_217' title='bbox 931 1689 1101 1740; x_wconf 86' lang='lat' dir='ltr'>litterae,</span> <span class='ocrx_word' id='word_1_218' title='bbox 1124 1690 1207 1731; x_wconf 93' lang='lat' dir='ltr'>hoc</span> <span class='ocrx_word' id='word_1_219' title='bbox 1236 1691 1392 1732; x_wconf 88' lang='lat' dir='ltr'>modo:</span> <span class='ocrx_word' id='word_1_220' title='bbox 1418 1690 1550 1732; x_wconf 88' lang='lat' dir='ltr'>Hunc</span> 
     </span>
     <span class='ocr_line' id='line_1_28' title="bbox 118 1745 1550 1803; baseline 0.002 -17"><span class='ocrx_word' id='word_1_221' title='bbox 118 1746 262 1787; x_wconf 87' lang='lat' dir='ltr'>avium</span> <span class='ocrx_word' id='word_1_222' title='bbox 284 1745 465 1787; x_wconf 86' lang='lat' dir='ltr'>dulcedo</span> <span class='ocrx_word' id='word_1_223' title='bbox 487 1746 607 1787; x_wconf 88' lang='lat' dir='ltr'>ducit</span> <span class='ocrx_word' id='word_1_224' title='bbox 628 1746 682 1787; x_wconf 89' lang='lat' dir='ltr'>ad</span> <span class='ocrx_word' id='word_1_225' title='bbox 704 1747 862 1787; x_wconf 88' lang='lat' dir='ltr'>avium.</span> <span class='ocrx_word' id='word_1_226' title='bbox 924 1745 1144 1788; x_wconf 89' lang='lat' dir='ltr'>Brevitate</span> <span class='ocrx_word' id='word_1_227' title='bbox 1166 1747 1358 1803; x_wconf 84' lang='lat' dir='ltr'>ejusdem</span> <span class='ocrx_word' id='word_1_228' title='bbox 1379 1748 1550 1800; x_wconf 77' lang='lat' dir='ltr'>litterae,</span> 
     </span>
     <span class='ocr_line' id='line_1_29' title="bbox 118 1802 1549 1861; baseline 0.002 -18"><span class='ocrx_word' id='word_1_229' title='bbox 118 1802 202 1843; x_wconf 89' lang='lat' dir='ltr'>hoc</span> <span class='ocrx_word' id='word_1_230' title='bbox 224 1803 375 1844; x_wconf 89' lang='lat' dir='ltr'>modo:</span> <span class='ocrx_word' id='word_1_231' title='bbox 398 1803 486 1845; x_wconf 89' lang='lat' dir='ltr'>Hic</span> <span class='ocrx_word' id='word_1_232' title='bbox 508 1803 677 1844; x_wconf 90' lang='lat' dir='ltr'>tametsi</span> <span class='ocrx_word' id='word_1_233' title='bbox 697 1804 867 1844; x_wconf 84' lang='lat' dir='ltr'>videtur</span> <span class='ocrx_word' id='word_1_234' title='bbox 884 1817 975 1844; x_wconf 93' lang='lat' dir='ltr'>esse</span> <span class='ocrx_word' id='word_1_235' title='bbox 994 1804 1168 1845; x_wconf 90' lang='lat' dir='ltr'>honoris</span> <span class='ocrx_word' id='word_1_236' title='bbox 1187 1805 1384 1861; x_wconf 84' lang='lat' dir='ltr'>cupiduS‚</span> <span class='ocrx_word' id='word_1_237' title='bbox 1407 1814 1549 1846; x_wconf 86' lang='lat' dir='ltr'>tamen</span> 
     </span>
     <span class='ocr_line' id='line_1_30' title="bbox 117 1860 1550 1915; baseline 0.003 -16"><span class='ocrx_word' id='word_1_238' title='bbox 117 1874 206 1900; x_wconf 92' lang='lat' dir='ltr'>non</span> <span class='ocrx_word' id='word_1_239' title='bbox 238 1868 405 1900; x_wconf 90' lang='lat' dir='ltr'>tantum</span> <span class='ocrx_word' id='word_1_240' title='bbox 436 1861 598 1901; x_wconf 83' lang='lat' dir='ltr'>curiam</span> <span class='ocrx_word' id='word_1_241' title='bbox 628 1860 786 1915; x_wconf 81' lang='lat' dir='ltr'>diligit,</span> <span class='ocrx_word' id='word_1_242' title='bbox 818 1870 1027 1915; x_wconf 87' lang='lat' dir='ltr'>quantum</span> <span class='ocrx_word' id='word_1_243' title='bbox 1062 1860 1253 1903; x_wconf 87' lang='lat' dir='ltr'>Curiam.</span> <span class='ocrx_word' id='word_1_244' title='bbox 1328 1861 1550 1904; x_wconf 90' lang='lat' dir='ltr'>Addendis</span> 
     </span>
     <span class='ocr_line' id='line_1_31' title="bbox 118 1916 1550 1974; baseline 0.004 -18"><span class='ocrx_word' id='word_1_245' title='bbox 118 1916 287 1967; x_wconf 86' lang='lat' dir='ltr'>litteris,</span> <span class='ocrx_word' id='word_1_246' title='bbox 316 1917 400 1958; x_wconf 90' lang='lat' dir='ltr'>hoc</span> <span class='ocrx_word' id='word_1_247' title='bbox 434 1927 583 1973; x_wconf 82' lang='lat' dir='ltr'>pacto:</span> <span class='ocrx_word' id='word_1_248' title='bbox 610 1916 699 1957; x_wconf 92' lang='lat' dir='ltr'>Hic</span> <span class='ocrx_word' id='word_1_249' title='bbox 733 1917 814 1957; x_wconf 87' lang='lat' dir='ltr'>sibi</span> <span class='ocrx_word' id='word_1_250' title='bbox 849 1928 994 1972; x_wconf 87' lang='lat' dir='ltr'>posset</span> <span class='ocrx_word' id='word_1_251' title='bbox 1028 1929 1278 1974; x_wconf 79' lang='lat' dir='ltr'>temperare,</span> <span class='ocrx_word' id='word_1_252' title='bbox 1300 1920 1382 1960; x_wconf 80' lang='lat' dir='ltr'>nisi</span> <span class='ocrx_word' id='word_1_253' title='bbox 1415 1921 1550 1962; x_wconf 86' lang='lat' dir='ltr'>amori</span> 
     </span>
     <span class='ocr_line' id='line_1_32' title="bbox 117 1972 1550 2030; baseline 0.003 -17"><span class='ocrx_word' id='word_1_254' title='bbox 117 1972 263 2013; x_wconf 88' lang='lat' dir='ltr'>mallet</span> <span class='ocrx_word' id='word_1_255' title='bbox 279 1974 590 2030; x_wconf 84' lang='lat' dir='ltr'>obtemperare.</span> <span class='ocrx_word' id='word_1_256' title='bbox 614 1973 850 2015; x_wconf 89' lang='lat' dir='ltr'>Demendis</span> <span class='ocrx_word' id='word_1_257' title='bbox 871 1975 1039 2025; x_wconf 83' lang='lat' dir='ltr'>litteris,</span> <span class='ocrx_word' id='word_1_258' title='bbox 1062 1976 1147 2017; x_wconf 87' lang='lat' dir='ltr'>sic:</span> <span class='ocrx_word' id='word_1_259' title='bbox 1172 1976 1217 2016; x_wconf 86' lang='lat' dir='ltr'>Si</span> <span class='ocrx_word' id='word_1_260' title='bbox 1239 1975 1412 2017; x_wconf 89' lang='lat' dir='ltr'>lenones</span> <span class='ocrx_word' id='word_1_261' title='bbox 1437 1980 1473 2008; x_wconf 79' lang='lat'>18</span> <span class='ocrx_word' id='word_1_262' title='bbox 1488 1978 1550 2018; x_wconf 86' lang='lat' dir='ltr'>vi-</span> 
     </span>
     <span class='ocr_line' id='line_1_33' title="bbox 120 2031 1551 2086; baseline 0.003 -16"><span class='ocrx_word' id='word_1_263' title='bbox 120 2038 250 2071; x_wconf 85' lang='lat' dir='ltr'>tasset</span> <span class='ocrx_word' id='word_1_264' title='bbox 283 2039 486 2086; x_wconf 87' lang='lat' dir='ltr'>tanquam</span> <span class='ocrx_word' id='word_1_265' title='bbox 517 2031 676 2081; x_wconf 91' lang='lat' dir='ltr'>leones,</span> <span class='ocrx_word' id='word_1_266' title='bbox 709 2031 809 2072; x_wconf 84' lang='lat' dir='ltr'>vitae</span> <span class='ocrx_word' id='word_1_267' title='bbox 842 2045 885 2071; x_wconf 92' lang='lat' dir='ltr'>se</span> <span class='ocrx_word' id='word_1_268' title='bbox 911 2032 1169 2073; x_wconf 85' lang='lat' dir='ltr'>tradidisset.</span> <span class='ocrx_word' id='word_1_269' title='bbox 1229 2032 1551 2076; x_wconf 85' lang='lat' dir='ltr'>Transferendis</span> 
     </span>
     <span class='ocr_line' id='line_1_34' title="bbox 120 2086 1551 2142; baseline 0.003 -14"><span class='ocrx_word' id='word_1_270' title='bbox 120 2086 292 2137; x_wconf 75' lang='lat' dir='ltr'>litteriS,</span> <span class='ocrx_word' id='word_1_271' title='bbox 320 2088 406 2129; x_wconf 85' lang='lat' dir='ltr'>sic:</span> <span class='ocrx_word' id='word_1_272' title='bbox 437 2088 607 2138; x_wconf 88' lang='lat' dir='ltr'>Videte,</span> <span class='ocrx_word' id='word_1_273' title='bbox 631 2087 817 2142; x_wconf 82' lang='lat' dir='ltr'>judices,</span> <span class='ocrx_word' id='word_1_274' title='bbox 848 2097 993 2129; x_wconf 82' lang='lat' dir='ltr'>utrum</span> <span class='ocrx_word' id='word_1_275' title='bbox 1015 2089 1180 2130; x_wconf 90' lang='lat' dir='ltr'>homini</span> <span class='ocrx_word' id='word_1_276' title='bbox 1209 2104 1337 2142; x_wconf 85' lang='lat' dir='ltr'>navo,</span> <span class='ocrx_word' id='word_1_277' title='bbox 1360 2107 1413 2132; x_wconf 90' lang='lat' dir='ltr'>an</span> <span class='ocrx_word' id='word_1_278' title='bbox 1439 2107 1551 2133; x_wconf 70' lang='lat' dir='ltr'>vano</span> 
     </span>
    </p>
   </div>
   <div class='ocr_carea' id='block_1_2' title="bbox 118 2143 1661 2230">
    <p class='ocr_par' dir='ltr' id='par_1_3' title="bbox 118 2143 1661 2230">
     <span class='ocr_line' id='line_1_35' title="bbox 118 2143 1661 2198; baseline 0.001 -12"><span class='ocrx_word' id='word_1_279' title='bbox 118 2143 290 2186; x_wconf 82' lang='lat' dir='ltr'>credere</span> <span class='ocrx_word' id='word_1_280' title='bbox 306 2144 480 2186; x_wconf 88' lang='lat' dir='ltr'>malitis.</span> <span class='ocrx_word' id='word_1_281' title='bbox 546 2148 582 2179; x_wconf 83' lang='lat'>19</span> <span class='ocrx_word' id='word_1_282' title='bbox 597 2144 724 2196; x_wconf 76' lang='lat' dir='ltr'>Item,</span> <span class='ocrx_word' id='word_1_283' title='bbox 746 2145 860 2186; x_wconf 76' lang='lat' dir='ltr'>Nolo</span> <span class='ocrx_word' id='word_1_284' title='bbox 883 2160 974 2186; x_wconf 86' lang='lat' dir='ltr'>esse</span> <span class='ocrx_word' id='word_1_285' title='bbox 991 2145 1198 2198; x_wconf 83' lang='lat' dir='ltr'>laudator,</span> <span class='ocrx_word' id='word_1_286' title='bbox 1213 2162 1266 2187; x_wconf 88' lang='lat' dir='ltr'>ne</span> <span class='ocrx_word' id='word_1_287' title='bbox 1286 2148 1431 2189; x_wconf 82' lang='lat' dir='ltr'>videar</span> <span class='ocrx_word' id='word_1_288' title='bbox 1448 2149 1550 2190; x_wconf 81' lang='lat' dir='ltr'>adu·</span> <span class='ocrx_word' id='word_1_289' title='bbox 1564 2167 1594 2197; x_wconf 85' lang='lat' dir='ltr'>p.</span> <span class='ocrx_word' id='word_1_290' title='bbox 1612 2160 1661 2188; x_wconf 81' lang='lat'>31.</span> 
     </span>
     <span class='ocr_line' id='line_1_36' title="bbox 1564 2210 1592 2230; baseline 0 0"><span class='ocrx_word' id='word_1_291' title='bbox 1564 2210 1592 2230; x_wconf 72' lang='lat' dir='ltr'>a.</span> 
     </span>
    </p>
   </div>
   <div class='ocr_carea' id='block_1_3' title="bbox 117 2284 811 2488">
    <p class='ocr_par' dir='ltr' id='par_1_4' title="bbox 117 2284 809 2408">
     <span class='ocr_line' id='line_1_37' title="bbox 161 2284 809 2327; baseline 0 -11"><span class='ocrx_word' id='word_1_292' title='bbox 161 2287 198 2315; x_wconf 84' lang='lat'>13</span> <span class='ocrx_word' id='word_1_293' title='bbox 214 2284 336 2316; x_wconf 78' lang='lat' dir='ltr'>Iisdem</span> <span class='ocrx_word' id='word_1_294' title='bbox 349 2287 475 2316; x_wconf 75' lang='lat' dir='ltr'>casibus</span> <span class='ocrx_word' id='word_1_295' title='bbox 488 2284 699 2327; x_wconf 63' lang='lat' dir='ltr'>qfferantmz]</span> <span class='ocrx_word' id='word_1_296' title='bbox 747 2286 809 2316; x_wconf 87' lang='lat' dir='ltr'>Pro</span> 
     </span>
     <span class='ocr_line' id='line_1_38' title="bbox 117 2325 808 2367; baseline 0 -10"><span class='ocrx_word' id='word_1_297' title='bbox 117 2325 306 2367; x_wconf 58' lang='lat' dir='ltr'>efferuntur</span> <span class='ocrx_word' id='word_1_298' title='bbox 318 2338 336 2358; x_wconf 88' lang='lat' dir='ltr'>e</span> <span class='ocrx_word' id='word_1_299' title='bbox 351 2328 430 2358; x_wconf 82' lang='lat' dir='ltr'>Mss.</span> <span class='ocrx_word' id='word_1_300' title='bbox 444 2328 569 2358; x_wconf 88' lang='lat' dir='ltr'>duobus</span> <span class='ocrx_word' id='word_1_301' title='bbox 591 2328 682 2359; x_wconf 88' lang='lat' dir='ltr'>Leid.</span> <span class='ocrx_word' id='word_1_302' title='bbox 704 2333 738 2358; x_wconf 84' lang='lat' dir='ltr'>et</span> <span class='ocrx_word' id='word_1_303' title='bbox 759 2329 808 2358; x_wconf 83' lang='lat' dir='ltr'>ed.</span> 
     </span>
     <span class='ocr_line' id='line_1_39' title="bbox 122 2369 640 2408; baseline 0.002 -9"><span class='ocrx_word' id='word_1_304' title='bbox 122 2371 212 2403; x_wconf 81' lang='lat'>1474.</span> <span class='ocrx_word' id='word_1_305' title='bbox 227 2369 313 2408; x_wconf 86' lang='lat' dir='ltr'>quod</span> <span class='ocrx_word' id='word_1_306' title='bbox 327 2374 376 2400; x_wconf 86' lang='lat' dir='ltr'>est</span> <span class='ocrx_word' id='word_1_307' title='bbox 390 2370 493 2401; x_wconf 85' lang='lat' dir='ltr'>latine</span> <span class='ocrx_word' id='word_1_308' title='bbox 510 2370 640 2401; x_wconf 86' lang='lat' dir='ltr'>rectius.</span> 
     </span>
    </p>

    <p class='ocr_par' dir='ltr' id='par_1_5' title="bbox 120 2412 811 2488">
     <span class='ocr_line' id='line_1_40' title="bbox 165 2412 811 2452; baseline 0.003 -11"><span class='ocrx_word' id='word_1_309' title='bbox 165 2414 202 2443; x_wconf 88' lang='lat'>14</span> <span class='ocrx_word' id='word_1_310' title='bbox 217 2412 284 2442; x_wconf 76' lang='lat' dir='ltr'>His</span> <span class='ocrx_word' id='word_1_311' title='bbox 300 2412 356 2451; x_wconf 75' lang='lat' dir='ltr'>qui</span> <span class='ocrx_word' id='word_1_312' title='bbox 373 2413 448 2443; x_wconf 81' lang='lat' dir='ltr'>bene</span> <span class='ocrx_word' id='word_1_313' title='bbox 466 2413 634 2452; x_wconf 68' lang='lat' dir='ltr'>utuntur]</span> <span class='ocrx_word' id='word_1_314' title='bbox 673 2413 736 2443; x_wconf 88' lang='lat' dir='ltr'>Pro</span> <span class='ocrx_word' id='word_1_315' title='bbox 756 2414 811 2452; x_wconf 75' lang='lat' dir='ltr'>qui</span> 
     </span>
     <span class='ocr_line' id='line_1_41' title="bbox 120 2454 603 2488; baseline 0 -4"><span class='ocrx_word' id='word_1_316' title='bbox 120 2454 170 2484; x_wconf 74' lang='lat' dir='ltr'>his</span> <span class='ocrx_word' id='word_1_317' title='bbox 182 2464 200 2484; x_wconf 89' lang='lat' dir='ltr'>e</span> <span class='ocrx_word' id='word_1_318' title='bbox 215 2454 279 2484; x_wconf 84' lang='lat' dir='ltr'>Ms.</span> <span class='ocrx_word' id='word_1_319' title='bbox 289 2454 382 2484; x_wconf 86' lang='lat' dir='ltr'>voss.</span> <span class='ocrx_word' id='word_1_320' title='bbox 397 2459 432 2485; x_wconf 86' lang='lat' dir='ltr'>et</span> <span class='ocrx_word' id='word_1_321' title='bbox 445 2454 495 2485; x_wconf 87' lang='lat' dir='ltr'>ed.</span> <span class='ocrx_word' id='word_1_322' title='bbox 513 2457 603 2488; x_wconf 83' lang='lat'>1474.</span> 
     </span>
    </p>
   </div>
   <div class='ocr_carea' id='block_1_4' title="bbox 852 2287 1551 2486">
    <p class='ocr_par' dir='ltr' id='par_1_6' title="bbox 852 2287 1551 2413">
     <span class='ocr_line' id='line_1_42' title="bbox 900 2287 1548 2330; baseline 0.006 -14"><span class='ocrx_word' id='word_1_323' title='bbox 900 2289 935 2319; x_wconf 82' lang='lat'>17</span> <span class='ocrx_word' id='word_1_324' title='bbox 963 2287 1196 2318; x_wconf 71' lang='lat' dir='ltr'>Attenuatione</span> <span class='ocrx_word' id='word_1_325' title='bbox 1222 2294 1284 2319; x_wconf 78' lang='lat' dir='ltr'>aut</span> <span class='ocrx_word' id='word_1_326' title='bbox 1310 2290 1548 2330; x_wconf 66' lang='lat' dir='ltr'>complexione]</span> 
     </span>
     <span class='ocr_line' id='line_1_43' title="bbox 854 2328 1551 2372; baseline 0.007 -14"><span class='ocrx_word' id='word_1_327' title='bbox 854 2328 921 2358; x_wconf 86' lang='lat' dir='ltr'>Int.</span> <span class='ocrx_word' id='word_1_328' title='bbox 949 2330 1184 2360; x_wconf 82' lang='lat' dir='ltr'>contractione.</span> <span class='ocrx_word' id='word_1_329' title='bbox 1233 2332 1295 2363; x_wconf 79' lang='lat' dir='ltr'>Sed</span> <span class='ocrx_word' id='word_1_330' title='bbox 1330 2337 1390 2362; x_wconf 77' lang='lat' dir='ltr'>aut</span> <span class='ocrx_word' id='word_1_331' title='bbox 1417 2335 1551 2372; x_wconf 75' lang='lat' dir='ltr'>eomple-</span> 
     </span>
     <span class='ocr_line' id='line_1_44' title="bbox 852 2371 1259 2413; baseline 0.007 -13"><span class='ocrx_word' id='word_1_332' title='bbox 852 2372 946 2401; x_wconf 72' lang='lat' dir='ltr'>oeione</span> <span class='ocrx_word' id='word_1_333' title='bbox 958 2371 1048 2401; x_wconf 79' lang='lat' dir='ltr'>abest</span> <span class='ocrx_word' id='word_1_334' title='bbox 1059 2383 1078 2402; x_wconf 83' lang='lat' dir='ltr'>a</span> <span class='ocrx_word' id='word_1_335' title='bbox 1092 2373 1155 2402; x_wconf 71' lang='grc' dir='ltr'>ΜΞ.</span> <span class='ocrx_word' id='word_1_336' title='bbox 1171 2373 1259 2413; x_wconf 78' lang='lat' dir='ltr'>Lips.</span> 
     </span>
    </p>

    <p class='ocr_par' dir='ltr' id='par_1_7' title="bbox 852 2413 1550 2486">
     <span class='ocr_line' id='line_1_45' title="bbox 897 2413 1550 2454; baseline 0.008 -12"><span class='ocrx_word' id='word_1_337' title='bbox 897 2414 929 2454; x_wconf 49' lang='grc' dir='ltr'>θ’)</span> <span class='ocrx_word' id='word_1_338' title='bbox 958 2413 1022 2443; x_wconf 82' lang='lat' dir='ltr'>Alii</span> <span class='ocrx_word' id='word_1_339' title='bbox 1045 2425 1074 2444; x_wconf 82' lang='lat' dir='ltr'>v.</span> <span class='ocrx_word' id='word_1_340' title='bbox 1099 2426 1125 2445; x_wconf 87' lang='lat' dir='ltr'>c.</span> <span class='ocrx_word' id='word_1_341' title='bbox 1146 2415 1266 2446; x_wconf 79' lang='lat' dir='ltr'>Aldus:</span> <span class='ocrx_word' id='word_1_342' title='bbox 1292 2417 1404 2453; x_wconf 80' lang='lat' dir='ltr'>vincit,</span> <span class='ocrx_word' id='word_1_343' title='bbox 1428 2427 1445 2446; x_wconf 85' lang='lat' dir='ltr'>e</span> <span class='ocrx_word' id='word_1_344' title='bbox 1465 2417 1486 2447; x_wconf 86' lang='lat' dir='ltr'>f.</span> <span class='ocrx_word' id='word_1_345' title='bbox 1510 2421 1550 2447; x_wconf 80' lang='lat' dir='ltr'>st.</span> 
     </span>
     <span class='ocr_line' id='line_1_46' title="bbox 852 2456 996 2486; baseline 0 -1"><span class='ocrx_word' id='word_1_346' title='bbox 852 2456 996 2486; x_wconf 71' lang='lat' dir='ltr'>vineunt.</span> 
     </span>
    </p>
   </div>
   <div class='ocr_carea' id='block_1_5' title="bbox 119 2496 813 2914">
    <p class='ocr_par' dir='ltr' id='par_1_8' title="bbox 119 2496 812 2570">
     <span class='ocr_line' id='line_1_47' title="bbox 163 2496 812 2536; baseline 0.002 -9"><span class='ocrx_word' id='word_1_347' title='bbox 163 2499 201 2527; x_wconf 86' lang='lat'>15</span> <span class='ocrx_word' id='word_1_348' title='bbox 214 2496 264 2527; x_wconf 75' lang='lat' dir='ltr'>Et</span> <span class='ocrx_word' id='word_1_349' title='bbox 277 2496 322 2526; x_wconf 80' lang='lat' dir='ltr'>ad</span> <span class='ocrx_word' id='word_1_350' title='bbox 331 2496 417 2527; x_wconf 83' lang='lat' dir='ltr'>idem</span> <span class='ocrx_word' id='word_1_351' title='bbox 429 2497 570 2536; x_wconf 61' lang='lat' dir='ltr'>nomem]</span> <span class='ocrx_word' id='word_1_352' title='bbox 585 2497 640 2528; x_wconf 82' lang='lat' dir='ltr'>Ad</span> <span class='ocrx_word' id='word_1_353' title='bbox 649 2507 687 2527; x_wconf 87' lang='lat' dir='ltr'>cx</span> <span class='ocrx_word' id='word_1_354' title='bbox 700 2497 812 2528; x_wconf 85' lang='lat' dir='ltr'>eadem</span> 
     </span>
     <span class='ocr_line' id='line_1_48' title="bbox 119 2537 750 2570; baseline 0.002 -3"><span class='ocrx_word' id='word_1_355' title='bbox 119 2537 170 2568; x_wconf 82' lang='lat' dir='ltr'>ed.</span> <span class='ocrx_word' id='word_1_356' title='bbox 183 2538 263 2568; x_wconf 87' lang='lat' dir='ltr'>Mss.</span> <span class='ocrx_word' id='word_1_357' title='bbox 278 2538 430 2569; x_wconf 88' lang='lat' dir='ltr'>nonnulli</span> <span class='ocrx_word' id='word_1_358' title='bbox 446 2549 505 2569; x_wconf 88' lang='lat' dir='ltr'>nec</span> <span class='ocrx_word' id='word_1_359' title='bbox 519 2540 604 2569; x_wconf 69' lang='lat' dir='ltr'>idem</span> <span class='ocrx_word' id='word_1_360' title='bbox 617 2539 750 2570; x_wconf 83' lang='lat' dir='ltr'>habent.</span> 
     </span>
    </p>

    <p class='ocr_par' dir='ltr' id='par_1_9' title="bbox 119 2580 813 2914">
     <span class='ocr_line' id='line_1_49' title="bbox 164 2580 813 2621; baseline 0.002 -10"><span class='ocrx_word' id='word_1_361' title='bbox 164 2581 203 2611; x_wconf 89' lang='grc'>16</span> <span class='ocrx_word' id='word_1_362' title='bbox 216 2580 353 2611; x_wconf 82' lang='lat' dir='ltr'>Litterae</span> <span class='ocrx_word' id='word_1_363' title='bbox 370 2585 431 2611; x_wconf 82' lang='lat' dir='ltr'>aut</span> <span class='ocrx_word' id='word_1_364' title='bbox 449 2581 663 2621; x_wconf 60' lang='lat' dir='ltr'>litterarum]</span> <span class='ocrx_word' id='word_1_365' title='bbox 691 2582 730 2611; x_wconf 90' lang='lat' dir='ltr'>ln</span> <span class='ocrx_word' id='word_1_366' title='bbox 743 2582 813 2612; x_wconf 92' lang='lat' dir='ltr'>vul-</span> 
     </span>
     <span class='ocr_line' id='line_1_50' title="bbox 120 2622 812 2663; baseline 0.004 -12"><span class='ocrx_word' id='word_1_367' title='bbox 120 2623 204 2660; x_wconf 85' lang='lat' dir='ltr'>gatis</span> <span class='ocrx_word' id='word_1_368' title='bbox 213 2622 370 2661; x_wconf 86' lang='lat' dir='ltr'>sequitur,</span> <span class='ocrx_word' id='word_1_369' title='bbox 381 2623 512 2662; x_wconf 55' lang='lat' dir='ltr'>syllabae</span> <span class='ocrx_word' id='word_1_370' title='bbox 522 2627 583 2653; x_wconf 78' lang='lat' dir='ltr'>aut</span> <span class='ocrx_word' id='word_1_371' title='bbox 593 2624 794 2663; x_wconf 74' lang='lat' dir='ltr'>syllabarum</span> <span class='ocrx_word' id='word_1_372' title='bbox 800 2639 812 2658; x_wconf 89' lang='lat'>‚-</span> 
     </span>
     <span class='ocr_line' id='line_1_51' title="bbox 119 2663 810 2706; baseline 0.004 -13"><span class='ocrx_word' id='word_1_373' title='bbox 119 2663 208 2702; x_wconf 89' lang='lat' dir='ltr'>quod</span> <span class='ocrx_word' id='word_1_374' title='bbox 221 2673 280 2694; x_wconf 88' lang='lat' dir='ltr'>nos</span> <span class='ocrx_word' id='word_1_375' title='bbox 297 2664 475 2695; x_wconf 85' lang='lat' dir='ltr'>delevimus</span> <span class='ocrx_word' id='word_1_376' title='bbox 489 2678 496 2694; x_wconf 70' lang='grc' dir='ltr'>ε</span> <span class='ocrx_word' id='word_1_377' title='bbox 514 2666 669 2706; x_wconf 86' lang='lat' dir='ltr'>primum,</span> <span class='ocrx_word' id='word_1_378' title='bbox 686 2667 762 2705; x_wconf 85' lang='lat' dir='ltr'>quia</span> <span class='ocrx_word' id='word_1_379' title='bbox 775 2667 810 2697; x_wconf 86' lang='lat' dir='ltr'>in</span> 
     </span>
     <span class='ocr_line' id='line_1_52' title="bbox 119 2704 812 2748; baseline 0.007 -14"><span class='ocrx_word' id='word_1_380' title='bbox 119 2704 210 2735; x_wconf 85' lang='lat' dir='ltr'>libris</span> <span class='ocrx_word' id='word_1_381' title='bbox 223 2706 329 2744; x_wconf 88' lang='lat' dir='ltr'>bonis,</span> <span class='ocrx_word' id='word_1_382' title='bbox 341 2708 440 2739; x_wconf 86' lang='lat' dir='ltr'>etiam</span> <span class='ocrx_word' id='word_1_383' title='bbox 455 2713 567 2738; x_wconf 86' lang='lat' dir='ltr'>nostro</span> <span class='ocrx_word' id='word_1_384' title='bbox 579 2707 668 2748; x_wconf 79' lang='lat' dir='ltr'>Lips.</span> <span class='ocrx_word' id='word_1_385' title='bbox 681 2717 748 2738; x_wconf 89' lang='lat' dir='ltr'>non</span> <span class='ocrx_word' id='word_1_386' title='bbox 763 2719 812 2739; x_wconf 85' lang='lat' dir='ltr'>re-</span> 
     </span>
     <span class='ocr_line' id='line_1_53' title="bbox 120 2747 811 2790; baseline 0.006 -13"><span class='ocrx_word' id='word_1_387' title='bbox 120 2747 276 2787; x_wconf 81' lang='lat' dir='ltr'>perimus,</span> <span class='ocrx_word' id='word_1_388' title='bbox 299 2758 358 2779; x_wconf 85' lang='lat' dir='ltr'>nee</span> <span class='ocrx_word' id='word_1_389' title='bbox 384 2749 455 2780; x_wconf 88' lang='lat' dir='ltr'>edd.</span> <span class='ocrx_word' id='word_1_390' title='bbox 478 2749 612 2780; x_wconf 87' lang='lat' dir='ltr'>Mediol.</span> <span class='ocrx_word' id='word_1_391' title='bbox 634 2759 684 2790; x_wconf 84' lang='lat' dir='ltr'>pr.</span> <span class='ocrx_word' id='word_1_392' title='bbox 714 2751 811 2782; x_wconf 83' lang='lat' dir='ltr'>Junt.</span> 
     </span>
     <span class='ocr_line' id='line_1_54' title="bbox 120 2788 812 2832; baseline 0.006 -13"><span class='ocrx_word' id='word_1_393' title='bbox 120 2788 193 2819; x_wconf 85' lang='lat' dir='ltr'>Ald.</span> <span class='ocrx_word' id='word_1_394' title='bbox 220 2791 278 2821; x_wconf 88' lang='lat' dir='ltr'>&amp;e.</span> <span class='ocrx_word' id='word_1_395' title='bbox 299 2790 414 2822; x_wconf 87' lang='lat' dir='ltr'>deinde</span> <span class='ocrx_word' id='word_1_396' title='bbox 432 2793 509 2831; x_wconf 88' lang='lat' dir='ltr'>quia</span> <span class='ocrx_word' id='word_1_397' title='bbox 531 2792 565 2822; x_wconf 91' lang='lat' dir='ltr'>in</span> <span class='ocrx_word' id='word_1_398' title='bbox 588 2796 663 2822; x_wconf 83' lang='lat' dir='ltr'>toto</span> <span class='ocrx_word' id='word_1_399' title='bbox 689 2793 812 2832; x_wconf 87' lang='lat' dir='ltr'>reliquo</span> 
     </span>
     <span class='ocr_line' id='line_1_55' title="bbox 119 2830 813 2874; baseline 0.007 -14"><span class='ocrx_word' id='word_1_400' title='bbox 119 2830 192 2861; x_wconf 87' lang='lat' dir='ltr'>loco</span> <span class='ocrx_word' id='word_1_401' title='bbox 211 2840 338 2873; x_wconf 82' lang='lat' dir='ltr'>semper</span> <span class='ocrx_word' id='word_1_402' title='bbox 357 2837 490 2864; x_wconf 81' lang='lat' dir='ltr'>tantum</span> <span class='ocrx_word' id='word_1_403' title='bbox 511 2833 629 2871; x_wconf 62' lang='lat' dir='ltr'>literae,</span> <span class='ocrx_word' id='word_1_404' title='bbox 653 2843 813 2874; x_wconf 83' lang='lat' dir='ltr'>nusquam</span> 
     </span>
     <span class='ocr_line' id='line_1_56' title="bbox 119 2872 586 2914; baseline 0.011 -12"><span class='ocrx_word' id='word_1_405' title='bbox 119 2872 263 2914; x_wconf 72' lang='lat' dir='ltr'>syllabae,</span> <span class='ocrx_word' id='word_1_406' title='bbox 277 2882 586 2907; x_wconf 83' lang='lat' dir='ltr'>commemorantur.</span> 
     </span>
    </p>
   </div>
   <div class='ocr_carea' id='block_1_6' title="bbox 853 2497 1552 2918">
    <p class='ocr_par' dir='ltr' id='par_1_10' title="bbox 853 2497 1552 2708">
     <span class='ocr_line' id='line_1_57' title="bbox 901 2497 1551 2540; baseline 0.006 -13"><span class='ocrx_word' id='word_1_407' title='bbox 901 2501 937 2529; x_wconf 78' lang='lat'>18</span> <span class='ocrx_word' id='word_1_408' title='bbox 963 2497 1103 2528; x_wconf 67' lang='lat' dir='ltr'>Vitasset</span> <span class='ocrx_word' id='word_1_409' title='bbox 1126 2503 1148 2529; x_wconf 81' lang='lat' dir='ltr'>t.</span> <span class='ocrx_word' id='word_1_410' title='bbox 1167 2500 1291 2540; x_wconf 70' lang='lat' dir='ltr'>leones]</span> <span class='ocrx_word' id='word_1_411' title='bbox 1319 2500 1383 2530; x_wconf 91' lang='lat' dir='ltr'>Hic</span> <span class='ocrx_word' id='word_1_412' title='bbox 1405 2505 1454 2531; x_wconf 86' lang='lat' dir='ltr'>est</span> <span class='ocrx_word' id='word_1_413' title='bbox 1472 2501 1551 2531; x_wconf 78' lang='lat' dir='ltr'>ordo</span> 
     </span>
     <span class='ocr_line' id='line_1_58' title="bbox 858 2540 1552 2578; baseline 0.006 -9"><span class='ocrx_word' id='word_1_414' title='bbox 858 2540 890 2569; x_wconf 92' lang='lat' dir='ltr'>in</span> <span class='ocrx_word' id='word_1_415' title='bbox 906 2540 996 2570; x_wconf 86' lang='lat' dir='ltr'>libris</span> <span class='ocrx_word' id='word_1_416' title='bbox 1013 2541 1211 2578; x_wconf 80' lang='lat' dir='ltr'>melioribus,</span> <span class='ocrx_word' id='word_1_417' title='bbox 1225 2542 1311 2573; x_wconf 85' lang='lat' dir='ltr'>haud</span> <span class='ocrx_word' id='word_1_418' title='bbox 1325 2542 1420 2573; x_wconf 91' lang='lat' dir='ltr'>dubie</span> <span class='ocrx_word' id='word_1_419' title='bbox 1435 2544 1552 2573; x_wconf 81' lang='lat' dir='ltr'>melior</span> 
     </span>
     <span class='ocr_line' id='line_1_59' title="bbox 858 2582 1550 2624; baseline 0.006 -13"><span class='ocrx_word' id='word_1_420' title='bbox 858 2582 991 2621; x_wconf 74' lang='lat' dir='ltr'>vulgato</span> <span class='ocrx_word' id='word_1_421' title='bbox 1006 2587 1030 2613; x_wconf 85' lang='lat' dir='ltr'>t.</span> <span class='ocrx_word' id='word_1_422' title='bbox 1047 2584 1068 2612; x_wconf 79' lang='lat' dir='ltr'>l.</span> <span class='ocrx_word' id='word_1_423' title='bbox 1082 2583 1224 2614; x_wconf 71' lang='lat' dir='ltr'>vitasset.</span> <span class='ocrx_word' id='word_1_424' title='bbox 1240 2585 1416 2624; x_wconf 87' lang='lat' dir='ltr'>reliquum,</span> <span class='ocrx_word' id='word_1_425' title='bbox 1433 2587 1505 2616; x_wconf 74' lang='lat' dir='ltr'>vitoe</span> <span class='ocrx_word' id='word_1_426' title='bbox 1518 2596 1550 2615; x_wconf 74' lang='lat' dir='ltr'>se</span> 
     </span>
     <span class='ocr_line' id='line_1_60' title="bbox 858 2625 1549 2666; baseline 0.007 -13"><span class='ocrx_word' id='word_1_427' title='bbox 858 2625 1043 2655; x_wconf 76' lang='lat' dir='ltr'>tradidisset</span> <span class='ocrx_word' id='word_1_428' title='bbox 1058 2634 1123 2655; x_wconf 88' lang='lat' dir='ltr'>non</span> <span class='ocrx_word' id='word_1_429' title='bbox 1139 2627 1297 2666; x_wconf 83' lang='lat' dir='ltr'>intelligo.</span> <span class='ocrx_word' id='word_1_430' title='bbox 1321 2626 1452 2666; x_wconf 85' lang='lat' dir='ltr'>Aliquid</span> <span class='ocrx_word' id='word_1_431' title='bbox 1465 2628 1549 2658; x_wconf 82' lang='lat' dir='ltr'>exci-</span> 
     </span>
     <span class='ocr_line' id='line_1_61' title="bbox 853 2666 1536 2708; baseline 0.004 -12"><span class='ocrx_word' id='word_1_432' title='bbox 853 2666 935 2696; x_wconf 83' lang='lat' dir='ltr'>disse</span> <span class='ocrx_word' id='word_1_433' title='bbox 948 2671 1042 2706; x_wconf 91' lang='lat' dir='ltr'>puto,</span> <span class='ocrx_word' id='word_1_434' title='bbox 1057 2668 1246 2700; x_wconf 60' lang='lat' dir='ltr'>uthonestoe</span> <span class='ocrx_word' id='word_1_435' title='bbox 1259 2674 1316 2698; x_wconf 87' lang='lat' dir='ltr'>aut</span> <span class='ocrx_word' id='word_1_436' title='bbox 1330 2669 1436 2699; x_wconf 86' lang='lat' dir='ltr'>simile</span> <span class='ocrx_word' id='word_1_437' title='bbox 1448 2669 1536 2708; x_wconf 86' lang='lat' dir='ltr'>quid.</span> 
     </span>
    </p>

    <p class='ocr_par' dir='ltr' id='par_1_11' title="bbox 855 2709 1552 2918">
     <span class='ocr_line' id='line_1_62' title="bbox 901 2709 1550 2749; baseline 0.005 -11"><span class='ocrx_word' id='word_1_438' title='bbox 901 2712 938 2742; x_wconf 86' lang='lat'>19</span> <span class='ocrx_word' id='word_1_439' title='bbox 962 2709 1058 2745; x_wconf 73' lang='lat' dir='ltr'>Hem,</span> <span class='ocrx_word' id='word_1_440' title='bbox 1079 2711 1150 2739; x_wconf 72' lang='lat' dir='ltr'>nolo</span> <span class='ocrx_word' id='word_1_441' title='bbox 1175 2710 1263 2749; x_wconf 59' lang='lat' dir='ltr'>esse]</span> <span class='ocrx_word' id='word_1_442' title='bbox 1290 2711 1371 2741; x_wconf 84' lang='lat' dir='ltr'>Haec</span> <span class='ocrx_word' id='word_1_443' title='bbox 1393 2711 1511 2742; x_wconf 74' lang='lat' dir='ltr'>absunt</span> <span class='ocrx_word' id='word_1_444' title='bbox 1533 2721 1550 2741; x_wconf 81' lang='lat' dir='ltr'>a</span> 
     </span>
     <span class='ocr_line' id='line_1_63' title="bbox 856 2750 1550 2793; baseline 0.006 -14"><span class='ocrx_word' id='word_1_445' title='bbox 856 2750 969 2780; x_wconf 84' lang='lat' dir='ltr'>multis</span> <span class='ocrx_word' id='word_1_446' title='bbox 994 2751 1073 2781; x_wconf 89' lang='lat' dir='ltr'>Mss.</span> <span class='ocrx_word' id='word_1_447' title='bbox 1098 2751 1198 2783; x_wconf 84' lang='lat' dir='ltr'>etiam</span> <span class='ocrx_word' id='word_1_448' title='bbox 1215 2753 1301 2793; x_wconf 79' lang='lat' dir='ltr'>Lips.</span> <span class='ocrx_word' id='word_1_449' title='bbox 1318 2758 1350 2783; x_wconf 77' lang='lat' dir='ltr'>et</span> <span class='ocrx_word' id='word_1_450' title='bbox 1371 2753 1442 2783; x_wconf 85' lang='lat' dir='ltr'>edd.</span> <span class='ocrx_word' id='word_1_451' title='bbox 1464 2758 1550 2784; x_wconf 73' lang='lat' dir='ltr'>vete-</span> 
     </span>
     <span class='ocr_line' id='line_1_64' title="bbox 857 2793 1548 2828; baseline 0.001 -6"><span class='ocrx_word' id='word_1_452' title='bbox 857 2793 955 2823; x_wconf 86' lang='lat' dir='ltr'>ribus.</span> <span class='ocrx_word' id='word_1_453' title='bbox 1001 2793 1134 2823; x_wconf 79' lang='lat' dir='ltr'>Habent</span> <span class='ocrx_word' id='word_1_454' title='bbox 1153 2799 1265 2824; x_wconf 77' lang='lat' dir='ltr'>tamen</span> <span class='ocrx_word' id='word_1_455' title='bbox 1287 2795 1336 2825; x_wconf 78' lang='lat' dir='ltr'>ed.</span> <span class='ocrx_word' id='word_1_456' title='bbox 1368 2798 1456 2828; x_wconf 76' lang='lat'>1474.</span> <span class='ocrx_word' id='word_1_457' title='bbox 1476 2795 1548 2825; x_wconf 77' lang='lat' dir='ltr'>Ald.</span> 
     </span>
     <span class='ocr_line' id='line_1_65' title="bbox 856 2836 1552 2876; baseline 0.004 -11"><span class='ocrx_word' id='word_1_458' title='bbox 856 2836 940 2865; x_wconf 86' lang='lat' dir='ltr'>Sane</span> <span class='ocrx_word' id='word_1_459' title='bbox 962 2836 996 2865; x_wconf 88' lang='lat' dir='ltr'>in</span> <span class='ocrx_word' id='word_1_460' title='bbox 1019 2836 1134 2865; x_wconf 78' lang='lat' dir='ltr'>ceteris</span> <span class='ocrx_word' id='word_1_461' title='bbox 1151 2837 1321 2875; x_wconf 79' lang='lat' dir='ltr'>generibus</span> <span class='ocrx_word' id='word_1_462' title='bbox 1338 2846 1402 2867; x_wconf 81' lang='lat' dir='ltr'>uno</span> <span class='ocrx_word' id='word_1_463' title='bbox 1426 2847 1552 2876; x_wconf 71' lang='lat' dir='ltr'>sempr-r</span> 
     </span>
     <span class='ocr_line' id='line_1_66' title="bbox 855 2877 1133 2918; baseline 0 -11"><span class='ocrx_word' id='word_1_464' title='bbox 855 2877 963 2908; x_wconf 87' lang='lat' dir='ltr'>utitur</span> <span class='ocrx_word' id='word_1_465' title='bbox 976 2878 1133 2918; x_wconf 76' lang='lat' dir='ltr'>exemplu.</span> 
     </span>
    </p>
   </div>
   <div class='ocr_carea' id='block_1_7' title="bbox 800 2941 879 2977">
    <p class='ocr_par' dir='ltr' id='par_1_12' title="bbox 800 2941 879 2977">
     <span class='ocr_line' id='line_1_67' title="bbox 800 2941 879 2977; baseline 0.013 -1"><span class='ocrx_word' id='word_1_466' title='bbox 800 2941 879 2977; x_wconf 71' lang='lat'>(³4</span> 
     </span>
    </p>
   </div>
  </div>
 </body>
</html>
