1945 3235
323 175 404 210 3⁶0
842 172 925 214 DE
949 172 1238 214 ORATORE

326 275 546 328 laudabas,
589 277 643 320 ad
685 277 882 321 ordinem
926 280 1342 336 collocationemque
1383 292 1524 321 rerum
1574 294 1626 323 ac
1656 280 1776 323 loco-0

328 348 438 376 rum.
499 334 637 391 Cujus
667 337 775 378 ratio
810 346 876 378 est
912 338 1095 394 duplex:
1137 337 1284 387 altera,
1315 351 1443 391 quam
1476 336 1601 378 affert
1622 348 1777 379 natura

331 406 582 434 causarum:
615 393 760 444 altera,
784 408 881 449 quae
904 405 1122 436 oratorum
1146 395 1316 451 judicio
1344 403 1388 434 et
1410 395 1638 450 prudentia
1658 409 1778 436 eom-

335 460 523 505 paratur.
585 449 699 492 Nam
737 461 782 492 ut
813 452 973 506 aliquid
1007 462 1106 494 ante
1148 466 1236 493 rem
1278 452 1486 502 dicamus,
1524 452 1694 502 deinde,
1725 460 1776 493 ut

335 519 425 548 rem
457 521 741 564 exponamus,
775 518 873 564 post
906 518 952 549 ut
987 524 1080 550 eam
1115 510 1343 564 probemus
1375 509 1533 550 nostris
1566 508 1778 565 praesidiis

336 565 658 616 confirmandis,
680 565 905 607 contrariis
926 567 1178 617 refutandis,
1201 566 1355 607 deinde
1387 576 1433 607 ut
1453 567 1778 620 concludamus,

337 631 466 677 atque
491 625 546 663 ita
572 637 831 678 peroremuS,
847 622 929 663 hoe
947 624 1117 665 dicendi
1142 638 1276 680 genus
1300 634 1450 665 natura
1472 623 1565 680 ipsa
1584 620 1780 679 praescrissn

248 684 325 720 308
340 679 416 720 bit.
478 681 538 722 Ut
569 695 669 721 vero
697 689 948 731 statuamus,
980 695 1045 730 ea,
1074 695 1171 736 quae
1204 680 1429 736 probandi,
1461 681 1660 730 docendi,
1684 693 1780 736 per-

336 737 543 779 suadendi
577 752 705 778 causa
735 737 921 778 dicenda
953 747 1066 788 sunt,
1099 738 1461 792 quemadmodum
1493 739 1780 793 56compone-.-

332 809 454 847 1nus3
497 795 538 836 id
581 804 647 835 est
686 794 751 835 vel
792 794 981 835 maxime
1028 795 1249 850 proprium
1298 795 1478 835 oratoris
1522 793 1779 851 prudentiae,

333 851 480 893 Multa
500 852 613 892 enim
644 864 876 892 occurrunt
903 862 1182 908 argumenta:
1215 851 1363 901 multa,
1393 866 1490 907 quae
1519 853 1562 893 in
1595 851 1780 894 dicendo

333 908 561 965 profutura
590 909 829 950 videantur.
875 909 946 949 sed
983 923 1131 949 eorum
1165 909 1320 964 partim
1354 909 1416 949 ita
1447 908 1557 950 levia
1588 919 1702 960 sunt,
1734 917 1782 953 ut

334 966 650 1007 contemnenda
672 966 782 1007 sint:
815 966 986 1021 partim,
1007 966 1134 1007 etiam
1159 966 1191 1006 si
1216 966 1319 1020 quid
1342 965 1504 1006 habent
1525 965 1780 1022 adjumenti,

337 1031 437 1064 sunt
458 1026 781 1080 nonnumquam
803 1023 1033 1078 ejusmodi,
1056 1032 1103 1063 ut
1124 1023 1227 1063 insit
1248 1023 1290 1063 in
1312 1023 1362 1063 iis
1379 1022 1540 1077 aliquid
1559 1023 1675 1065 vitii:
1706 1037 1781 1065 neq

338 1094 421 1136 que
453 1081 562 1121 tanti
597 1081 651 1122 sit
686 1080 803 1131 illud,
826 1080 941 1136 qnod
973 1080 1174 1137 prodesse
1205 1080 1414 1131 videatur,
1438 1089 1484 1120 ut
1515 1095 1615 1122 cum
1636 1079 1781 1135 aliquo

249 1150 325 1186 309
339 1137 451 1178 malo
473 1137 779 1195 conjungatur.
840 1139 952 1184 Quae
985 1146 1130 1178 autem
1161 1147 1262 1178 sunt
1282 1137 1419 1188 utilia,
1441 1147 1569 1192 atque
1588 1137 1724 1187 firma,
1746 1137 1782 1180 si

337 1209 387 1235 ea
410 1205 551 1237 tamen
571 1200 638 1248 (ut
661 1209 776 1251 saepe
798 1195 865 1245 fit)
888 1194 1010 1235 valde
1030 1194 1166 1236 multa
1197 1203 1319 1236 sunt:
1351 1208 1416 1245 ea,
1437 1209 1534 1249 quae
1553 1209 1608 1236 ex
1632 1194 1683 1235 iis
1707 1203 1784 1235 aut

337 1252 553 1295 levissima
585 1262 698 1303 sunt,
722 1263 797 1294 aut
829 1252 923 1294 aliis
954 1252 1224 1308 gravioribus
1255 1252 1511 1304 consimilia,
1533 1251 1784 1294 secernier-

294 1320 326 1350 b.
341 1310 476 1351 bitror
498 1319 711 1367 oportere,
734 1319 863 1365 atque
886 1324 939 1350 ex
963 1310 1159 1350 oratione
1181 1309 1406 1351 removeri.
1450 1308 1663 1365 Equidem
1683 1323 1784 1352 cum

338 1366 498 1423 colligo
531 1377 786 1424 argumenta
816 1381 1055 1417 causarum,
1078 1381 1164 1407 non
1196 1376 1281 1408 tam
1317 1381 1367 1407 ea
1398 1380 1621 1408 numerare
1651 1365 1786 1420 soleo,

255 1423 325 1477 77
339 1438 468 1479 quarn
481 1425 739 1481 expendere.
773 1423 827 1464 Et
843 1424 1045 1479 quoniam
1063 1424 1196 1478 (quod
1212 1423 1427 1479 saepejam
1443 1424 1556 1475 dixi)
1567 1425 1702 1465 tribus
1719 1437 1786 1465 req

249 1494 328 1528 310
341 1482 420 1523 bus
438 1496 587 1523 omnes
609 1482 660 1522 ad
682 1490 870 1522 nostram
894 1481 1151 1522 sententiam
1175 1481 1464 1536 perducimuS,
1477 1490 1552 1522 aut
1571 1481 1784 1532 docendo,

338 1547 412 1580 aut
434 1539 721 1589 conciliando,
743 1549 818 1579 aut
841 1539 1147 1592 permovendo,
1168 1540 1205 1571 57
1222 1553 1307 1579 una
1330 1551 1384 1579 ex
1408 1539 1608 1579 omnibus
1632 1538 1698 1579 his
1720 1552 1785 1579 re-

336 1597 414 1637 bus
438 1610 501 1637 res
525 1611 612 1653 prae
632 1596 755 1636 nobis
774 1606 838 1637 est
857 1594 1045 1645 ferenda,
1065 1604 1110 1635 ut
1133 1594 1239 1636 nihil
1256 1595 1386 1644 aliud,
1401 1596 1482 1636 nisi
1505 1596 1659 1638 docere
1679 1595 1786 1636 velle

334 1653 580 1695 videamur:
613 1653 788 1708 reliquae
823 1653 935 1703 duae,
967 1653 1094 1693 sicuti
1128 1653 1302 1708 sanguis
1335 1652 1378 1692 in
1420 1653 1689 1709 corporibus,
1722 1654 1785 1694 sic

334 1710 419 1752 iilae
443 1710 487 1752 in
507 1711 725 1766 perpetuis
757 1710 1024 1751 orationibus
1057 1709 1164 1750 fusae
1187 1723 1278 1750 esse
1308 1709 1544 1751 debebunt.
1606 1709 1721 1752 Nam.
1741 1718 1786 1750 et

335 1768 565 1824 principia,
588 1778 631 1808 et
653 1778 807 1809 ceterae
831 1777 972 1823 partes
1005 1766 1226 1817 orationis,
1257 1767 1311 1808 de
1341 1767 1497 1822 quibus
1521 1766 1663 1823 paullo
1685 1777 1786 1823 post

337 1839 475 1880 pauca
505 1825 713 1876 dicemus,
736 1824 894 1865 habere
920 1825 1030 1865 hanc
1061 1824 1150 1864 vim
1180 1838 1445 1880 magnopere
1465 1826 1640 1875 debent,
1663 1833 1711 1866 ut
1730 1824 1786 1866 ad

335 1896 484 1924 eorum
508 1892 687 1934 mentes,
709 1882 821 1938 apud
841 1897 950 1937 quos
971 1890 1137 1937 agetur,
1161 1881 1394 1922 movendas
1416 1896 1664 1938 permanare
1685 1896 1786 1939 pos·

250 1945 323 1980 311
338 1939 440 1992 sint,
502 1940 584 1981 Sed
610 1940 675 1981 his
710 1939 901 1995 partibus
924 1939 1147 1989 orationis,
1179 1953 1275 1994 quae
1297 1939 1377 1980 etsi
1402 1939 1510 1980 nihil
1531 1939 1690 1988 docent
1719 1953 1786 1985 ar·-⁴

339 1997 649 2052 gumentando,
672 1996 968 2053 persuadendo
988 2005 1129 2036 tamen
1153 2006 1195 2036 et
1217 1997 1531 2038 commovendo
1553 1996 1789 2052 proficiunt

339 2054 587 2110 plurimum,
606 2069 868 2110 quamquam
895 2054 1083 2094 maxime
1115 2053 1312 2108 proprius
1334 2063 1399 2098 est
1427 2053 1546 2096 locus
1571 2062 1615 2094 et
1644 2053 1688 2095 in
1710 2067 1787 2095 ex-

338 2112 562 2162 ordiendo,
584 2122 628 2152 et
652 2112 692 2152 in
716 2110 980 2167 perorando3
1013 2110 1186 2165 degredi
1210 2120 1351 2151 tamen
1373 2111 1429 2151 ab
1459 2125 1525 2161 eo,
1547 2110 1663 2166 quod
1685 2125 1785 2167 pro-

341 2169 534 2224 posueris
557 2179 685 2223 utque
709 2182 825 2224 agas,
843 2167 1228 2223 permovendorum
1251 2169 1492 2210 animorum
1515 2181 1788 2224 causa‚saepe

254 2225 447 2269 mentite
466 2236 546 2266 est.
578 2229 616 2257 58
634 2226 786 2280 ltaque
820 2224 886 2265 vel
918 2225 1161 2264 narratione
1189 2226 1404 2280 exposita,
1437 2240 1553 2281 saepe
1585 2225 1787 2277 datur⁷ad

341 2283 679 2323 commovendos
711 2283 878 2323 animos
909 2281 1237 2337 59degrediendi
1260 2282 1403 2334 locus3
1436 2283 1501 2323 vel
1522 2282 1788 2339 argumentis

341 2340 500 2380 nostris
522 2339 802 2389 confirmatis,
827 2338 890 2379 vel
909 2339 1134 2379 contrariis
1157 2339 1367 2390 refutatis,
1390 2339 1456 2380 vel
1475 2350 1658 2396 utroque
1675 2339 1787 2390 loco,

344 2397 410 2437 vel
431 2398 648 2448 omnibus,
671 2397 705 2438 si
727 2397 858 2451 habet
887 2410 981 2438 eam
1012 2411 1141 2438 causa
1169 2396 1429 2453 dignitatem
1449 2406 1579 2453 atque
1599 2396 1786 2453 eopinm,

388 2539 427 2569 56
439 2537 681 2578 componamus]
698 2537 757 2568 Ed.
770 2539 822 2568 w.
835 2546 1043 2578 exponamus.
1131 2539 1171 2569 59
1194 2536 1404 2572 degrediendi
1419 2539 1515 2573 locus,
1532 2539 1586 2568 vel
1605 2536 1696 2577 arg]
1724 2536 1790 2568 Hie

346 2581 412 2611 Ms.
429 2580 467 2612 E.
482 2586 729 2619 compununtur.
1088 2586 1164 2619 post
1193 2581 1279 2609 Ιουιιε
1303 2578 1400 2610 colon
1425 2580 1574 2610 scribunt
1604 2578 1788 2616 Μωιυῐὶυε,

389 2626 426 2656 57
458 2632 526 2652 unct
552 2632 592 2651 ez·
615 2623 761 2653 omnihus
783 2623 833 2652 his
853 2621 949 2651 rebus
973 2619 1039 2659 res]
1090 2622 1253 2657 Pearcius,
1271 2627 1371 2658 necte,
1393 2623 1419 2652 si
1435 2621 1493 2652 illa
1506 2623 1540 2652 in
1561 2621 1787 2661 sequentibus,

345 2666 399 2696 Sic
410 2675 448 2694 ex
464 2664 535 2694 edd.
553 2673 600 2704 pr.
615 2663 776 2701 dedimus,
792 2663 995 2704 provu1gato
1009 2673 1044 2693 u.
1088 2667 1174 2693 reete
1199 2664 1236 2693 ἐπί
1256 2663 1330 2702 fieri
1353 2669 1470 2702 potest,
1499 2670 1576 2694 sunt
1597 2665 1668 2694 sine
1691 2662 1786 2694 viiio:

345 2717 372 2737 e.
389 2707 494 2737 tribue
507 2708 566 2736 ἀρ.
582 2706 669 2745 quod
683 2706 828 2746 primum
841 2711 892 2735 est
906 2706 947 2736 ab
961 2704 1045 2735 Aldu
1089 2706 1177 2744 quod
1200 2698 1280 2736 mibi
1297 2715 1363 2736 non
1387 2706 1524 2736 videt-ur.
1569 2705 1739 2738 Est-enim
1753 2705 1788 2742 in

345 2750 486 2784 editum,
497 2748 554 2778 sed
567 2758 585 2778 e
598 2748 677 2778 Mss.
695 2758 770 2778 nam
787 2749 832 2778 sic
847 2747 917 2778 Eri.
949 2747 1048 2778 Cete-
1089 2747 1151 2777 hac
1176 2752 1345 2778 stmctura
1363 2748 1457 2779 valde
1480 2748 1563 2779 dura
1580 2753 1618 2778 et
1639 2747 1788 2778 insolens

347 2799 420 2822 rum
435 2791 531 2820 rebus
544 2794 603 2820 aut
616 2799 668 2819 res
681 2789 856 2820 delendum
871 2794 931 2820 est.
1084 2789 1202 2819 oratio.
1224 2790 1386 2825 Arbitror,
1398 2797 1456 2822 aut
1470 2790 1692 2826 scribendum,
1701 2789 1787 2826 -ET,

390 2836 429 2864 58
444 2834 560 2872 ltaque
573 2831 626 2862 vel
638 2841 731 2862 narr.
754 2832 912 2872 exposita]
930 2831 993 2862 Ms,
1004 2831 1042 2862 E.
1085 2834 1113 2862 si
1146 2829 1496 2870 habet-dignitatem
1527 2837 1625 2871 atque
1640 2833 1786 2872 copiam,

346 2879 369 2906 ι’.
392 2887 422 2905 r.
445 2885 481 2904 re
494 2878 637 2904 nam-ata
657 2879 755 2915 aeque
772 2875 935 2916 exposita.-
957 2872 1044 2913 quod
1088 2877 1173 2903 τοοκ
1186 2874 1304 2915 idfieri
1313 2879 1430 2914 potest,
1447 2879 1523 2912 aut,
1546 2873 1633 2913 quod
1654 2873 1785 2915 malim

347 2917 464 2950 melius
479 2916 616 2948 videtur.
1088 2916 1115 2946 εὶ
1131 2917 1305 2948 habet—ut
1317 2917 1354 2948 id
1365 2917 1536 2959 rectefieri
1545 2916 1659 2957 pouit.
1692 2935 1708 2941 ·-
1718 2926 1731 2945 ·;
1765 2912 1769 2918 “
