1914 3220
415 495 1236 655 PRAEFATIO,

690 765 967 786 ψ

119 906 230 984 ΙΝ
262 933 527 1005 principio
553 934 710 1007 hujus
739 935 932 1008 operiS‚
961 952 1088 987 cum
1111 934 1246 987 ratio
1266 933 1545 987 reddenda

116 1026 258 1071 esset
296 1018 525 1071 instituti
564 1020 687 1081 mei,
727 1029 798 1082 et,
839 1020 972 1089 quid
1012 1019 1403 1090 quomodoque
1436 1017 1546 1071 effi-

118 1119 239 1154 cere
264 1103 581 1166 studuerim,
610 1102 1094 1156 demonstrandum
1111 1124 1123 1162 ;
1164 1104 1234 1155 ab
1263 1123 1327 1156 ea
1353 1121 1407 1155 re
1435 1121 1546 1155 non

118 1186 353 1238 alienum
382 1188 493 1240 fore
530 1188 850 1250 existimavi,
890 1187 932 1239 si
966 1188 1210 1241 universe
1247 1189 1314 1241 de
1344 1187 1548 1240 Critica

119 1269 474 1324 Ciceroniana
501 1272 755 1334 dicerem,
796 1280 850 1324 et
879 1272 1027 1325 velut
1059 1273 1288 1325 formam
1322 1273 1547 1344 perfecti

118 1354 304 1409 Critici
342 1354 683 1408 Ciceroniani
725 1374 1112 1427 proponerem:
1155 1361 1264 1409 non
1302 1375 1415 1428 quo
1458 1377 1546 1410 me

117 1441 282 1493 talem
314 1459 427 1492 esse
464 1440 764 1511 haberique
790 1441 1002 1503 vellem,
1043 1442 1135 1494 sed
1169 1450 1247 1504 ut,
1286 1460 1455 1512 quam
1491 1443 1548 1496 in

117 1525 220 1578 hac
264 1524 741 1580 Ciceronianorum
784 1526 1041 1578 librorum
1079 1527 1390 1580 recensione
1430 1547 1549 1580 nor-

115 1628 262 1662 mam
291 1618 508 1663 secutus
535 1629 726 1673 essem,
765 1600 1167 1682 intelligeretur,
1207 1612 1549 1683 faciliusque,

116 1713 314 1747 munus
343 1694 528 1748 Critiei
555 1695 835 1767 quomodo
868 1696 922 1748 in
962 1694 1235 1749 Ciceronis
1273 1697 1418 1750 libris
1455 1698 1549 1750 ad-

117 1779 573 1843 ministravissem,
592 1781 828 1852 judicari
859 1789 1055 1852 posset.
1112 1780 1337 1852 Speravi
1364 1782 1548 1846 etiarn,

119 1865 369 1917 studiosis
413 1866 712 1918 litterarum
755 1865 1067 1927 latinarum,
1115 1885 1223 1918 non
1267 1867 1432 1919 modo
1475 1869 1545 1921 ad

118 1949 264 2001 illam
300 1950 476 2020 ipsam
516 1949 836 2003 facultatem
874 1950 943 2003 de
975 1951 1174 2003 talibus
1211 1952 1369 2004 rebus
1403 1953 1549 2024 judi-

119 2035 300 2097 candi,
326 2035 420 2087 sed
446 2034 610 2087 etiam
640 2035 710 2088 ad
742 2036 881 2088 bene
908 2045 1277 2106 accurateque
1313 2039 1549 2090 scriben-

116 2119 270 2182 dum,
309 2119 450 2172 hanc
483 2120 649 2173 talem
691 2120 1116 2192 disputationem
1151 2140 1265 2174 esse
1303 2123 1549 2194 profutu-

117 2222 250 2257 ram.
329 2204 450 2258 Erit
481 2212 666 2258 autem
708 2205 825 2257 haec
865 2213 981 2258 tota
1022 2205 1179 2278 hujus
1214 2208 1547 2278 praefationis

116 2289 254 2342 ratio
283 2289 553 2360 bipertita.
622 2289 864 2342 Primum
893 2290 1074 2362 ipsum
1104 2293 1406 2362 perfectum
1437 2292 1549 2346 Cri-

117 2374 290 2427 ticum
335 2373 753 2428 Ciceronianum
795 2375 1123 2436 informab03
1164 2385 1218 2429 et
1260 2396 1388 2430 cum
1434 2380 1547 2450 ejus
1620 2379 1626 2390 “

117 2459 266 2511 velut
293 2459 602 2530 'exemplari
644 2460 979 2530 comparabo
1011 2480 1120 2523 eos,
1161 2462 1257 2531 qui
1294 2471 1420 2514 ante
1462 2482 1548 2516 me

119 2543 173 2596 in
202 2545 541 2596 recensendis
569 2542 842 2623 Ciceronis
864 2545 1007 2597 libris
1037 2547 1232 2598 versati
1259 2555 1416 2607 sunt;
1457 2547 1551 2601 de-

118 2627 264 2690 inde,
302 2629 444 2681 utin
479 2629 697 2700 singulis
735 2648 963 2700 operum
998 2628 1270 2683 Ciceronis
1304 2633 1549 2702 partibus

118 2712 189 2764 de
215 2713 543 2766 editionibus
577 2732 763 2767 earum
801 2714 1030 2777 dicetur,
1070 2715 1145 2768 sic
1178 2717 1232 2768 in
1264 2715 1369 2769 hoc
1400 2718 1550 2771 velut

120 2797 274 2851 aditu
310 2816 536 2869 operum
570 2799 939 2852 universorum
983 2800 1052 2852 de
1093 2800 1420 2854 editionibus
1462 2820 1561 2855 eo·-

799 2891 869 2937 ἅ

1267 3000 1280 3053 l
