1945 3235
369 157 442 194 1452
839 157 916 197 DE
942 153 1315 198 INVENTIONE

367 273 491 300 neam
515 258 696 302 faciendi
719 271 791 303 aut
812 278 896 305 non
920 262 1101 305 faciendi
1124 262 1504 319 opportunitatem.
1537 276 1665 316 quare
1687 268 1785 304 eum'

368 326 559 373 tempore
592 317 674 360 hoc
706 319 862 361 differt.
893 335 990 362 nam
1025 334 1178 376 genere
1209 320 1380 374 quidem
1414 328 1640 373 utrumque
1671 320 1785 361 idem

366 387 458 414 esse
488 374 762 431 intelligitur:
796 391 941 418 verum
975 378 1015 418 in
1041 387 1231 432 tempore
1257 377 1442 432 spatium
1469 376 1784 430 quodammodo

365 429 616 482 declaratur,
647 433 760 487 quod
788 434 830 474 in
856 434 991 484 annis,
1021 443 1095 474 aut
1122 434 1163 474 in
1195 447 1320 483 anno,
1347 442 1420 473 aut
1447 433 1489 473 in
1517 432 1657 488 aliqua
1685 433 1785 474 anni

364 497 486 544 parte
518 499 757 545 spectatur:
806 491 848 530 in
882 490 1120 541 occasione,
1161 490 1213 530 ad
1248 489 1432 545 spatium
1473 489 1690 545 temporis,
1724 490 1786 530 fa-

365 545 504 586 ciendi
546 547 743 600 quaedam
776 547 1074 603 opportunitas
1112 547 1365 603 intelligitur
1398 546 1616 602 adjuncta..
1657 560 1788 602 quare

364 615 461 642 cum
486 617 639 658 genere
662 603 774 644 idem
796 605 864 654 sit,
892 603 941 644 fit
961 603 1090 655 aliud,
1119 605 1233 659 quod
1262 614 1380 659 parte
1409 603 1607 659 quadarn,
1628 612 1671 644 et
1693 603 1792 659 spe-'

365 659 444 709 cie,
468 669 514 699 ut
535 660 738 710 diximus,
760 660 943 702 differat.
1027 660 1137 702 Haec
1159 661 1428 702 distribuitur
1450 661 1492 702 in
1517 660 1596 701 tria
1617 674 1787 716 genera,

365 715 600 771 publicum,
623 731 864 769 commune,
887 717 1113 774 singulare.
1150 718 1376 759 Publicum
1399 727 1476 769 est,
1498 717 1612 773 quod
1635 717 1786 758 civitas

366 773 561 813 universa
591 773 733 829 aliqua
764 775 816 815 de
849 790 976 816 causa
1013 775 1267 831 frequentat,
1302 784 1348 815 ut
1379 775 1479 825 ludi,
1510 776 1599 816 dies
1638 774 1785 826 festus,

366 829 536 870 bellum.
597 829 851 883 Commune,
873 833 987 887 quod
1006 833 1162 875 accidit
1181 832 1379 874 omnibus
1401 833 1550 873 eodem
1570 831 1656 872 fere
1679 841 1786 872 tem-

363 901 481 942 pore,
514 896 562 927 ut
594 888 756 938 messis,
787 889 1014 940 vindemia,
1047 889 1175 940 calor,
1206 889 1362 945 frigus:
1402 889 1614 946 singulare
1643 890 1790 929 autem·

366 953 444 994 est,
472 944 584 998 quod
609 945 750 1000 aliqua
778 946 830 986 de
852 961 979 987 causa
1002 947 1199 1001 privatim
1222 947 1328 987 solet
1359 945 1484 987 alicui
1511 946 1717 997 accidere,
1740 955 1787 986 ut

306 998 352 1032 41
369 1002 545 1056 nuptiae,
568 1002 838 1053 sacrificium,
862 1003 1002 1054 funus,
1022 1003 1283 1054 convivium,
1306 1017 1492 1045 somnus,
1527 1003 1687 1044 Modus
1709 1012 1787 1054 est,

367 1059 408 1098 in
434 1072 536 1113 quo,
557 1060 933 1113 quemadmodum,
955 1070 997 1101 et
1017 1075 1103 1115 quo
1129 1060 1272 1100 animo
1295 1059 1456 1100 factum
1479 1061 1547 1111 sit,
1566 1061 1785 1116 quaeritur.

367 1114 471 1170 Ejus·
503 1126 641 1172 partes
681 1127 792 1168 sunt,
829 1118 1056 1173 prudentia
1093 1126 1137 1158 et
1168 1116 1468 1173 imprudentia.
1541 1116 1785 1158 Prudentiae

364 1173 472 1213 ratio
494 1174 700 1228 quaeritur
718 1189 771 1215 ex
796 1175 859 1225 iis,
879 1189 974 1229 quae
998 1174 1121 1225 clam,
1142 1174 1295 1231 palam,
1311 1174 1367 1224 vi,
1381 1173 1654 1230 persuasione
1676 1173 1787 1216 fece-

361 1230 439 1271 rit:
488 1230 776 1286 imprudentia
814 1242 955 1273 autem
992 1232 1034 1272 in
1064 1232 1363 1288 purgationem
1398 1230 1630 1282 confertur,
1665 1231 1788 1286 cujus

362 1297 504 1342 partes
537 1297 636 1328 sunt
661 1289 898 1340 inscientia,
928 1304 1064 1339 casus,
1095 1289 1337 1339 necessitas,
1369 1297 1413 1329 et
1442 1289 1486 1329 in
1515 1287 1786 1330 affectionem

365 1344 511 1395 animi,
534 1345 617 1386 hoe
643 1356 720 1397 est,
752 1347 1004 1396 molestiam,
1037 1346 1313 1396 iracundiam,
1336 1360 1539 1396 amorem,
1561 1354 1604 1387 et
1632 1356 1787 1396 cetera,

365 1416 461 1456 quae
490 1403 531 1443 in
555 1403 681 1443 simili
705 1418 859 1460 genere
881 1413 1116 1444 versantur.
1184 1403 1425 1444 Facultates
1457 1410 1569 1454 sunt,
1599 1411 1673 1444 aut
1694 1403 1789 1458 qui-

367 1459 445 1499 bus
468 1458 633 1500 facilius
656 1461 718 1511 fit,
741 1470 814 1501 aut
833 1461 922 1501 sine
940 1461 1094 1516 quibus
1116 1460 1275 1515 aliquid
1297 1459 1452 1501 confici
1475 1474 1560 1501 non
1584 1469 1740 1515 potest.

285 1505 353 1554 98
421 1515 689 1572 Adjunetum
710 1526 853 1558 autem
877 1519 1052 1574 negotio
1076 1517 1116 1558 id
1140 1517 1406 1573 intelligitur,
1431 1517 1545 1573 quod
1567 1516 1787 1572 majuS,'et

365 1574 478 1628 quod
500 1575 655 1625 minus,
669 1584 712 1615 et
730 1575 843 1629 quod
867 1575 1003 1616 simile
1024 1575 1105 1616 erit
1122 1575 1159 1615 ei
1182 1575 1373 1630 negotio,
1392 1587 1477 1630 quo
1495 1574 1548 1615 de
1566 1575 1722 1630 agitur,
1743 1584 1787 1615 et

364 1631 477 1685 quod
493 1645 843 1687 aequemagnum,
857 1641 899 1673 et
917 1632 1031 1688 quod
1042 1632 1316 1683 contrarium,
1330 1640 1373 1672 et
1382 1631 1497 1687 quod
1510 1631 1786 1687 disparatum,

324 1691 408 1728 b·et
430 1701 578 1744 genus,
600 1698 643 1729 et
665 1703 775 1744 parS,
794 1698 836 1730 et
854 1700 1045 1730 eventus.
1081 1689 1227 1745 Majus
1249 1698 1293 1730 et
1313 1688 1469 1739 minus,
1491 1696 1534 1729 et
1555 1703 1676 1743 aeque
1698 1703 1787 1729 ma-

369 1759 514 1800 gnum,
528 1760 582 1786 ex
605 1745 717 1795 vi,et
738 1761 791 1786 ex
812 1761 1002 1798 numero,
1017 1756 1058 1788 et
1077 1761 1131 1788 ex
1151 1747 1290 1803 figura
1310 1745 1489 1801 negotii,
1503 1746 1613 1787 sicut
1631 1760 1685 1786 ex
1705 1754 1788 1786 sta-

307 1802 356 1836 4‘2
370 1812 462 1842 tura
481 1803 687 1859 corporiS,
706 1804 1011 1845 consideratur.
1052 1804 1199 1845 Simile
1220 1812 1363 1844 autem
1386 1807 1421 1834 81
1435 1817 1489 1843 ex
1510 1802 1651 1859 speeie
1672 1817 1789 1843 com-

367 1859 559 1915 parabili,
589 1869 663 1900 aut
683 1875 737 1901 ex
759 1861 1019 1902 conferenda
1039 1870 1166 1916 atque
1199 1859 1485 1901 assimulanda
1505 1870 1657 1901 natura
1670 1859 1789 1915 judi-

366 1927 501 1958 catur.
543 1916 819 1958 Contrarium
840 1928 918 1969 est,
940 1919 1056 1974 quod
1078 1919 1266 1975 positum
1289 1918 1332 1959 in
1355 1931 1509 1974 genere
1529 1916 1712 1968 diverso,
1735 1918 1789 1958 ab

365 1974 527 2025 eodem,
568 1976 636 2015 cui
671 1975 933 2016 contrarium
971 1990 1061 2017 esse
1094 1976 1265 2027 dicitur,
1298 1974 1529 2031 plurimum
1562 1974 1707 2025 distat,
1740 1984 1788 2015 ut

363 2031 497 2087 frigus
527 2031 672 2083 calori,
699 2033 800 2073 vitae
830 2047 959 2073 mors.
1021 2033 1300 2089 Disparatum
1325 2040 1470 2072 autem
1495 2040 1560 2073 est
1585 2031 1642 2082 id,
1673 2031 1789 2086 quod

363 2089 416 2128 ab
443 2088 583 2143 aliqua
614 2103 658 2128 re
697 2103 773 2144 per
804 2091 1124 2145 oppositionem
1157 2088 1398 2144 negationis
1438 2097 1670 2144 separatur,
1705 2087 1802 2129 hoc.

361 2146 511 2186 modo:
544 2159 689 2201 sapere
715 2155 758 2185 et
785 2160 871 2186 non
907 2161 1066 2202 sapere.
1128 2146 1276 2187 Genus
1299 2154 1377 2196 est,
1401 2145 1517 2200 quod
1543 2154 1683 2202 partes
1713 2145 1787 2186 ali*-

361 2216 464 2256 quas
497 2203 782 2257 amplectitur,
813 2212 859 2243 ut
886 2204 1113 2259 cupiditas.
1177 2203 1279 2244 Pars
1310 2211 1388 2253 est,
1416 2217 1512 2257 quae
1544 2203 1690 2243 subest
1715 2216 1790 2258 ge-

360 2259 464 2309 neri,
488 2267 534 2299 ut
563 2273 696 2310 amor,
720 2260 913 2300 avaritia.
975 2259 1164 2301 Eventus
1197 2269 1263 2300 est
1284 2259 1466 2315 alicujus
1491 2259 1632 2300 exitus
1655 2273 1787 2316 nego-

361 2316 423 2367 tii,
447 2316 490 2356 in
512 2330 595 2370 quo
618 2317 753 2372 quaeri
776 2317 897 2367 solet,
921 2317 1024 2372 quid
1046 2332 1099 2358 ex
1122 2331 1292 2373 quaque
1314 2331 1358 2357 re
1379 2317 1582 2367 evenerit,
1604 2318 1791 2367 eveniat,
1823 2349 1825 2352 Α

359 2376 660 2415 82eventurum
694 2374 763 2414 sit.
845 2374 989 2421 Quare
1024 2374 1106 2416 hoe
1140 2376 1182 2416 in
1217 2388 1386 2430 genere,
1420 2383 1468 2415 ut
1505 2373 1788 2425 commodius,

353 2527 442 2557 libris
475 2526 515 2557 ad
551 2526 756 2557 Herennium
785 2526 830 2556 sic
857 2529 917 2556 est.
961 2526 1049 2566 Ergo

353 2568 406 2598 ubi
433 2569 466 2598 in
496 2568 585 2598 libris
610 2568 801 2608 quibusdam
833 2568 935 2608 reperi
961 2570 1050 2599 abes-

353 2619 402 2640 se:
426 2610 527 2640 delevi
552 2612 651 2640 etiam
674 2611 817 2641 tacitus:
840 2610 926 2649 quod
948 2611 1048 2641 semel

354 2653 515 2682 monuisse
543 2658 594 2682 sat
614 2653 696 2691 erit;
725 2654 802 2692 quia
829 2662 878 2683 res
904 2657 954 2683 est
982 2662 1049 2683 non

354 2704 483 2733 magna.

395 2740 429 2767 81
459 2736 514 2767 Es
539 2737 639 2776 specie
672 2738 893 2776 comparabili,
923 2742 983 2767 aut
1009 2748 1049 2767 ex·

352 2777 433 2818 emis.
448 2783 543 2818 atque
556 2779 778 2808 assimulanda
793 2781 943 2819 natura]
966 2778 1048 2809 Haec

351 2827 399 2851 est
422 2821 518 2851 lectio
537 2820 607 2850 edd.
631 2826 710 2850 vett.
740 2821 800 2850 nisi
823 2822 908 2860 quod
935 2822 1048 2851 vitiose

350 2863 564 2894 assimilanda
589 2862 723 2900 habent,
756 2866 793 2893 ut
829 2864 1022 2895 recentiores
1034 2875 1047 2902 3

1091 2537 1149 2567 pro
1177 2536 1216 2557 ez·
1251 2536 1297 2566 sp.
1327 2526 1548 2566 comparabili,
1575 2525 1792 2565 comparabile

1092 2573 1203 2599 autem
1225 2579 1265 2598 es
1285 2567 1368 2608 conf.
1391 2567 1476 2607 quod
1498 2577 1538 2598 ne
1558 2568 1698 2607 intelligi
1720 2569 1791 2607 qui·

1091 2611 1163 2641 dem
1187 2611 1264 2641 satis
1287 2615 1405 2652 potest.
1449 2609 1671 2640 Consentiunt
1690 2610 1791 2648 multi

1091 2653 1164 2683 libri
1187 2653 1311 2693 scripti,
1330 2653 1364 2683 in
1383 2652 1433 2683 his
1455 2652 1517 2682 Gu.
1540 2654 1570 2683 2.
1595 2652 1629 2682 in
1652 2661 1716 2691 quo
1739 2657 1791 2682 ta·

1093 2704 1167 2725 meu
1203 2694 1344 2734 spatium
1373 2703 1510 2724 vacuum
1547 2694 1698 2724 relictum
1725 2699 1789 2733 est.

1090 2737 1179 2767 velut
1193 2736 1315 2775 aliquid
1329 2736 1484 2766 omissum
1499 2736 1551 2774 sit.

1132 2781 1172 2811 82
1194 2779 1404 2810 Eventurum
1417 2778 1484 2818 sit-J
1526 2777 1610 2809 Dedi
1625 2787 1683 2818 pro
1698 2777 1788 2808 evenss

1090 2824 1265 2859 rarumque
1285 2821 1344 2854 sit;
1367 2820 1452 2859 quod
1478 2820 1547 2850 sine
1570 2819 1669 2850 dubio
1693 2819 1789 2848 vitio·

1090 2872 1162 2894 sum
1189 2868 1247 2904 est.
1293 2862 1451 2894 Ineliuavi
1475 2863 1509 2893 in
1536 2866 1789 2893 eventurumvee
