1945 3235
315 117 395 154 494
913 114 1192 155 BRUTUS.

317 217 403 259 ulla
434 217 496 259 vis
528 225 656 275 atque
687 218 931 262 contentio:
965 220 1054 261 sive
1088 218 1284 270 consilio,
1317 218 1431 274 quod
1464 233 1551 270 eos,
1583 231 1765 275 quorum

317 275 444 316 altior
466 276 621 329 oratio,
643 277 844 333 actioque
867 281 977 319 esset
1000 277 1233 327 ardentior,
1256 275 1395 317 furere
1416 286 1460 317 et
1479 277 1680 318 bacchari
1699 292 1765 318 ar·-

319 333 564 386 bitraretur,
586 334 690 385 sive,
710 336 825 391 quod
847 346 998 377 natura
1021 350 1105 376 non
1130 344 1241 376 esset
1263 334 1323 375 ita
1346 334 1500 385 factus,
1523 335 1627 385 sive,
1650 330 1767 390 quod

318 405 403 432 non
428 404 688 443 consuesset,
709 394 811 444 sive,
832 394 946 448 quod
967 408 1051 434 non
1075 401 1231 449 posset.
1255 392 1336 432 hoc
1359 407 1491 432 unum
1516 391 1591 442 illi,
1609 391 1642 432 si
1658 391 1768 433 nihil

227 462 307 502 277
322 448 518 491 utilitatis
534 449 736 501 habebat,
751 450 911 492 abfuit:
932 451 964 491 si
981 466 1088 508 opus
1102 459 1207 501 erat,
1221 449 1375 491 defuit.
1409 449 1662 496 Quinetiam
1678 463 1766 490 me-

319 507 553 558 mini,cum
578 508 619 548 in
637 509 911 549 accusatione
934 523 1010 549 sua
1027 509 1084 556 Q.
1100 508 1245 550 Gallio
1267 507 1437 549 crimini
1458 507 1660 557 dedisset,
1683 507 1766 548 sibi

316 579 413 605 eum
430 580 639 606 venenum
656 565 884 621 paravisse,
900 565 1026 620 idque
1041 582 1065 607 a
1078 582 1121 608 se
1137 581 1228 607 esse
1244 564 1573 621 deprehensum,
1591 579 1766 620 seseque

317 621 623 679 chirographa,
644 623 986 674 testificationes,
1010 624 1183 675 indicia,
1200 623 1477 679 quaestiones,
1497 621 1769 664 manifestam

316 694 422 730 rem,
445 680 609 721 deferre
631 680 806 730 diceret,
830 681 968 736 deque
990 695 1041 721 eo
1064 681 1243 722 crimine
1265 691 1463 722 accurate
1486 690 1528 721 et
1547 680 1764 736 exquisite

317 737 645 793 disputavisset:
679 753 746 778 me
782 738 821 778 in
858 738 1173 794 respondendo,
1202 754 1301 779 cum
1330 753 1465 779 essem
1489 748 1767 795 argumenta·

321 804 403 845 tus,
426 806 635 850 quantuni
661 811 724 836 res
748 795 938 846 ferebat3
965 796 1047 837 hoc
1070 796 1211 851 ipsum
1234 796 1364 836 etiam
1383 796 1576 852 posuisse
1599 810 1678 852 pro
1700 810 1767 836 ar-

319 862 542 908 gumento,
575 854 690 909 quod
724 853 808 903 ille,
838 868 937 894 cum
970 862 1134 909 pestem
1170 853 1325 910 capitis
1357 853 1437 904 sui,
1468 868 1567 894 cum
1602 853 1764 895 indicia

319 911 484 961 mortis,
521 926 565 952 se
591 911 852 967 comperisse
890 911 1134 961 manifesto,
1169 920 1212 952 et
1245 925 1371 951 manu
1405 920 1548 952 tenere
1585 911 1764 963 diceret,

228 983 305 1023 273
320 978 406 1017 tam
431 968 568 1010 solute
598 969 771 1024 egisset,
795 978 883 1009 tam
914 968 1081 1020 leniter,
1116 979 1203 1010 tam
1238 969 1488 1009 oscitanter.
1553 967 1614 1009 Tu
1646 968 1763 1020 istuc,

319 1024 377 1065 M
378 1057 386 1065 .
414 1024 568 1078 Calidi,
592 1026 670 1067 nisi
675 1026 872 1083 fingereS,
887 1026 942 1068 sic
964 1026 1131 1084 ageres?
1163 1028 1203 1058 86
1207 1026 1433 1082 praesertim
1463 1040 1553 1066 cum
1584 1025 1663 1066 ista
1681 1025 1763 1067 elo-

315 1084 483 1139 quentia
517 1084 745 1126 alienorum
778 1084 984 1126 hominum
1012 1083 1200 1139 pericula
1233 1082 1447 1140 defendere
1479 1083 1675 1124 acerrime
1702 1099 1765 1124 so-

314 1141 409 1192 leas,
433 1148 547 1184 tuum
569 1141 821 1200 negligeres?
852 1142 922 1183 uhi
944 1140 1091 1183 dolor?
1121 1142 1193 1183 ubi
1222 1141 1348 1183 ardor
1369 1141 1513 1192 animi,
1536 1140 1607 1197 qui
1639 1140 1764 1183 etiam

313 1213 361 1240 ex
382 1197 607 1256 bysantium
629 1200 803 1257 ingeniis
821 1199 961 1241 elicere
982 1215 1093 1242 voces
1114 1207 1152 1242 et
1174 1199 1356 1256 querelas
1375 1197 1504 1241 solet?
1535 1198 1651 1250 nulla
1665 1213 1764 1255 per-

314 1257 498 1299 turbatio
521 1258 664 1310 animi,
688 1257 803 1299 nullu
825 1257 1017 1313 corporis,
1026 1256 1155 1315 frons
1176 1273 1256 1299 non
1272 1272 1476 1313 percussu,
1499 1271 1580 1297 non
1587 1255 1763 1314 femur:

306 1313 424 1370 pedis
453 1316 587 1372 (quod
622 1316 835 1357 minimum
868 1320 947 1365 est)
979 1316 1093 1357 nulla
1131 1315 1347 1372 supplosio.
1410 1314 1562 1371 Itaque
1600 1321 1762 1356 tantum

312 1371 466 1429 algf'uit,
497 1381 540 1415 ut
563 1373 835 1428 itfiammures
861 1380 1014 1414 nostros
1046 1374 1226 1423 animos,-
1256 1388 1437 1414 somnum
1470 1373 1544 1414 isto
1578 1371 1663 1414 loco
1695 1373 1765 1414 vix

314 1430 559 1472 tenebamus.
622 1432 694 1473 Sic
729 1447 805 1473 nos
840 1431 994 1472 summi
1020 1431 1201 1472 oratoris
1239 1431 1302 1472 vel
1327 1433 1525 1482 sanitate,
1551 1430 1614 1471 vel
1641 1430 1763 1482 vitio,

224 1516 302 1556 279
317 1503 393 1544 pro
413 1501 670 1546 argumento
691 1489 745 1530 ad
767 1489 1016 1530 diluendum
1037 1490 1197 1530 crimen
1225 1489 1286 1529 usi
1311 1504 1471 1529 sumus.
1514 1487 1624 1528 Tum
1650 1488 1762 1530 Bru-

316 1557 399 1597 tus,
431 1549 466 1580 87
484 1546 629 1602 Atque
657 1547 922 1597 dubitamus,
954 1546 1110 1602 inquit,
1144 1557 1287 1587 utrum
1320 1546 1402 1587 ista
1433 1545 1592 1587 sanitas
1614 1545 1761 1598 fuerit,

313 1618 367 1644 an
394 1604 571 1647 vitium?
602 1605 698 1661 quis
730 1605 844 1645 enim
878 1619 962 1645 non
989 1603 1189 1655 fateatur,
1210 1619 1309 1645 cum
1342 1618 1396 1644 ex
1432 1604 1634 1644 omnibus
1665 1619 1760 1645 ora-

313 1661 419 1702 toris
442 1661 641 1704 laudibus
658 1662 785 1718 longe
809 1662 890 1703 ista
913 1662 968 1702 sit
990 1662 1197 1712 maxima,
1220 1662 1488 1702 inflammare
1504 1661 1672 1702 animos
1685 1676 1761 1710 au-

311 1719 539 1772 dientium,
566 1731 624 1772 et,
663 1734 938 1776 quocumque
970 1735 1034 1761 res
1067 1719 1256 1775 postulet
1288 1719 1431 1770 modo,
1467 1719 1654 1769 flectere,
1685 1720 1759 1775 qui

311 1776 394 1818 hac
424 1779 584 1820 virtute
606 1779 806 1830 caruerit,
828 1778 871 1819 id
894 1778 948 1828 ei,
971 1778 1087 1833 quod
1111 1778 1350 1819 maximum
1376 1776 1520 1828 fuerit,
1543 1775 1759 1820 defuisse?

229 1842 295 1891 81
314 1834 381 1876 Sit
401 1850 502 1877 sane
533 1837 606 1888 ita,
630 1836 828 1892 inquam:
863 1836 934 1876 sed
966 1836 1188 1877 redeamus
1220 1835 1272 1876 ad
1302 1850 1417 1886 eum,
1438 1834 1624 1890 quijam
1646 1850 1757 1876 unus

312 1901 458 1945 restat,
475 1893 782 1935 Hortensium:
804 1903 894 1934 tum
910 1893 962 1934 de
984 1893 1322 1950 nobismetipsis,
1335 1894 1541 1949 quoniam
1556 1893 1595 1934 id
1611 1893 1758 1944 etiam,

312 1950 462 2002 Brute,
494 1952 700 2008 postulas,
725 1966 862 2009 pauca
893 1951 1100 2003 dicemus,
1123 1965 1385 2007 quamquam
1418 1950 1617 1992 facienda
1638 1965 1759 1991 men-

308 2008 369 2049 tio
392 2018 470 2060 est,
488 2019 536 2051 ut
556 2010 731 2066 quidem
756 2009 859 2051 mihi
887 2009 1267 2060 videtur‚duorum
1289 2008 1648 2050 adolescentium:
1682 2008 1757 2064 qui

308 2066 341 2106 si
365 2067 527 2109 diutius
553 2068 776 2120 vixissent,
798 2081 1001 2124 magnam
1015 2076 1158 2109 essent
1179 2066 1439 2123 eloquentiae
1464 2066 1632 2107 laudem
1651 2072 1758 2108 con-

309 2134 462 2165 secuti.
1118 2168 1120 2171 ,

216 2195 297 2231 280
367 2181 418 2223 C.
443 2181 679 2224 Curionem
714 2191 770 2234 te,
804 2182 946 2238 inquit
979 2182 1155 2235 Brutus,
1179 2191 1222 2224 et
1256 2181 1308 2225 C.
1331 2181 1545 2224 Licinium
1571 2181 1756 2224 Calvum

307 2239 492 2281 arbitror
528 2240 686 2282 dicere.
749 2240 900 2292 Recte,
932 2241 1124 2296 inquam,
1157 2240 1404 2282 arbitraris:
1437 2254 1621 2295 quorum
1659 2240 1756 2295 qui-

305 2296 402 2338 dem
428 2298 548 2348 alter,
580 2301 619 2330 88
633 2298 768 2354 (quod
802 2298 1030 2340 verisimile
1060 2299 1277 2349 dixisset)
1300 2298 1359 2339 ita
1381 2297 1508 2339 facile
1531 2298 1755 2352 soluteque

307 2356 447 2397 verbis
472 2356 673 2397 volvebat
695 2356 797 2397 satis
817 2356 1034 2398 interdum
1057 2366 1219 2409 acutas,
1242 2356 1412 2398 crebras
1433 2356 1608 2411 quidem
1637 2367 1754 2396 certe

348 2504 388 2533 86
406 2504 590 2544 prasertim
614 2502 931 2542 cum—negligeres]
969 2501 1008 2533 In

303 2545 367 2576 hoc
389 2546 461 2576 loco
482 2551 531 2576 est
554 2546 679 2585 aliquid
704 2545 789 2582 duri,
816 2545 903 2585 qnod
931 2556 1007 2576 eum

304 2589 386 2619 mihi
402 2588 441 2618 de
458 2589 538 2618 vitio
553 2595 741 2628 suspectum
759 2587 898 2618 reddidit
910 2600 920 2619 ς
946 2598 1005 2618 nec

302 2631 391 2661 enim
405 2629 484 2660 ordo
497 2636 673 2660 structurae
688 2630 766 2660 satis
777 2635 919 2661 constat.
944 2630 1007 2661 Sed

301 2673 380 2712 quid
408 2673 436 2703 ei
461 2673 592 2709 faciam,
623 2672 749 2703 nescio:
791 2683 849 2703 nec
889 2673 1005 2713 reperi,

301 2715 389 2755 quod
416 2715 444 2746 ei
475 2715 519 2745 rei
548 2715 727 2747 medeatur.
771 2715 900 2746 Vitium
937 2725 1006 2746 esse

300 2759 448 2798 suspicor
459 2758 492 2788 in
503 2758 698 2797 proesertim.

344 2804 383 2835 87
406 2801 512 2841 Atque
534 2800 736 2839 dubitamus]
771 2800 823 2830 Sic
849 2810 910 2841 pro
935 2799 1006 2830 vul-

300 2847 379 2882 gato
404 2844 496 2884 atqui
518 2842 602 2873 edidi
617 2853 657 2873 ex
681 2842 753 2873 edd.
770 2853 818 2883 pr.
863 2842 923 2873 Est
939 2852 1007 2872 me-

299 2885 375 2923 lius,
391 2886 467 2926 quia
480 2884 532 2916 hic
547 2895 637 2916 mera
651 2885 805 2916 transitio
825 2890 887 2924 est,
902 2885 955 2915 cui
970 2885 1006 2915 in

1050 2502 1212 2543 principio
1235 2501 1321 2543 apud
1338 2502 1528 2533 Ciceronem
1553 2511 1639 2542 saepe
1653 2502 1756 2534 servit

1052 2551 1163 2585 tuque,-
1180 2551 1213 2575 et
1230 2545 1315 2584 apud
1330 2544 1428 2575 alios:
1444 2542 1571 2575 Notum
1585 2544 1669 2575 illud
1680 2545 1755 2576 Vir-

1049 2589 1133 2628 gilii:
1160 2588 1208 2618 Et
1231 2588 1420 2618 dubitamus
1441 2587 1550 2618 adhue
1563 2586 1674 2627 jhc-tis
1698 2598 1754 2618 ex-

1050 2631 1183 2661 tendere
1181 2629 1334 2670 famum.

1092 2675 1132 2704 88
1165 2671 1250 2712 quod
1283 2671 1458 2702 verisimile
1484 2671 1632 2711 dixisset]
1672 2672 1755 2704 Haec

1048 2725 1110 2754 ego
1126 2725 1191 2745 non
1208 2712 1372 2754 intellig0‚
1389 2724 1448 2745 nec
1463 2714 1545 2744 bene
1558 2714 1755 2754 interpreta-

1049 2762 1105 2788 tur
1119 2756 1294 2793 Corradus,
1305 2756 1358 2796 qui
1369 2757 1409 2788 ad
1419 2757 1623 2787 narrationes
1637 2757 1756 2795 refert;

1051 2801 1161 2831 nescio
1186 2799 1361 2840 quomodo,
1389 2809 1464 2830 cum
1492 2799 1531 2830 de
1557 2799 1595 2830 iis
1622 2809 1689 2829 non
1711 2799 1755 2830 sit

1048 2852 1167 2873 sermo.
1224 2842 1377 2873 Turbant
1408 2847 1520 2872 autem
1547 2846 1753 2872 contextum.

1049 2885 1156 2917 Credo
1168 2894 1237 2917 esse
1249 2885 1360 2926 spuria
1372 2889 1406 2916 et
1420 2884 1552 2916 aliunde
1567 2885 1706 2916 intrusa.
