1945 3235
275 156 352 191 252
802 150 884 189 DE
910 149 1198 189 ORATORE

193 265 268 299 120
279 255 378 297 dere
400 270 486 297 non
509 261 666 312 potest.
717 254 780 297 Ut
797 255 910 297 enim
934 256 1115 311 quisque
1137 256 1301 313 optime
1321 253 1517 306 dicit‚ita
1534 254 1723 297 maxime

281 313 449 353 dicendi
483 311 797 363 difficultatem,
836 313 1061 368 variosque
1103 325 1280 355 eventus
1318 313 1540 363 orationis,
1569 326 1722 369 exspe-

169 370 604 426 p.95.ctationemque
638 369 860 410 hominum
895 371 1173 426 pertimescit.
1235 371 1321 417 Qui
1356 384 1454 411 vero
1486 369 1593 411 nihil
1627 378 1724 427 pot-

241 433 347 468 ³·est
367 427 548 484 dignum
572 441 629 477 re,
652 427 830 483 dignum
867 427 1039 468 nomine
1071 428 1266 478 oratoris,
1288 428 1466 483 dignum
1499 426 1724 468 hominum

283 485 458 539 auribus
480 486 649 526 efficere
671 496 799 540 atque
821 484 958 535 edere,
983 485 1016 525 is
1041 485 1160 536 mihi,
1182 485 1401 526 93etiamsi
1426 493 1724 526 commovetur

283 541 327 582 in
350 542 548 592 diceudo,
571 552 713 582 tamen
746 542 970 597 impudens
994 542 1173 583 videtur.
1238 542 1338 583 Non
1369 542 1485 583 enim
1509 541 1724 598 pudendo,

283 599 354 640 sed
380 614 466 640 non
496 599 694 640 faciendo
731 598 789 650 id,
819 599 934 653 quod
965 613 1049 640 non
1081 600 1218 650 decet,
1252 599 1533 655 impudentiae
1566 613 1725 640 nomen

198 656 472 712 121effugere
507 657 727 697 debemus.
801 656 942 702 Quem
986 671 1086 697 vero
1127 672 1211 697 non
1257 658 1388 713 pudet
1429 656 1491 710 (id
1530 656 1646 711 quod
1681 655 1727 697 in

284 713 495 770 plerisque
530 713 674 763 video)
704 712 819 754 hunc
852 727 934 768 ego
967 728 1053 753 non
1094 714 1423 770 reprehensione
1461 713 1614 764 solum,
1652 712 1727 755 sed

282 773 412 812 etiam
437 785 570 827 poena
601 770 782 826 dignum
817 780 937 826 puto.
999 767 1209 826 Equidem
1245 774 1298 812 et‘
1320 772 1362 812 in
1390 771 1510 812 vobis
1532 770 1726 812 animad-

284 837 448 869 vertere
481 827 612 878 soleo,
648 838 692 868 et
719 827 818 868 9⁴'m
851 842 919 868 me
942 826 1035 883 ipso
1070 829 1305 884 saepissime
1334 829 1547 885 experior,
1582 837 1628 870 ut
1647 842 1725 868 ex-

283 885 497 926 albescam
528 885 568 925 in
602 884 826 941 principiis
848 884 1034 935 dicendi,
1063 895 1106 925 et
1128 896 1219 926 tota
1250 896 1406 937 mente,
1438 895 1566 941 atque
1588 885 1728 926 omni-

285 942 365 983 bus
401 943 578 983 artubus
609 941 955 983 contremiscam.
1026 941 1384 983 Adolescentulus
1418 957 1518 983 vero
1556 942 1728 984 sicini-

286 1000 348 1040 tio
381 999 667 1040 accusationis
700 999 973 1040 exanimatus
1003 1014 1112 1051 sum,
1147 1009 1194 1041 ut
1227 999 1310 1041 hoc
1341 1014 1555 1041 summum
1598 1001 1727 1042 bene-

286 1056 433 1098 ficium
467 1057 523 1104 Q.
548 1055 750 1097 Maximo
781 1055 1017 1107 debuerim,
1039 1057 1152 1112 quod
1185 1057 1392 1098 continuo
1414 1057 1641 1098 consilium
1662 1057 1729 1098 di-

285 1115 465 1166 miserit,
488 1113 666 1155 simulac
689 1128 757 1154 me
779 1111 964 1155 fractum
987 1129 1036 1155 ac
1058 1114 1329 1156 debilitatum
1354 1124 1468 1155 metu
1489 1114 1658 1156 viderit.

201 1188 273 1223 1242
345 1171 434 1214 Hic
465 1186 613 1212 omnes
646 1174 685 1206 95
699 1171 874 1221 assensi,
909 1170 1152 1227 significare
1185 1172 1295 1212 inter
1331 1173 1435 1223 sese,
1462 1180 1506 1213 et
1539 1171 1727 1227 colloqui

286 1239 529 1285 coeperunt.
554 1229 636 1270 fuit
657 1229 772 1269 euim
795 1229 1001 1270 mirificus
1031 1230 1205 1284 quidam
1233 1230 1275 1270 in
1300 1229 1454 1270 Crasso
1477 1229 1630 1286 pudor,
1652 1229 1727 1284 qui

289 1297 431 1328 tamen
453 1302 538 1328 non
563 1286 692 1327 modo
723 1301 809 1328 non
833 1287 1003 1328 obesset
1034 1287 1126 1342 ejus
1159 1287 1358 1338 orationi,
1382 1287 1453 1328 sed
1476 1286 1606 1328 etiam
1629 1300 1728 1343 pro·

204 1348 274 1404 27
289 1345 436 1386 bitatis
459 1344 834 1385 commendatione
856 1345 1090 1400 prodesset.
1131 1341 1243 1385 Tum
1265 1344 1497 1396 Antonius,
1521 1344 1662 1400 Saepe,
1680 1353 1729 1386 ut

287 1401 411 1454 dicis,
433 1402 589 1458 inquit,
618 1400 917 1452 animadverti,
941 1401 1108 1453 Crasse,
1138 1412 1181 1442 et
1204 1411 1260 1453 te,
1282 1411 1326 1442 et
1351 1411 1515 1443 ceteros
1537 1415 1728 1444 summos

286 1469 492 1510 oratoreS,
528 1474 789 1515 quamquam
827 1459 906 1500 tibi
943 1474 1033 1515 par,
1073 1474 1168 1500 mea
1209 1459 1434 1509 sententia,
1470 1473 1597 1500 nemo
1634 1473 1727 1500 um-

199 1532 272 1567 123
286 1531 414 1572 quam
438 1516 534 1567 fuit,
569 1520 612 1557 in
644 1516 815 1558 dicendi
852 1517 1031 1558 exordio
1066 1517 1319 1572 permoveri.
1381 1515 1518 1571 Cujus
1552 1516 1727 1572 quidem

286 1575 343 1616 rei
365 1589 464 1615 cum
487 1589 659 1615 causam
678 1588 929 1629 quaererem,
951 1574 1157 1630 quidnam
1181 1583 1306 1625 esset,
1328 1588 1418 1624 cur,
1436 1573 1477 1608 96
1494 1583 1542 1614 ut
1563 1574 1606 1614 in
1622 1588 1731 1628 quo-

282 1647 366 1688 que
396 1640 565 1673 oratore
600 1632 832 1687 plurimum
865 1642 991 1683 esset,
1014 1632 1074 1672 ita
1105 1631 1293 1672 maxime
1326 1631 1361 1672 is
1391 1631 1726 1687 pertimesceret,

282 1689 359 1730 has
388 1704 536 1731 causas
571 1689 844 1730 inveniebam
869 1689 995 1731 duas:
1029 1702 1172 1740 unam,
1207 1689 1323 1745 quod
1356 1687 1646 1744 intelligerent
1679 1688 1726 1740 ii,

282 1762 391 1802 quos
416 1761 513 1787 usus
549 1761 598 1788 ac
632 1757 786 1787 natura
817 1746 1048 1798 docuisset,
1081 1761 1405 1801 nonnumquam
1435 1746 1612 1787 summis
1631 1760 1726 1786 ora-

283 1805 450 1845 toribus
474 1819 559 1845 non
593 1805 694 1845 satis
717 1819 770 1844 ex
802 1805 1013 1845 sententia
1049 1813 1255 1845 eventurn
1288 1803 1460 1845 dicendi
1483 1802 1729 1860 procedere.

283 1861 346 1903 ita
367 1877 454 1903 non
477 1861 649 1916 injuria,
672 1861 1012 1917 quotiescunque
1043 1862 1249 1912 dicerent,
1281 1861 1339 1913 id,
1361 1861 1475 1916 quod
1497 1860 1729 1916 aliquando

199 1932 272 1968 124
286 1930 429 1976 posset
451 1919 659 1970 accidere,
682 1934 735 1960 ne
758 1929 849 1960 tum
880 1919 1108 1970 accideret,
1139 1919 1304 1959 timere.
1363 1918 1511 1959 Altera
1532 1927 1602 1970 est*
1619 1918 1729 1969 haec,

285 1977 337 2018 de
366 1992 451 2032 qua
482 1977 602 2032 queri
637 1991 752 2032 saepe
785 1976 920 2028 sole03
952 1986 1191 2018 ceterarum
1225 1975 1421 2016 homines
1452 1975 1608 2017 artium
1631 1989 1728 2031 spe·

285 2034 391 2075 etati
427 2044 470 2075 et
503 2034 690 2090 probati,
728 2033 762 2074 si
798 2035 970 2089 quando
1000 2034 1162 2089 aliquid
1198 2034 1338 2074 minus
1374 2034 1482 2074 bene
1517 2032 1726 2083 fecerunt,

283 2106 411 2148 quam
436 2091 588 2142 solent,
610 2100 685 2132 aut
706 2090 906 2141 noluisse,
937 2100 1011 2131 aut
1042 2091 1284 2132 valetudine
1316 2089 1510 2146 impediti
1544 2103 1629 2130 non
1655 2104 1731 2146 po-

285 2149 417 2190 tuisse
440 2149 660 2204 consequi,
684 2149 725 2189 id
750 2149 864 2204 quod
889 2149 1060 2199 scirent,
1077 2158 1305 2204 putantur:
1338 2147 1491 2197 noluit,
1511 2146 1728 2202 inquiunt,

200 2209 273 2244 1‘25
287 2205 415 2247 hodie
437 2221 562 2262 agere
590 2204 797 2257 Roscius3
829 2215 916 2257 aut,
939 2206 1111 2247 crudior
1142 2205 1246 2247 fuit:
1283 2204 1463 2245 oratoris
1487 2214 1728 2260 peccatum,

287 2263 321 2304 si
344 2264 458 2319 quod
481 2274 545 2304 est
564 2263 922 2313 animadversum,
939 2263 1134 2304 stultitiae
1154 2271 1379 2319 peccatum
1399 2262 1580 2303 videtur.
1613 2261 1729 2302 Stul-

287 2321 385 2362 titia
417 2331 561 2362 autem
591 2321 916 2362 excusationem
950 2336 1035 2361 non
1067 2320 1222 2362 habet:
1255 2320 1355 2375 quia
1385 2334 1512 2360 nemo
1544 2317 1727 2369 videtur,

287 2388 362 2419 aut
383 2379 485 2434 quia
505 2378 661 2419 crudus
684 2377 827 2427 fu‘erit,
850 2388 923 2419 aut
944 2378 1059 2433 quod
1084 2379 1143 2418 ita
1166 2376 1376 2427 maluerit,
1400 2376 1555 2417 stultus
1577 2375 1723 2416 fuisse.

289 2436 390 2482 Quo
412 2437 540 2476 etiam
565 2437 736 2492 gravius
753 2435 967 2491 judicium
993 2436 1034 2476 in
1058 2435 1241 2476 dicendo
1273 2434 1481 2475 subimus.
1542 2433 1726 2480 Quoties

285 2494 403 2534 enim
435 2493 632 2545 dicimus,
661 2493 788 2534 toties
820 2493 873 2534 de
902 2493 1027 2534 nobis
1053 2492 1301 2549 judicatur:
1333 2504 1390 2543 et,
1422 2491 1496 2547 qui
1522 2489 1653 2532 semel
1681 2490 1726 2535 in

327 2610 368 2641 93
391 2607 520 2638 etiamsi
538 2607 785 2647 commovetur]
822 2606 904 2637 Edd.
930 2607 984 2636 W.
1028 2605 1199 2645 vulgatum
1215 2604 1406 2645 exquisitius
1428 2604 1568 2635 videtur.
1613 2603 1729 2644 Signi·

286 2655 321 2681 et
336 2656 452 2680 ceterae
475 2657 552 2679 ante
575 2649 709 2686 Aldum,
732 2655 984 2680 commoveatur.
1015 2649 1128 2689 ficare
1154 2648 1348 2688 simpliciter
1363 2652 1426 2684 est,
1454 2647 1548 2686 signa
1569 2645 1646 2678 dare
1669 2656 1729 2677 an·

287 2702 354 2723 non
367 2692 463 2722 male.
1028 2691 1171 2727 mendo,
1187 2689 1357 2719 arridendo
1371 2690 1429 2720 &c-
1463 2689 1516 2721 Sic
1530 2688 1728 2730 signfimtio

329 2738 370 2769 94
392 2735 427 2764 in
440 2743 490 2764 me
512 2733 605 2773 ipsm]
631 2734 708 2764 Non
733 2734 814 2764 bene
831 2734 982 2764 Peareius
1026 2733 1148 2763 dicitur
1157 2733 1245 2762 Sext.
1261 2734 1313 2765 49.

287 2777 419 2815 conjieit
433 2777 515 2817 ipse:
538 2783 588 2806 est
601 2777 688 2806 enim
703 2777 737 2806 in
753 2777 958 2816 oppositione
972 2789 978 2806 :
1068 2775 1108 2809 96
1131 2779 1169 2804 ut
1184 2776 1219 2804 in
1240 2783 1361 2813 qnoque
1375 2784 1401 2804 o.
1411 2773 1599 2814 plurimum
1613 2771 1721 2816 esset]

285 2821 321 2849 in
332 2820 494 2850 robis—in
504 2828 553 2848 me
567 2819 633 2858 ipso
642 2832 652 2852 ;
669 2825 703 2848 et
714 2820 758 2849 sic
770 2818 842 2848 libri
856 2827 980 2848 omnes.
1023 2817 1183 2848 Videatur
1195 2815 1316 2854 aliquid
1327 2815 1433 2847 deese.
1478 2815 1541 2845 Sed
1553 2815 1598 2845 sic
1611 2815 1726 2846 Cicero

328 2864 368 2895 95
391 2862 523 2897 assensi,
551 2861 741 2900 significare
772 2862 860 2891 inter
887 2861 978 2899 sesa]
1024 2865 1058 2890 et
1073 2859 1163 2896 alibi,
1180 2863 1218 2889 ut
1233 2858 1280 2894 11,
1293 2861 1343 2892 77.
1366 2862 1403 2889 ut
1424 2859 1459 2888 in
1475 2867 1596 2898 quoque
1611 2861 1727 2900 patro·

286 2903 436 2935 Pearcius
449 2903 564 2942 edidit,
587 2913 753 2935 assemum
775 2904 864 2942 sign.
898 2902 983 2935 Mihj
1026 2910 1143 2933 norum
1156 2901 1332 2934 minimum
1349 2910 1414 2933 esse
1421 2906 1556 2944 putant.
