1945 3235
371 153 449 189 286
787 186 789 188 .
893 150 974 189 DE
999 150 1283 190 ORATORE

289 269 364 303 ¹252
378 255 524 296 arduo.
587 253 719 296 Hisce
747 267 830 302 eqo
853 255 1236 306 cohortationibus,
1258 256 1424 307 Crasse,
1456 256 1507 298 ad
1540 257 1726 300 studium
1756 265 1800 300 et

377 312 427 352 ad
450 312 633 353 laborem
657 312 892 353 incitandos
905 312 1085 366 juvenes
1106 314 1376 354 vehementer
1393 315 1623 356 assentior:
1646 325 1800 366 cetera,

377 384 473 423 quae
495 369 703 425 collegisti
727 384 778 409 ex
803 370 929 409 variis
947 380 989 410 et
1011 370 1186 410 diversis
1210 371 1358 411 studiis
1376 380 1417 411 et
1440 371 1616 421 artibus,
1631 373 1800 414 tametsi

379 425 468 481 ipsc
488 441 532 467 es
553 426 697 466 onmia
714 435 982 476 consecutus,
1005 436 1144 467 tamen
1176 428 1229 467 ab
1252 428 1430 468 oratoris
1461 427 1634 485 proprio
1656 429 1800 471 officio

377 494 504 538 atque
527 497 698 524 munere
721 483 914 537 sejuncta
934 497 1023 524 esse
1044 484 1240 524 arbitror.

292 536 361 588 6⁶2
438 540 545 581 Haec
567 555 661 580 cum
688 539 900 579 Antonius
921 540 1114 590 dixisset,
1135 555 1234 581 sane
1258 541 1454 582 dubitare
1475 541 1593 582 visus
1610 549 1675 582 est
1706 541 1801 582 Sul-

377 598 527 653 picius,
549 609 591 638 et
615 597 758 644 Cotta,
782 596 915 636 utrius
937 596 1074 636 oratio
1098 598 1270 653 propius
1301 598 1350 638 ad
1385 598 1607 639 veritatem
1639 597 1802 640 videre*-

286 667 362 699 5263
378 666 444 695 tur
481 655 694 695 accedere.
753 652 861 693 Tum
897 653 1099 695 Crassus:
1141 655 1381 710 operarium
1420 655 1544 696 nobis
1573 654 1801 711 quendam,

375 711 553 760 Antoni,
575 721 785 751 oratorem
819 710 938 759 facis,
966 721 1093 764 atque
1126 711 1234 751 haud
1268 713 1370 761 scio,
1393 727 1444 752 an
1477 711 1598 753 aliter
1628 712 1800 763 sentias,

373 779 414 808 ct
448 779 564 808 utare
597 777 667 807 tua
691 767 758 807 illa
781 767 961 807 mirifica
988 768 1040 808 ad
1072 767 1347 809 refellendum
1371 769 1694 820 consuetudine,
1715 782 1802 824 qua

375 826 450 864 tibi
477 839 602 865 nemo
625 838 824 879 uinquam
860 824 1084 879 praestitit:
1117 825 1239 879 cujus
1261 825 1433 879 quidem
1465 826 1596 882 ipsius
1624 825 1803 867 faculta-

374 883 426 921 tis
456 882 724 931 exercitatio,
753 890 969 921 oratorum
1003 881 1174 936 propria
1201 890 1279 931 est,
1313 882 1385 922 sed
1410 881 1503 936 jam
1534 883 1578 924 in
1610 882 1801 940 philoso-

375 940 556 994 phorum
586 938 894 979 consuetudine
926 947 1127 987 versatur,
1158 938 1431 993 maximeque
1458 952 1620 991 eorum,
1649 940 1721 995 qui
1750 941 1804 982 de

375 997 489 1036 omni
515 1010 558 1036 re
589 995 808 1051 proposita
832 995 873 1034 in
905 1003 1127 1049 utramque
1159 1004 1320 1050 partem
1351 995 1489 1036 solent
1509 996 1803 1052 copiosissime

286 1060 360 1094 264
375 1054 528 1094 dicere.
590 1052 748 1093 Verum
780 1066 861 1108 ego
895 1066 977 1092 non
1009 1051 1145 1091 solum
1184 1052 1434 1102 arbitrabar,
1465 1052 1530 1093 his
1565 1055 1803 1108 praesertim

374 1109 660 1157 audientibus,
683 1125 707 1149 a
729 1123 796 1149 me
825 1108 1045 1149 informari
1067 1118 1278 1164 oportere,
1299 1108 1435 1164 qualis
1456 1122 1547 1150 esse
1579 1120 1722 1166 posset
1751 1113 1801 1164 is,

372 1168 444 1222 qui
463 1167 676 1208 habitaret
696 1167 736 1206 in
757 1165 980 1216 subselliis,
1001 1179 1136 1220 neque
1157 1165 1389 1220 quidquam
1413 1180 1478 1206 am
1515 1166 1597 1208 lius
1615 1165 1800 1220 afferret,

372 1239 498 1279 quam
522 1224 635 1279 quod
655 1238 874 1264 causarum
896 1223 1123 1263 necessitas
1146 1223 1403 1278 postularet:
1428 1237 1472 1264 se
1520 1223 1657 1278 majus
1679 1224 1804 1281 quid-

372 1283 470 1322 dam
501 1281 714 1330 videbam,
737 1294 833 1321 cum
862 1279 1103 1329 censebam,
1126 1289 1353 1330 oratorem,
1384 1281 1622 1335 praesertim
1652 1281 1696 1322 in
1725 1296 1803 1323 no-

374 1349 460 1379 stra
492 1338 723 1394 republica,
757 1337 911 1377 nullius
940 1337 1178 1377 ornamenti
1214 1346 1435 1392 expertem
1464 1351 1556 1379 esse
1589 1347 1803 1395 oportere.

331 1401 362 1431 b·
375 1395 438 1436 Tu
471 1405 627 1446 autem,
654 1395 856 1450 quoniam
879 1393 1052 1449 exiguis
1076 1393 1332 1448 quibusdam
1363 1393 1520 1435 finibus
1548 1403 1688 1436 totum
1709 1409 1804 1438 ora—

376 1453 478 1493 toris
508 1467 662 1493 munus
693 1450 1025 1501 circumdedisti,
1057 1450 1139 1491 boc
1170 1449 1335 1491 facilius
1369 1451 1493 1492 nobis
1521 1465 1713 1508 expones
1738 1467 1804 1506 ea,

373 1525 469 1564 quae
504 1510 578 1550 abs
610 1519 651 1548 te
681 1509 734 1549 de
758 1508 920 1549 officiis*
944 1507 1253 1563 praeceptisque
1274 1508 1454 1548 oratoris
1475 1509 1657 1563 quaesita
1678 1519 1801 1553 sunt:

375 1569 446 1607 sed
470 1567 637 1622 opinor,
660 1565 892 1606 secundum
922 1563 1037 1605 hunc
1059 1564 1185 1604 diem.
1218 1565 1319 1604 satis
1340 1565 1453 1605 enim
1476 1564 1611 1607 multa
1631 1581 1657 1611 a
1675 1567 1802 1609 nobis

287 1632 361 1665 ‘365
375 1624 502 1664 hodie
520 1624 636 1664 dicta
655 1632 766 1663 sunt.
801 1622 927 1662 Nunc
946 1632 989 1661 et
1011 1620 1217 1671 scaevola,
1231 1621 1435 1676 quoniam
1454 1621 1497 1662 in
1510 1621 1801 1666 Tusculanum

374 1682 433 1721 ire
454 1680 695 1730 constituit,
717 1679 904 1735 paullum
928 1679 1177 1733 requiescet,
1199 1677 1299 1718 dum
1332 1693 1376 1718 se
1397 1678 1512 1720 calor
1533 1678 1729 1737 frangat3
1759 1691 1804 1724 et

373 1753 448 1778 nos
484 1737 578 1793 ipsi,
609 1736 813 1792 quoniam
845 1736 886 1777 id
916 1735 1120 1791 temporis
1151 1743 1230 1784 est,
1254 1734 1486 1776 valetudini
1518 1735 1667 1778 demus
1698 1752 1801 1794 ope·-

370 1810 473 1835 ram.
539 1794 707 1835 Placuit
736 1793 798 1834 sic
827 1793 1042 1833 omnibus.
1100 1790 1212 1832 Tum
1243 1791 1453 1843 Scaevola,
1485 1792 1611 1846 Sane,
1644 1793 1799 1850 inquit,

369 1853 519 1893 vellem
551 1866 633 1892 non
658 1850 990 1900 constituissem,
1014 1850 1055 1889 in
1077 1847 1366 1890 Tusculanum
1398 1862 1466 1890 me
1497 1850 1625 1892 hodie
1646 1861 1797 1894 ventu-

369 1924 459 1949 rum
491 1923 595 1960 esse,
630 1907 777 1948 Laelio.
807 1907 989 1948 libenter
1018 1905 1209 1947 audirem
1240 1905 1496 1948 Antonium,
1525 1915 1582 1959 et,
1603 1921 1704 1950 cum
1723 1923 1801 1952 ex-

368 1976 572 2023 surgeret,
595 1964 719 2005 simul
741 1964 943 2014 arridens,
967 1962 1119 2018 Neque
1139 1963 1269 2014 enim,
1292 1963 1448 2018 inquit,
1470 1974 1558 2006 tam
1580 1964 1687 2006 mihi
1707 1981 1801 2008 mo—

366 2023 495 2064 lestus
523 2023 619 2073 fuit,
641 2021 755 2076 quod
779 2021 853 2076 jus
884 2030 1077 2061 nostrum
1099 2018 1226 2061 civile
1258 2020 1465 2076 pervellit,
1487 2035 1615 2077 quam
1639 2021 1801 2078 jucun-

366 2082 459 2132 dus,
481 2080 595 2136 quod
619 2093 662 2119 se
684 2078 725 2119 id
750 2079 911 2119 nescire
932 2077 1152 2118 confessus
1175 2086 1253 2117 est.

667 2259 737 2305 M.
776 2256 1041 2305 TULLII
1081 2255 1515 2304 CICERONIS

589 2428 648 2492 O
747 2426 811 2491 R
898 2424 958 2487 A
1050 2424 1110 2489 T
1204 2424 1265 2489 O
1360 2424 1424 2489 R
1514 2424 1574 2490 E

755 2535 978 2580 LIBER
1014 2534 1416 2578 SECUNDUS.

322 2704 346 2750 1
369 2679 623 2747 ἸΝῘΑΘΝΑ
654 2703 778 2744 nobis
806 2701 963 2759 pueris,
995 2700 1186 2747 Quincte
1207 2699 1350 2750 frater,
1373 2699 1405 2739 si
1437 2699 1645 2740 memoria
1664 2707 1798 2754 tenes,

334 2774 351 2807 1
367 2763 515 2821 opinio
537 2761 633 2812 fuit,
659 2761 706 2802 L.
730 2759 932 2802 Crassum
964 2773 1049 2798 non
1082 2757 1176 2813 plus
1207 2757 1400 2812 attigisse
1422 2756 1645 2808 doctrinae,
1667 2771 1796 2812 quam

367 2829 575 2877 quantum
604 2819 741 2874 prima
773 2817 843 2857 illa
876 2815 1025 2871 puerili
1057 2814 1326 2855 institutione
1360 2813 1594 2868 potuisset3
1626 2813 1692 2854 M.
1721 2825 1796 2856 au*

368 2890 455 2920 tem
490 2876 729 2918 Antonium
763 2874 939 2915 omnino
971 2872 1110 2913 omnis
1139 2871 1390 2913 eruditionis
1419 2879 1640 2926 expertem
1670 2881 1799 2928 atque
