1945 3235
355 155 431 190 2⁸26
860 149 944 187 DE
986 146 1295 192 ORATORE

358 258 376 286 ⁵
399 255 451 296 ad
473 254 638 296 exitum
659 253 774 296 hunc
797 255 851 296 ab
874 254 1089 311 superiore
1110 252 1219 294 libro
1244 251 1449 308 perducta
1470 256 1549 298 est,
1578 255 1623 289 et
1641 246 1714 289 hic
1734 246 1786 287 li-

359 312 435 409 ger
457 326 542 353 non
565 327 714 369 parum
735 312 929 354 continet
951 312 1201 361 litterarum,
1224 323 1320 364 quae
1353 316 1528 358 restant,
1550 305 1595 347 in
1615 303 1790 360 reliquie

391 383 566 411 memus.

405 501 423 529 5
445 499 499 529 Ad
509 500 632 529 eruum
647 500 732 529 hunc
743 499 784 529 ab
796 508 865 538 sup.
891 499 970 528 libro
981 507 1054 537 pcr—
1095 497 1170 526 inde
1184 506 1205 526 a
1226 506 1250 526 s.
1276 497 1367 531 libro,
1389 503 1432 524 ec.
1458 492 1552 523 initio
1575 491 1663 522 facto
1685 488 1720 519 in
1739 497 1793 519 su·

363 541 461 571 ducta
482 541 555 580 est.]
582 541 759 571 Lambinus
782 540 916 580 corrigit
940 541 994 569 Ιιοο
1023 545 1057 570 et
1098 539 1221 579 periore
1238 539 1334 573 libro,
1350 546 1438 567 nunc
1451 534 1561 565 addito
1581 533 1686 564 altero
1700 530 1741 562 ad
1755 531 1794 561 fi-

363 584 536 624 superiore.
573 583 649 613 Nou
665 588 713 613 est
729 591 868 614 necesse.
904 581 1056 621 Inteliigc
1100 591 1174 611 nem
1190 581 1346 621 perducta
1358 585 1417 610 est.

668 769 738 816 M.
777 767 1041 816 TULLII
1082 765 1514 815 CICERONIS

1066 872 1118 896 AD

864 949 920 995 Q.
966 946 1321 989 FRATREM

494 1035 1191 1104 DlALOGI
1297 1032 1681 1100 TRES

1055 1157 1107 1182 DE

779 1227 1397 1284 ORATOREr

618 1430 933 1476 DIALOGUS
965 1428 1077 1471 SEU
1111 1427 1296 1469 LIBER
1329 1427 1587 1472 PRIMUS.

888 1529 1291 1567 ARGUMENTUM.

380 1602 421 1641 In
442 1604 496 1640 his
517 1599 628 1641 libris,
650 1600 687 1637 in
709 1600 834 1648 quibus
854 1601 927 1646 ipse
943 1598 1011 1633 sibi
1031 1597 1178 1646 mirffice
1205 1597 1346 1644 placuit
1376 1597 1511 1641 Cicero,
1538 1599 1582 1634 de
1607 1599 1812 1648 eloquentia

431 1659 485 1693 ita
510 1654 690 1703 praecipit,
721 1657 772 1695 ut,
794 1652 889 1700 quod
915 1651 1007 1686 alios
1035 1651 1146 1689 docet,
1177 1651 1293 1696 ipsum
1309 1650 1418 1696 plane
1444 1655 1641 1688 assecutum
1658 1664 1730 1688 esse
1747 1665 1812 1701 ap-

412 1712 570 1758 pareat.
626 1706 798 1753 Explicat
825 1708 945 1739 autem
962 1714 1044 1737 suas
1060 1703 1103 1736 de
1118 1701 1260 1737 (licendi
1287 1706 1366 1736 arte
1389 1704 1585 1739 sententias
1611 1704 1674 1741 sub
1702 1705 1812 1740 Lucii

433 1761 571 1798 Licinii
589 1759 709 1794 Crassi
726 1761 762 1792 et
779 1756 900 1791 Marci
918 1755 1070 1790 Antonii
1096 1755 1269 1801 personis,
1288 1754 1385 1800 quod
1401 1755 1450 1790 ad
1476 1754 1538 1790 hos
1566 1755 1725 1792 homines
1742 1757 1814 1793 elo-

435 1814 588 1862 quentiae
617 1811 862 1858 principat-um
889 1818 1019 1848 omnes,
1053 1807 1232 1853 superiori
1261 1806 1389 1846 seculo,
1427 1807 1642 1844 detulerant.
1697 1809 1748 1845 Et
1775 1811 1814 1845 in

432 1867 552 1916 primo
580 1863 722 1911 quidem
753 1862 842 1897 libro
871 1860 1017 1895 Crassus
1044 1862 1079 1893 et
1106 1859 1287 1893 Antonius
1312 1859 1354 1893 de
1379 1859 1546 1895 universa
1563 1862 1719 1896 oratoris
1731 1873 1814 1909 per-

427 1918 578 1968 sectivi
596 1916 793 1962 disputant,
815 1923 965 1960 quorum
994 1911 1088 1946 alter
1112 1911 1160 1946 ad
1184 1910 1363 1946 Ciceronis
1391 1915 1544 1946 mentem
1561 1912 1604 1948 de
1626 1923 1668 1948 ea
1685 1924 1724 1948 re
1742 1914 1814 1949 dis-

437 1972 537 2010 serit,
568 1969 631 2007 ita,
664 1971 704 2002 ut
735 1967 873 2001 oratori
901 1964 1059 1998 omnium
1085 1963 1317 1998 scientiarum
1341 1967 1376 1998 et
1406 1965 1542 1998 artium
1574 1965 1813 2012 cognitionem

441 2023 597 2060 tribuot;
627 2019 721 2055 alter
741 2030 819 2053 vero
838 2016 1016 2052 Antonius
1026 2013 1164 2064 fratris
1182 2014 1309 2054 Quinti
1324 2016 1502 2050 sententia
1520 2015 1762 2063 eloquentiam
1772 2017 1816 2053 ab

441 2074 622 2121 elegantia
641 2071 812 2106 doctrinae
829 2071 1005 2115 segregat,
1035 2071 1068 2101 et
1097 2068 1135 2101 in
1164 2066 1318 2112 quodam
1336 2067 1471 2113 ingenii
1497 2071 1533 2102 et
1550 2069 1817 2106 exercitationis

440 2136 568 2174 genere
585 2124 698 2172 ponit.
717 2123 788 2157 vicl.
809 2133 835 2156 c.
854 2123 890 2156 2.
947 2119 1092 2154 Primus
1111 2118 1273 2164 disputat
1295 2117 1453 2160 Crassus,
1473 2119 1600 2154 deinde
1617 2117 1691 2166 ejus
1709 2132 1817 2169 argu-

440 2179 570 2213 mentis
599 2187 677 2222 quae
702 2173 907 2220 responderi
928 2174 1089 2218 possunt,
1115 2169 1221 2217 affert
1247 2170 1438 2205 Antonius.
1495 2170 1540 2206 In
1556 2173 1709 2209 secundo
1727 2173 1820 2210 libro

442 2229 637 2266 disserendi
652 2230 774 2274 partes
803 2224 966 2270 inprimis
993 2223 1041 2257 ad
1067 2222 1267 2256 Antonium
1294 2220 1514 2270 deferuntur,
1545 2225 1608 2270 qui
1626 2225 1669 2260 de
1699 2226 1819 2262 inven-

444 2283 540 2317 tione
563 2279 743 2327 praecipit,
768 2282 802 2312 et
830 2278 872 2311 de
899 2275 1132 2310 collocatione
1156 2285 1274 2308 rerum
1303 2273 1538 2322 locorumque,
1559 2287 1631 2322 qua
1656 2278 1821 2324 inprimis

443 2334 596 2370 valuisse
613 2330 831 2367 credebatur,
851 2340 881 2362 v.
904 2326 976 2362 Cic.
998 2327 1041 2362 de
1058 2325 1152 2361 Clar.
1173 2325 1274 2361 Orat.
1292 2337 1320 2361 c.
1339 2329 1391 2366 37
1395 2355 1402 2362 ,
1422 2338 1500 2362 cum
1519 2331 1645 2363 contra
1660 2320 1732 2364 non
1749 2330 1819 2365 ele-

442 2386 656 2433 gantissimo
673 2393 832 2417 sermone
849 2383 1008 2415 uteretur
1026 2382 1134 2425 atque
1153 2377 1345 2425 diligenter
1363 2379 1531 2426 loquendi
1549 2379 1655 2416 laude
1671 2386 1821 2419 careret.

445 2439 505 2473 Ad
524 2437 762 2472 inventionem
782 2444 897 2467 rerum
915 2435 1034 2466 autem
1052 2431 1223 2475 quoniam
1236 2431 1394 2477 pertinet
1421 2432 1531 2467 etiam
1549 2432 1592 2466 de
1600 2430 1696 2477 jocis
1713 2438 1748 2468 et
1753 2433 1821 2482 sa-

446 2491 548 2525 cetiz‘s
576 2489 684 2527 locus,
703 2490 737 2521 et
759 2484 875 2520 Caesar
903 2482 1112 2519 credebatur
1131 2484 1288 2517 omnium
1297 2481 1545 2530 facetissimus
1562 2487 1597 2518 et
1614 2485 1653 2519 in
1661 2482 1821 2529 jocando

447 2541 684 2589 lepidissimus
702 2549 784 2577 csse,
814 2537 884 2572 vid.
914 2548 942 2571 c.
961 2538 1023 2570 54.
1053 2535 1087 2569 ei
1113 2535 1156 2570 de
1182 2533 1236 2569 his
1265 2535 1474 2582 disputandi
1487 2539 1612 2582 partes
1630 2537 1824 2574 traduntur

448 2595 471 2628 l.
493 2605 520 2628 c.
540 2603 648 2638 usque
666 2590 714 2625 od
731 2602 759 2625 c,
778 2592 840 2629 7'1.
1149 2584 1151 2586 ’

397 2645 508 2682 Redit
537 2645 585 2679 ad
615 2643 779 2678 Crassum
807 2642 845 2676 in
869 2640 958 2675 libro
987 2639 1095 2674 tertio
1123 2639 1318 2673 disserendi
1346 2649 1484 2679 munus,
1511 2639 1765 2688 induciturque
1782 2641 1826 2677 de

450 2695 670 2733 ornamentis
699 2693 874 2728 orationis
901 2695 935 2726 et
963 2695 1043 2726 tota
1066 2691 1264 2725 elocutione
1278 2691 1500 2738 praecipiens,
1535 2692 1573 2726 in
1600 2703 1672 2739 qua
1698 2695 1824 2729 ceteris

449 2748 609 2784 omnibus
624 2746 783 2794 palmam
814 2745 1006 2792 praeripere
1030 2742 1238 2789 putabatur.
1295 2742 1365 2777 Cic.
1395 2742 1438 2777 de
1455 2742 1564 2778 claris
1591 2743 1651 2780 Or.
1671 2756 1700 2780 c.
1718 2747 1780 2780 33.
1797 2756 1826 2782 ³.

449 2801 570 2837 Docet
587 2802 705 2833 autem
725 2797 911 2831 dicendum
929 2806 1000 2830 esse
1019 2794 1140 2833 latine,
1164 2794 1283 2841 plane,
1303 2798 1438 2833 ornate,
1456 2798 1490 2829 et
1509 2800 1602 2843 apte,
1620 2796 1658 2831 in
1676 2807 1826 2844 quorum

451 2853 559 2888 tertio
578 2849 742 2898 inprimis
763 2848 892 2883 multus
908 2851 969 2883 est.
1026 2846 1202 2882 Ornatam
1219 2850 1339 2882 autem
1365 2847 1514 2883 existere
1539 2848 1695 2885 ostendit
1713 2859 1791 2887 cum
1809 2859 1830 2884 e
