1945 3235
602 144 786 183 LIBER
813 143 1087 183 TERTIUS,
1489 149 1567 186 385

116 260 171 293 ac
192 247 301 290 ratio
322 246 563 290 litterarum¹
582 248 671 299 alit,
700 257 775 289 aut
795 248 1062 290 consuetudo
1094 248 1299 291 sermonis
1322 249 1565 306 quotidiani

116 306 223 347 feo-ac
244 306 486 358 domestici,
508 306 602 347 libri
627 306 900 356 confirmant,
916 315 959 346 et
972 306 1101 347 lectio
1122 315 1310 347 veterum
1328 317 1564 359 oratorum,

116 370 162 402 et
185 363 426 418 po‘e‘tarum.
488 363 641 418 Neque
664 377 763 404 vero
796 362 840 403 in
875 362 946 404 illo
977 362 1109 404 altero
1131 362 1293 403 diutius
1323 379 1563 406 commore-

117 432 229 471 mur,
253 431 300 462 ut
321 421 603 477 disputemus,
624 421 780 476 quibus
810 420 936 461 rebus
967 420 1133 474 assequi
1169 421 1396 475 possimus,
1421 431 1465 463 ut
1496 437 1560 473 ea,

116 490 214 530 quae
234 478 445 529 dicamus,
464 477 772 534 intelligantur.
833 477 987 518 Latine
1009 477 1174 518 scilicet
1196 477 1394 528 dicendo,
1417 480 1558 520 verbis
1571 489 1621 523 49

117 535 301 585 usitatis,
323 550 373 576 ac
405 536 578 591 proprie
606 535 1000 576 demonstrantibus
1031 549 1094 584 ea,
1123 549 1221 589 quae
1245 535 1479 590 significari
1510 551 1560 578 ac

115 590 320 634 declarari
355 593 560 641 volemus,
593 592 684 632 sine
712 593 920 647 ambiguo
953 593 1084 633 verbo
1120 601 1194 632 aut.
1229 606 1438 642 sermone,
1471 607 1560 634 non

116 649 246 693 nimis
265 651 394 705 longa
415 648 741 689 continuatione
765 651 1007 700 verborum,
1028 651 1066 680 41
1082 663 1169 690 non
1193 649 1315 690 valde
1338 649 1561 706 productis

113 704 182 754 iis,
203 722 300 762 quae,
323 706 616 747 similitudinis
638 721 768 747 causa
789 721 843 747 ex
863 707 958 748 aliis
980 707 1105 747 rebus
1127 706 1456 758 transferuntur,
1471 721 1561 748 non

114 763 342 819 discerptis
366 763 603 814 sententiis,
622 778 710 804 non
732 765 1007 821 praeposteris
1033 765 1314 819 temporibus,
1346 779 1432 806 non
1456 779 1561 806 con-

116 819 223 861 fusis
244 821 453 877 personis,
475 835 562 861 non
585 823 835 877 perturbato
869 821 1032 863 ordine.
1064 821 1167 876 quid
1192 821 1353 863 multa?
1387 832 1474 863 tam
1497 821 1561 862 fa-

110 877 208 918 cilis
230 887 295 919 est
314 885 407 919 tota
424 892 504 928 res,
524 888 569 919 ut
588 879 693 919 mihi
709 879 940 935 permirum
958 894 1073 935 saepe
1095 878 1303 930 videatur,
1325 894 1424 920 cum
1447 879 1561 920 diffi-

113 934 237 978 cilius
270 936 548 992 intelligatur,
578 936 681 991 quid
707 946 909 991 patronus
936 936 1035 978 velit
1068 936 1224 987 dicere,
1248 951 1378 992 quam
1411 937 1444 977 si
1469 937 1560 993 ipse

115 991 202 1044 ille,
227 994 301 1048 qui
334 1005 564 1050 patronum
597 994 789 1045 adhibet,
822 994 874 1035 (le
908 1008 951 1035 re
984 1009 1060 1035 sua
1091 994 1268 1035 diceret.
1328 993 1406 1034 Isti
1429 995 1559 1046 enim,
1572 997 1624 1031 50

108 1051 188 1104 vqui
211 1051 263 1091 ad
288 1066 364 1091 nos
388 1066 536 1092 causas
567 1050 780 1102 deferunt,
803 1052 864 1092 ita
898 1066 975 1092 nos
1006 1052 1259 1107 plerumque
1283 1052 1364 1107 ipsi
1388 1052 1561 1103 docent,

109 1117 161 1147 ut
184 1122 269 1149 non
290 1108 502 1150 desideres
534 1108 701 1164 planius
732 1109 833 1149 dici.
895 1107 1077 1150 Easdem
1108 1123 1172 1149 res
1208 1119 1353 1150 autem
1384 1109 1562 1151 simulac

110 1166 154 1195 42
169 1164 322 1206 Fusius
359 1175 432 1206 aut
457 1175 596 1206 vester
618 1166 794 1221 aequalis
824 1165 1107 1222 Pomponius,
1138 1180 1266 1222 agere
1288 1167 1442 1222 coepit,
1472 1182 1562 1208 non

113 1236 252 1278 aeque,
274 1223 376 1278 quid
395 1223 555 1272 dicant,
572 1223 651 1263 nisi
673 1223 901 1264 admodum
927 1224 1107 1273 attendi,
1127 1223 1347 1280 intelligo:
1380 1225 1440 1264 ita
1457 1239 1561 1266 con-

112 1278 209 1321 fusa
230 1291 294 1321 est
325 1281 478 1330 oratio,
510 1281 570 1320 ita
591 1281 855 1336 perturbata,
878 1281 985 1321 nihil
1009 1291 1055 1322 ut
1078 1282 1133 1322 sit
1155 1281 1356 1337 primum,
1382 1281 1490 1322 nihil
1513 1291 1561 1323 ut

110 1338 364 1390 secundum,
401 1348 606 1392 tantaque
640 1337 869 1378 insolentia
896 1354 946 1379 ac
971 1339 1098 1379 turba
1123 1339 1364 1389 verborum,
1386 1348 1435 1380 ut
1464 1354 1560 1380 ora-

111 1394 192 1445 tio,
229 1410 326 1450 quae
359 1395 501 1436 lumen
539 1395 743 1436 adhibere
776 1396 900 1436 rebus
937 1396 1081 1446 debet,
1111 1410 1162 1436 ea
1184 1396 1493 1437 obscuritatem
1515 1405 1560 1438 et

112 1453 309 1494 tenebras
333 1452 498 1503 afferat,
520 1462 649 1507 atque
672 1462 719 1493 ut
741 1453 1061 1508 quodammodo
1096 1453 1177 1508 ipsi
1201 1454 1283 1494 sibi
1308 1453 1351 1494 in
1373 1454 1558 1495 dicendo

107 1510 358 1566 obstrepere
382 1510 618 1551 videantur.
678 1510 854 1561 Verum,
877 1511 910 1551 si
932 1511 1086 1566 placet,
1109 1510 1314 1565 quoniam
1338 1511 1432 1552 haec
1454 1512 1555 1552 satis
1569 1524 1615 1558 51

110 1580 250 1622 spero,
272 1568 395 1610 vobis
417 1567 591 1622 quidem
614 1577 729 1608 certe
761 1568 1011 1622 majoribus,
1035 1568 1214 1609 molesta
1242 1576 1286 1609 et
1319 1568 1470 1624 putida
1491 1569 1553 1610 vi·
1566 1572 1598 1604 b-

106 1625 216 1675 deri,
236 1625 289 1666 ad
313 1626 476 1680 reliqua
494 1624 714 1679 aliquanto
737 1625 953 1666 odiosiora
976 1640 1218 1682 pergamus.
1277 1629 1318 1657 43
1332 1625 1468 1681 Atqui
1492 1627 1554 1668 vi·
1573 1623 1640 1670 14

109 1681 199 1732 des,
222 1683 364 1738 inquit
392 1682 624 1731 Antonius,
647 1697 746 1723 cum
768 1682 870 1723 alias
905 1698 968 1724 res
991 1698 1184 1739 agamus,
1206 1697 1336 1738 quam
1369 1693 1410 1724 te
1429 1684 1555 1726 inviti

103 1739 351 1790 audiamus,
373 1739 446 1795 qui
468 1739 622 1780 adduci
646 1754 887 1795 possumus,
910 1741 981 1794 (de
1014 1756 1080 1781 me
1099 1741 1213 1781 enim
1236 1740 1460 1795 conjicio,)
1492 1756 1557 1782 re·
1577 1762 1581 1767 -

102 1794 223 1837 -lictis
255 1807 302 1838 ut
336 1799 463 1838 rebus
500 1798 700 1837 omnibus
731 1806 773 1837 te
804 1809 1030 1848 sectemur,
1063 1809 1103 1839 te
1133 1798 1380 1839 audiamus:
1414 1798 1474 1839 ita
1504 1799 1557 1839 de

109 1851 296 1895 horridis
318 1856 445 1895 rebus
465 1854 618 1904 nitida,
648 1855 701 1895 de
724 1854 889 1910 jejunis
923 1855 1059 1911 plena,
1083 1856 1135 1897 de
1159 1855 1421 1911 pervulgatis
1445 1871 1558 1897 nova

109 1911 308 1966 quaedam
329 1920 394 1952 est
415 1912 553 1952 oratio
573 1921 661 1952 tua.
904 1944 907 1947 .
1004 1956 1006 1959 .

171 1968 334 2010 Faciles
352 1969 481 2019 enim,
498 1969 652 2024 inquit,
674 1967 854 2020 Antoni,
878 1980 1018 2025 partes
1040 1984 1102 2010 eae
1126 1970 1300 2011 fuerunt
1320 1970 1432 2021 duae,
1449 1986 1554 2027 quas
1569 1978 1617 2013 5⁶2

108 2026 240 2067 modo
263 2027 522 2082 percucurri,
547 2026 613 2067 vel
632 2023 775 2082 potfus
796 2041 918 2082 paene
944 2028 1144 2083 praeterii,
1162 2028 1313 2068 Latine
1336 2026 1554 2082 loquendi,

110 2085 323 2138 planeque
347 2084 543 2125 dicendi:
576 2084 750 2140 reliquae
785 2095 883 2125 sunt
904 2099 1091 2140 magnas,
1128 2085 1375 2141 implicatae,
1411 2086 1554 2137 variae,

108 2155 276 2196 graves,
297 2142 454 2196 quibus
476 2142 615 2182 omnis
635 2141 862 2182 admiratio
886 2142 1064 2198 ingenii,
1086 2144 1226 2183 omnis
1245 2143 1334 2183 laus
1353 2141 1557 2198 eloquen-

100 2199 464 2240 =tiae2continetun
527 2199 670 2240 Nemo
701 2199 816 2239 enim
850 2214 1053 2255 umquam
1083 2211 1150 2241 est
1179 2212 1409 2251 oratorem,
1439 2201 1557 2256 quod

112 2255 266 2296 Latine
289 2255 548 2311 loqueretur,
571 2257 820 2297 admiratus
882 2257 926 2297 Si
946 2267 1010 2298 est
1032 2257 1167 2307 aliter,
1187 2257 1386 2309 irrident,
1420 2273 1559 2313 neque

99 2326 208 2359 ,eum
225 2323 438 2361 oratorem
464 2314 786 2366 tantummodo,
804 2314 877 2355 sed
902 2315 1122 2356 hominem
1142 2326 1420 2372 non-putant.
1470 2316 1559 2356 Ne-

147 2429 189 2457 40
201 2436 241 2457 αι·
253 2426 428 2464 domestici,
441 2428 514 2457 libri
524 2427 721 2466 confirmant
732 2427 804 2466 &c.]
893 2430 934 2458 43
958 2428 1058 2468 Atqui
1084 2430 1173 2459 vides
1201 2429 1274 2468 &c.]
1302 2428 1366 2458 Hic
1389 2429 1479 2460 locus
1507 2436 1558 2460 est

99 2469 160 2499 -sie
175 2469 364 2509 inter-punxi
388 2481 463 2500 cuin
480 2469 634 2499 Manutio
657 2474 690 2499 et
717 2470 810 2500 Pear-
852 2471 1154 2509 perturbatissimus
1191 2478 1225 2501 et
1260 2471 1489 2502 vitiosissimus
1524 2474 1559 2502 in

108 2512 170 2541 cio.
215 2511 301 2541 Nam
327 2513 492 2542 domestici
516 2512 590 2541 libri
615 2511 698 2541 nihil
719 2517 809 2543 sunt.
839 2512 924 2542 edd.
949 2514 1124 2550 veteribus,
1147 2515 1247 2544 etiam
1271 2514 1349 2543 Mss.
1373 2514 1476 2544 Aldus
1491 2514 1558 2545 edi-

109 2553 172 2583 Sed
184 2562 309 2590 vereor,
327 2564 369 2584 ne
382 2555 458 2585 libri
472 2554 514 2584 sit
529 2555 688 2594 spurium.
713 2555 810 2584 Libri
853 2555 918 2584 dit:
943 2564 1044 2594 qaam
1067 2561 1098 2585 te
1118 2558 1213 2586 inviti
1237 2557 1434 2586 autumnus:
1461 2557 1558 2595 idque

109 2595 292 2626 enim-‘sunt
316 2597 376 2636 ipsi
399 2601 550 2627 oratores
565 2601 599 2627 et
614 2600 739 2637 postae÷
765 2597 809 2627 le-¹
853 2598 956 2627 secuti
979 2607 1106 2627 sumus:
1136 2600 1224 2638 (eum
1250 2598 1372 2638 priores
1396 2599 1559 2638 pleraeque

109 2637 516 2680 geudiimqua-corfirmat.
853 2639 1014 2669 haberent
1027 2650 1089 2669 mm
1104 2642 1211 2673 inviti,
1223 2647 1257 2670 et
1269 2641 1338 2670 sine
1351 2642 1556 2681 (audiamus)

151 2681 190 2709 41
213 2680 413 2711 Non²valde
431 2681 602 2723 productis
623 2681 665 2712 iis
687 2681 760 2721 &c.]
786 2681 811 2712 i.
855 2691 931 2711 nam
962 2682 1046 2712 inest
1069 2683 1153 2713 bella
1179 2683 1302 2713 ironia·
1340 2684 1460 2713 Sensus
1487 2691 1557 2714 est:

100 2721 359 2761 -nrmauegoriis
373 2724 589 2763 longioribus.
707 2737 710 2740 ·
856 2723 1033 2754 Enimvero
1049 2725 1237 2765 intelligere
1248 2730 1355 2765 potes,
1370 2735 1431 2755 nos
1448 2731 1480 2754 te
1497 2725 1560 2755 hoc

149 2766 197 2794 4¹21
217 2763 348 2804 Fusius]
366 2766 516 2796 Pearcius
530 2767 673 2796 correxit
685 2765 813 2807 Fufius,
857 2771 1007 2806 tempore
1028 2767 1171 2798 libenter·
1196 2768 1320 2804 audire,
1346 2777 1428 2797 cumr
1451 2769 1559 2798 otium

111 2805 211 2842 tut-11,
227 2808 279 2837 22,
293 2807 347 2836 ubi
363 2812 478 2838 tamen
494 2808 620 2839 Furius
639 2809 814 2848 legendum
858 2809 914 2837 sit:
942 2818 1017 2839 cum
1032 2809 1096 2840 alio
1119 2811 1220 2840 etiarn
1235 2815 1384 2850 tempore.
1405 2819 1479 2840 cum
1504 2820 1560 2840 ue-

109 2848 268 2878 diximus„
309 2849 373 2880 Hic
395 2849 520 2880 Furius
541 2856 585 2881 an
610 2849 724 2892 Fufius
737 2851 815 2881 scri·
858 2851 949 2890 gotia
964 2851 1135 2892 habemus,
1150 2858 1264 2883 tamen
1277 2859 1312 2883 te
1325 2852 1438 2883 audire
1452 2853 1561 2891 parati

110 2890 255 2922 bendum
270 2891 327 2928 sit,
344 2892 493 2924 nondum
504 2892 659 2925 decemo.
859 2894 973 2924 simuS.
1020 2901 1025 2904 ·
1321 2901 1323 2903 “
1463 2906 1469 2918 ³

174 2947 282 2975 VOL.
311 2949 341 2975 1.
615 2989 619 2993 ι
786 2950 810 2977 C
834 2950 858 2977 C
