1945 3235
384 113 436 154 78
833 111 915 152 ΑΙ)
949 112 1330 154 HERENNIUM

385 217 421 246 7¹
439 214 640 271 depulsus
663 217 741 258 erit
766 216 952 259 lacunas.
991 220 1032 252 7⁶2
1048 218 1269 260 Poeniteat
1292 219 1425 274 igitur
1447 216 1592 269 istum,
1611 219 1684 275 qui
1704 233 1828 261 mon·

388 279 451 312 tes
476 272 571 314 belli
605 272 838 316 fabricatus
861 287 939 325 est,
969 290 1145 332 campos
1175 272 1348 317 sustulit
1376 275 1510 332 pacis.
1572 274 1623 316 In
1645 276 1730 318 hoc
1751 289 1827 334 ge·

387 342 468 369 nus
491 330 682 386 plerique
705 335 743 365 73
758 347 856 373 cum
878 331 1179 383 declinassent,
1194 342 1235 374 et
1256 334 1310 375 ab
1328 347 1492 388 e0‚quo
1507 332 1691 388 profecti
1711 341 1826 385 sunt,

390 386 709 436 aberraverunt,
733 398 773 429 et
805 389 948 445 specie
971 390 1196 445 gravitatis
1220 389 1438 440 falluntur,
1469 403 1549 431 nec
1583 390 1827 446 prospicere

311 443 369 490 11
392 453 569 499 possunt
595 446 801 486 orationis
832 456 1059 488 tumorem.
1120 447 1207 498 Qui
1233 448 1274 488 in
1298 446 1515 489 mediocre
1537 460 1672 502 genus
1694 447 1825 489 orati·

330 513 377 548 16
390 501 484 542 onis
518 502 700 557 profecti
733 511 846 552 sunt,
873 504 905 543 si
961 504 1153 545 ervenire
1173 519 1225 545 eo
1247 518 1333 545 non
1357 507 1398 539 74
1412 512 1660 560 potuerunt,
1681 518 1824 546 erran-

388 565 451 598 tes
474 561 730 614 perxcniunt
753 560 803 599 asl
829 517 1000 601 confipne
1023 574 1156 616 genus
1178 561 1271 616 ejus
1294 561 1478 618 generis,
1499 560 1617 616 quod
1637 560 1825 625 appella-

384 628 480 655 mus
503 616 730 665 fluctuans,
749 628 793 656 et,
810 616 1089 668 dissolutum
1109 632 1161 659 eo
1182 619 1297 674 quod
1319 619 1410 660 sine
1423 617 1563 659 nervis
1576 617 1825 660 etarticulis

385 672 568 713 flur-tuat
593 673 675 714 huc
697 681 741 714 et
771 673 885 725 illuc,
913 689 991 716 nec
1015 683 1158 730 potest
1183 674 1452 726 confirmate,
1475 689 1615 731 neque
1644 674 1825 717 viriliter

384 743 474 770 sese
496 730 716 785 expedire.
779 729 827 772 ld
852 741 917 772 est
938 731 1212 787 hujusmodi:
1237 732 1354 774 Socii
1374 732 1508 774 nostri
1527 747 1627 774 cum
1648 731 1825 789 bellige-

385 800 476 826 rarc
498 786 726 829 nobiscum
754 787 926 839 vellent,
949 789 1145 845 profecto
1168 789 1413 832 ratiocinati
1443 798 1586 830 essent
1606 789 1737 832 etiam
1759 797 1825 831 at-

383 857 467 897 que
485 843 630 894 ctiam,
652 845 756 900 quid
781 855 956 900 possent
977 845 1131 896 facere,
1162 847 1196 887 si
1226 847 1401 902 quidem
1424 861 1501 888 sua
1530 861 1547 888 s
1581 854 1684 889 onte
1705 846 1821 889 face-

338 912 368 945 b.
384 910 492 950 rent,
511 911 554 942 et
576 916 663 943 non
685 905 724 936 75
739 901 947 943 haberent
961 902 1032 944 hic
1045 903 1263 958 adjutores
1282 903 1456 956 multos,
1476 861 1612 946 malos
1626 903 1824 946 homines

381 966 425 998 et
449 959 647 1000 audaces.
709 958 860 1000 Solent
890 959 1004 1000 enim
1037 960 1110 1000 diu
1141 960 1334 1015 cogitare
1365 975 1529 1012 omnes,
1559 961 1632 1019 qui
1665 975 1824 1017 magna

380 1016 558 1070 negotia
583 1016 732 1057 volunt
753 1031 894 1072 agere.
957 1016 1056 1057 Non
1082 1026 1224 1073 potest
1245 1017 1493 1072 hujusmodi
1517 1032 1657 1060 sermo
1677 1028 1821 1060 tenere

379 1082 594 1114 attentum
627 1073 883 1115 auditorem.
915 1074 1075 1115 diffluit
1105 1075 1220 1116 enim
1256 1084 1386 1125 totus,
1418 1088 1557 1130 neque
1586 1075 1820 1132 quicquam

379 1129 420 1162 75
433 1130 803 1187 comprehendens
835 1130 1036 1187 perfectis
1076 1132 1217 1172 verbis
1255 1131 1545 1188 amplectitur.
1605 1132 1695 1179 Qui
1732 1146 1822 1175 non

381 1199 559 1242 possunt
582 1189 626 1230 in
651 1187 722 1230 illa
741 1188 1003 1230 facetissima
1025 1189 1252 1230 verborum
1275 1189 1573 1231 attenuatione
1594 1190 1823 1232 commode

377 1245 554 1298 versari,
585 1246 763 1287 veniunt
795 1246 847 1288 ad
880 1246 1045 1288 aridum
1082 1256 1126 1287 et
1166 1261 1386 1303 exsangue
1417 1260 1554 1303 genus
1591 1247 1817 1299 orat-ionis,

375 1303 492 1357 quod
527 1317 614 1345 non
643 1303 831 1344 alienum
853 1311 919 1344 est
950 1304 1063 1346 exile
1095 1305 1326 1355 nominari,
1349 1303 1593 1360 cujusmodi
1626 1312 1692 1346 est
1713 1303 1819 1347 hoc:

372 1358 494 1401 'Nam
517 1360 614 1402 istic
637 1361 706 1402 ille
724 1361 775 1403 ad
802 1361 973 1402 balneas
992 1363 1198 1412 accessit;
1218 1362 1271 1403 ad
1292 1362 1406 1403 hunc
1428 1370 1580 1418 postea
1600 1361 1722 1413 dicit,
1745 1361 1816 1404 hic

375 1425 476 1458 tuus
499 1431 644 1460 servus
666 1433 734 1459 me
757 1418 957 1474 pulsavit.
1021 1418 1179 1461 Postea
1200 1419 1309 1462 dicit
1331 1419 1401 1461 hie
1421 1419 1496 1469 illi,
1518 1419 1818 1461 considerabo.

377 1473 485 1517 Post
509 1475 578 1517 ille
607 1475 709 1517 huic
737 1476 983 1517 convicium
1008 1475 1125 1526 fecit,
1153 1485 1198 1518 et
1218 1477 1356 1532 magis
1384 1476 1609 1532 magisque
1631 1491 1819 1533 praesen-

375 1532 493 1573 tibus
524 1532 669 1574 multis
699 1533 919 1574 clamavit.
980 1533 1176 1575 Frivolus
1207 1533 1278 1575 hic
1308 1533 1482 1590 quidem
1499 1533 1594 1588 jam
1615 1542 1661 1575 et
1680 1533 1819 1576 illibe-

373 1589 472 1630 ralis
503 1600 566 1631 est
599 1605 753 1632 sermo.
828 1590 930 1632 Non
961 1591 1077 1632 enim
1116 1591 1194 1633 ade
1231 1600 1297 1632 tus
1339 1599 1405 1632 est
1435 1590 1493 1640 id,
1527 1590 1643 1647 quod
1684 1590 1819 1634 habet

372 1655 596 1689 attenuata
615 1647 770 1705 figura,
792 1647 911 1704 puris
939 1649 1080 1689 verbis
1107 1657 1152 1690 et
1175 1606 1321 1690 eiectis
1344 1648 1632 1704 compositam
1655 1648 1816 1691 oratio-

370 1718 487 1745 nem.
547 1705 689 1748 Omne
712 1719 847 1762 genus
877 1705 1100 1758 orationis,
1122 1715 1165 1748 et
1193 1720 1338 1762 grave,
1367 1715 1412 1747 et
1431 1703 1664 1757 mediocre,
1685 1714 1730 1747 et
1750 1715 1816 1748 at-

368 1770 611 1815 tenuatum,
632 1763 849 1820 dignitate
883 1763 1080 1805 afficiunt
1112 1763 1433 1815 exornationes,
1455 1762 1508 1805 de
1536 1762 1694 1820 quibus
1716 1772 1817 1821 post

411 1891 447 1921 71
481 1887 649 1928 Depulsus
686 1888 775 1929 erin]
807 1888 860 1918 Sic
891 1887 963 1918 edd.
989 1892 1071 1919 vett.
1114 1887 1250 1919 Mediol.
1270 1890 1360 1922 1498.
1375 1887 1472 1918 Junt.
1487 1886 1561 1919 Ald.
1577 1888 1636 1919 &c-
1653 1891 1740 1920 recte
1754 1897 1816 1928 pro

365 1930 467 1961 etiam
483 1931 581 1961 multi
596 1931 674 1961 Mss.
699 1931 785 1970 quod
806 1934 838 1960 et
856 1930 1004 1961 Graevius
1019 1931 1071 1962 edi
1112 1930 1248 1970 vulgato
1258 1934 1426 1970 poterunt,
1442 1931 1521 1961 irem
1537 1930 1618 1961 Mss.
1643 1929 1730 1972 apud
1745 1929 1815 1962 Ou-

365 1972 508 2004 volebat.
562 1973 672 2013 Vulgo
698 1974 867 2014 depulcus:
890 1973 978 2013 quod
1003 1973 1070 2014 pri-
1111 1972 1207 2003 dend.
1223 1977 1256 2003 et
1270 1973 1389 2005 nostri.
1410 1972 1490 2003 Mox
1503 1972 1706 2014 pmcwfim,
1722 1972 1814 2004 Groe-

365 2024 458 2046 mum
494 2015 529 2046 in
549 2015 600 2047 ed.
626 2015 716 2047 Med.
746 2018 837 2050 1498.
876 2016 996 2056 reperi,
1019 2025 1069 2047 se·
1111 2015 1182 2046 vius
1205 2024 1281 2046 cum
1302 2015 1374 2045 aliis
1396 2014 1524 2046 mavult
1545 2015 1722 2056 corfinium
1742 2013 1815 2057 ejus

364 2061 525 2098 tutusque
540 2062 591 2088 est
603 2057 706 2089 Aldus
729 2067 804 2089 cum
828 2058 958 2088 ceteris.
1004 2057 1068 2089 Pu·
1107 2059 1240 2096 generis
1252 2067 1270 2088 e
1287 2057 1367 2088 Mss.
1381 2061 1417 2088 et
1429 2056 1502 2087 edd.
1518 2056 1711 2097 quibusdam
1725 2057 1814 2089 anti·

364 2103 442 2130 tant
462 2109 532 2131 esse
554 2100 740 2131 obsoletum
759 2101 909 2137 verbum,
924 2105 959 2131 et
978 2110 1067 2131 com-
1110 2100 1192 2139 quis.
1237 2099 1301 2130 Sed
1323 2099 1385 2129 hoc
1410 2099 1521 2129 minus
1547 2102 1612 2136 est,
1637 2109 1736 2138 quam
1762 2109 1813 2131 res

363 2148 484 2182 parant
493 2144 588 2182 putto
602 2142 711 2174 Plauti
724 2154 731 2171 ε
748 2143 803 2174 sed
818 2142 850 2173 id
859 2147 910 2173 est
923 2152 982 2182 pro
989 2145 1066 2182 pul-
1110 2141 1267 2182 postulat.
1313 2141 1390 2172 Non
1405 2141 1494 2172 enim
1510 2142 1551 2172 ad
1563 2141 1747 2173 confinium
1759 2152 1815 2174 eoa

361 2185 435 2223 sito,
448 2191 486 2216 ut
500 2185 627 2226 opinor.
662 2185 710 2216 Ut
718 2184 772 2216 hic
783 2185 960 2224 Neptunia-
975 2186 1065 2216 Iacu-
1109 2184 1277 2225 pervenire
1293 2184 1435 2223 judicat,
1450 2183 1507 2214 sed
1520 2182 1561 2214 ad
1573 2193 1678 2224 genus
1692 2184 1703 2215 i
1743 2193 1814 2216 um.

362 2236 425 2265 ¹⁸ae,
439 2228 486 2258 sie
500 2227 588 2269 apud
600 2227 735 2259 Lucret.
750 2230 783 2266 3,
802 2230 892 2258 1044.
907 2233 987 2258 sunt
999 2230 1064 2259 sal·
1109 2227 1169 2257 Sed
1190 2226 1332 2257 alterurn
1354 2224 1425 2267 ejus
1445 2227 1577 2266 genem)
1596 2226 1682 2258 forte
1743 2225 1816 2258 len·

361 2279 407 2300 οε
417 2271 553 2301 laeunoe.
1108 2269 1202 2300 dum:
1220 2278 1298 2300 nam
1309 2269 1371 2299 etsi
1386 2277 1444 2309 per
1463 2278 1497 2299 se
1514 2272 1601 2300 stare
1622 2272 1745 2309 potest,
1758 2273 1811 2300 ta-

404 2315 448 2347 79
469 2312 637 2344 Poeniteat
655 2313 787 2353 igitur]
833 2312 883 2344 Ex
905 2312 955 2343 cd.
974 2314 1065 2345 1474.
1109 2321 1187 2342 men
1212 2311 1403 2350 ambiguam
1428 2311 1613 2342 orationem
1631 2310 1725 2342 facit.
1769 2311 1810 2342 In

361 2364 424 2396 pro
440 2357 588 2396 poenitet.
631 2355 714 2386 Vult
738 2356 828 2387 enim
851 2355 971 2393 dicere,
994 2356 1033 2384 ut
1048 2364 1066 2385 e
1109 2353 1227 2385 ceteris
1242 2353 1291 2385 ita
1311 2353 1478 2385 fluctuant
1494 2362 1556 2384 ser.
1569 2356 1604 2384 et
1621 2351 1695 2384 edd.
1708 2355 1749 2384 ut
1762 2353 1811 2386 nii

361 2397 624 2439 praecedentibus
651 2401 756 2439 patet,
792 2407 904 2439 poenas
931 2397 1000 2435 det,
1026 2402 1067 2428 ut
1110 2397 1191 2428 certi
1206 2396 1258 2426 sit.
1303 2395 1485 2436 Vulgaturn
1500 2395 1583 2426 bene
1598 2395 1709 2430 habet.

359 2449 436 2471 eum
452 2442 621 2482 poeniteat.
1151 2442 1192 2473 75
1216 2438 1388 2469 Haberent
1415 2438 1492 2478 hic-J
1538 2437 1622 2469 Edd.
1648 2447 1698 2478 pr.
1723 2437 1809 2470 hinc.

403 2486 444 2517 73
472 2482 556 2514 cam
587 2482 826 2523 declinassent]
857 2482 1006 2513 Graevius
1031 2486 1066 2513 et
1109 2481 1189 2512 item
1217 2481 1299 2511 Mss.
1326 2479 1475 2520 quidam:
1503 2489 1572 2512 non
1596 2479 1696 2511 male.
1746 2480 1810 2512 Sed

359 2525 509 2556 Oudend.
525 2536 543 2556 e
563 2525 644 2556 Mss.
660 2526 754 2556 bonis
776 2525 949 2565 corrigunt
968 2525 1063 2555 decli-
1107 2522 1262 2564 copulam
1276 2528 1351 2563 post
1365 2523 1497 2559 multos,
1511 2521 1701 2554 auctoribus
1713 2521 1810 2554 bonis

357 2573 453 2598 nane.
480 2567 537 2598 sed
562 2577 622 2599 nee
649 2571 695 2599 sic
722 2573 891 2599 structura
916 2567 1066 2608 legitima
1107 2565 1199 2596 libris
1212 2574 1275 2611 scr.
1290 2564 1410 2596 etedd.
1421 2563 1537 2595 delevi.
1580 2564 1738 2596 Ceterum
1752 2575 1809 2596 ex-

360 2615 504 2641 constat.
560 2610 646 2641 Puto
672 2610 870 2651 legendum:
901 2610 944 2640 In
971 2611 1002 2640 Ιι.
1028 2619 1065 2649 g.
1108 2609 1256 2648 emplum
1271 2612 1322 2638 est
1337 2616 1377 2638 ex
1395 2605 1509 2638 eadem
1528 2616 1656 2644 caussa,
1673 2617 1741 2647 qua
1753 2616 1809 2638 su-

353 2654 504 2693 plerique
520 2653 697 2690 declinant,
713 2663 787 2682 cum
801 2653 841 2682 ab
855 2662 890 2682 en
908 2653 966 2683 &eu
1010 2652 1064 2682 Sic
1108 2651 1216 2692 petius
1231 2660 1259 2680 c.
1271 2654 1303 2684 9.

360 2695 473 2726 omnia
491 2695 575 2726 bene
588 2700 754 2726 constant.
800 2695 864 2725 Pro
880 2695 1064 2736 prospicere
1147 2693 1189 2726 76
1207 2690 1507 2732 Οωηρνᾱιεηᾱεηε.]
1533 2690 1674 2723 Videtur
1687 2690 1807 2722 rodun-

359 2737 498 2778 denique
524 2737 733 2768 scribendum
753 2737 949 2777 perspicere,
975 2736 1063 2776 quod
1105 2734 1192 2766 dare.
1244 2734 1401 2765 Ceterum
1428 2733 1629 2773 intelligitur
1654 2733 1807 2775 exemplo

358 2780 456 2811 estin
471 2780 564 2811 libris
576 2780 714 2820 -scriptis
729 2784 763 2810 et
777 2779 827 2809 ed.
844 2778 1061 2820 Mediohpri-
1104 2777 1226 2818 posito,
1253 2775 1451 2807 dissolutum
1481 2775 1638 2816 intelligi,
1671 2775 1707 2808 in
1740 2785 1814 2816 quo*

359 2831 424 2853 mn.
1106 2819 1201 2851 muna
1217 2819 1262 2850 sit
1271 2823 1442 2850 structura
1455 2823 1535 2861 apta
1549 2818 1784 2852 membrorum.

402 2867 444 2897 74
467 2862 685 2903 Potuerunt]
731 2863 812 2895 Edd.
852 2866 942 2897 1474.
974 2865 1061 2896 1475.
