1945 3235
707 116 983 156 BRUTUS.
1494 122 1570 159 505

129 222 498 264 enumerationem
528 221 774 273 oratoriam,
797 234 945 262 verum
969 219 1102 260 etiam
1132 230 1351 278 praecepta
1371 223 1572 278 quaedam

125 278 362 323 desiderat:
398 280 501 336 quid
545 289 748 334 tanquam
785 277 1023 329 notandum
1061 286 1104 317 et
1137 279 1571 323 animadvertendum

128 337 186 377 sit
208 338 249 378 in
274 337 527 389 Hortensio,
549 338 736 378 breviter
757 335 858 377 licet
879 334 1036 375 dicere.
1099 334 1213 375 Nam
1239 335 1272 375 is
1296 348 1394 391 post
1416 352 1572 381 consu-
1584 353 1666 389 3:20

128 392 262 435 latum
295 395 442 448 (credo
472 395 588 450 quod
621 394 796 443 videret,
829 407 884 432 ex
915 390 1213 433 consularibus
1233 394 1447 435 neminem
1481 410 1573 437 esse

128 465 272 493 secum
306 452 658 508 comparandum,
694 450 934 505 negligeret
965 459 1106 490 autem
1142 463 1231 501 eos,
1270 450 1344 504 qui
1377 452 1573 494 consules

125 522 214 552 non
240 510 455 561 fuissent,)
487 522 700 549 summum
736 507 839 548 illud
864 522 987 548 suum
1017 507 1207 548 studium
1235 507 1415 558 remisit,
1439 523 1524 563 quo
1548 525 1575 551 a

125 580 259 623 puero
289 567 429 608 fuerat
451 568 662 614 incensus,
687 573 814 619 atque
846 564 889 605 in
923 565 1117 605 omnium
1141 579 1280 605 rerum
1307 566 1577 607 abundantia.

125 623 263 664 voluit
287 624 465 673 beatius,
490 632 537 663 ut
558 623 649 678 ipse
673 623 868 678 putabat,
893 622 1109 662 remissius
1132 631 1247 663 certe
1268 623 1424 664 vivere.
1480 623 1577 664 Pri-

123 695 234 732 mus,
256 690 299 721 et
321 680 530 721 secundus
554 695 706 731 annus,
729 690 772 720 et,
806 681 953 720 tertius
977 689 1146 720 tantum
1169 680 1290 735 quasi
1314 681 1367 723 de
1389 681 1574 737 picturae

123 738 277 779 veteris
311 738 454 778 colore
477 738 737 788 detraxerat,
760 748 970 792 quantum
1004 752 1088 777 non
1121 738 1263 792 quivis
1287 753 1396 779 unus
1419 753 1473 779 ex
1497 753 1579 795 po-

122 795 241 850 pulo,
274 795 346 835 sed
379 795 651 836 existimator
689 796 842 837 doctus
879 806 922 835 et
953 794 1197 850 intelligens
1233 805 1377 850 posset
1410 810 1576 852 cogno·

121 866 252 893 scere.
315 852 508 908 Longius
543 863 687 893 autem
719 853 970 909 procedens,
993 863 1036 893 et
1068 854 1111 893 in
1138 854 1290 894 ceteris
1314 853 1575 909 eloquentiae

120 910 332 965 partibus,
357 920 448 951 tum
477 911 667 951 maxime
697 911 740 951 in
764 910 982 951 celeritate
1005 919 1049 950 et
1071 911 1401 953 continuatione
1422 912 1575 952 verbo-

120 981 216 1008 rum
249 968 562 1019 adhaerescens,
596 969 659 1009 sui
691 968 938 1009 dissimilior
974 968 1201 1009 videbatur
1237 968 1328 1010 fieri
1361 969 1572 1024 quotidie.

121 1023 216 1066 Nos
238 1035 380 1067 autem
405 1041 489 1066 non
511 1026 835 1075 desistebamus,
856 1040 954 1067 cum
978 1026 1095 1066 omni
1120 1040 1275 1082 genere
1294 1027 1657 1079 exercitatio-321

121 1082 202 1133 nis,
236 1094 326 1124 tum
363 1084 551 1124 maxime
588 1083 701 1134 stilo,
739 1095 930 1124 nostrum
964 1083 1082 1133 illud,
1115 1084 1229 1138 quod
1259 1095 1365 1135 erat,
1398 1098 1572 1140 augere,

121 1152 520 1196 quantumcumque
552 1151 658 1182 erat.
719 1140 863 1196 Atque
893 1144 962 1193 (ut
996 1141 1130 1181 multa
1161 1141 1380 1192 omittam)
1413 1142 1456 1182 in
1490 1141 1574 1184 hoc

122 1199 278 1253 spatiO,
299 1208 339 1239 et
366 1200 407 1240 in
439 1199 488 1239 iis
514 1209 611 1254 post
642 1198 894 1239 aedilitatem
917 1199 1056 1249 annis,
1079 1208 1122 1239 et
1145 1210 1305 1254 praetor
1329 1200 1507 1255 primuS,
1530 1211 1575 1241 et

124 1255 410 1297 li‘incredibili
436 1256 633 1312 populari
658 1256 878 1297 voluntate
898 1271 992 1297 sum
1017 1256 1171 1297 faetus.
1213 1256 1329 1298 Nam
1352 1272 1450 1298 cum
1476 1272 1574 1313 pro-

121 1322 216 1368 pter
246 1314 543 1354 assiduitatem
566 1314 608 1354 in
639 1314 777 1354 causis
807 1325 849 1355 et
878 1314 1152 1364 industriam,
1175 1322 1267 1355 tum
1299 1324 1476 1370 propter
1497 1329 1575 1356 ex-

121 1371 323 1424 quisitius
345 1380 388 1412 et
412 1372 588 1412 minime
615 1371 788 1425 vulgare
817 1371 1026 1412 orationis
1062 1386 1214 1428 genUS,
1236 1373 1404 1413 animos
1433 1373 1575 1413 homi-

120 1442 225 1469 num
265 1429 316 1470 ad
356 1443 423 1469 me
453 1429 624 1470 dicendi
666 1429 859 1470 novitate
887 1439 1201 1470 converteram.
1265 1429 1389 1471 Nihil
1422 1430 1474 1471 de
1505 1436 1664 1472 me3‘22

120 1485 284 1527 dicam:
317 1486 458 1527 dicam
489 1487 542 1528 de
564 1487 732 1537 ceteris,
762 1501 947 1542 quorum
980 1502 1108 1527 nemo
1135 1495 1241 1538 erat,
1263 1487 1337 1543 qui
1358 1487 1574 1530 videretur

118 1543 394 1598 exquisitius,
417 1559 546 1599 quam
572 1545 726 1600 vulgus
760 1545 1004 1595 hominum,
1030 1544 1244 1586 studuisse
1276 1545 1446 1596 litteris,
1480 1546 1578 1601 qui—

120 1601 200 1642 bus
224 1601 320 1643 fons
353 1603 556 1658 perfectae
580 1602 841 1657 eloquentiae
865 1603 1138 1643 continetur:
1171 1617 1314 1653 nemo,
1336 1603 1410 1658 qui
1435 1603 1578 1659 philo-

120 1658 320 1715 sophiam
343 1659 598 1715 complexus
631 1669 756 1710 esset,
780 1669 962 1700 matrem
991 1660 1185 1701 omnium
1219 1661 1329 1701 bene
1361 1660 1576 1702 factorum

120 1716 316 1771 beneque
337 1717 579 1758 dictorum:
612 1732 754 1768 nemo,
780 1717 852 1773 qui
878 1717 953 1773 jus
984 1717 1111 1759 civile
1142 1717 1380 1769 didicisset,
1402 1733 1492 1759 rem
1522 1720 1575 1761 ad

120 1774 310 1830 privatas
346 1790 510 1825 causas,
542 1785 585 1815 et
615 1775 668 1816 ad
692 1776 872 1816 oratoris
894 1776 1186 1831 prudentiam,
1209 1775 1399 1816 maxime
1430 1790 1577 1817 neces-

121 1831 301 1873 sariam:
336 1846 476 1883 nemo,
504 1833 578 1887 qui
612 1833 863 1874 memoriam
890 1848 1029 1874 rerum
1066 1833 1361 1874 Romanarum
1395 1843 1576 1886 teneret,

124 1890 225 1930 lssex
259 1904 358 1945 qua,
384 1890 613 1945 siquando
646 1905 753 1947 opus
786 1901 911 1941 esset,
943 1891 997 1932 ab
1031 1890 1179 1931 inferis
1213 1891 1575 1947 locupletissimos

122 1954 250 1987 testes
273 1947 507 1989 excitaret:
541 1962 684 1999 nemo,
711 1949 783 2004 qui
814 1949 1003 1990 breviter
1033 1959 1286 2005 arguteque,
1311 1948 1478 1990 incluso
1501 1950 1577 1991 ad-

119 2005 324 2056 versario,
347 2005 513 2046 laxaret
537 2005 737 2061 judicum
769 2007 950 2057 animos,
985 2016 1115 2061 atque
1150 2021 1175 2047 a
1204 2007 1431 2048 severitate
1455 2007 1576 2063 paul-

119 2060 250 2118 lisper
262 2063 315 2104 ad
333 2063 592 2104 hilaritatem
618 2064 836 2119 risumque
860 2065 1126 2105 traduceret:
1148 2065 1378 2120 nem0,qui
1395 2064 1574 2105 dilatare

121 2131 280 2175 posset,
302 2130 431 2176 atque
453 2137 478 2161 a
511 2122 684 2177 propria
714 2137 765 2162 ac
796 2121 974 2162 definita
998 2121 1292 2178 disputatione
1316 2123 1502 2163 hominis
1523 2137 1573 2164 ac

122 2178 343 2234 temporis,
367 2179 419 2219 ad
442 2194 717 2220 communem
747 2180 1033 2235 quaestionem
1066 2179 1254 2220 universi
1283 2181 1452 2235 generis
1475 2195 1571 2221 ora-

120 2235 284 2276 tionem
329 2239 366 2271 ¹9
381 2237 628 2279 traducere:
662 2251 804 2288 nemo,
843 2238 916 2292 qui
954 2237 1196 2278 delectandi
1230 2238 1372 2293 gratia
1399 2238 1613 2294 digredib.

119 2308 349 2349 parumper
372 2309 396 2334 a
420 2309 561 2344 causa,
586 2309 726 2344 nemo,
750 2296 822 2350 qui
845 2295 899 2335 ad
929 2295 1191 2336 iracundiam
1217 2295 1569 2351 magnopereju·

118 2351 274 2401 dicem,
315 2366 457 2401 nemo,
492 2353 565 2407 qui
603 2353 655 2393 ad
688 2353 837 2393 fletum
873 2363 1017 2408 posset
1049 2353 1280 2393 adducere:
1315 2367 1458 2404 nemo,
1494 2353 1567 2407 qui

119 2408 309 2450 animum
345 2408 438 2463 ejus
472 2410 607 2464 (quod
633 2425 765 2450 unum
796 2420 860 2451 est
893 2411 1074 2450 oratoris
1103 2410 1294 2450 maxime
1326 2410 1568 2466 proprium)
1618 2430 1653 2477 4

119 2480 394 2522 quocumque
436 2481 500 2507 res
537 2468 788 2522 postularet,
832 2467 1063 2523 impellere.
1137 2467 1305 2523 Itaque,
1339 2483 1439 2508 cum
1472 2468 1658 2536 jam3²3

165 2582 199 2612 17
232 2581 412 2612 incredibili
444 2582 601 2620 populari
636 2582 818 2622 voluntate]
865 2582 1032 2622 praecessit
1057 2591 1135 2622 qua,
1163 2582 1211 2611 si.-
1236 2591 1276 2611 αι’
1297 2591 1374 2621 qua,
1393 2583 1421 2613 si
1439 2592 1468 2623 q.
1489 2592 1518 2613 o.
1545 2592 1572 2613 e.

119 2621 240 2653 Melius
260 2626 372 2663 populi
387 2637 396 2653 .·
423 2624 469 2654 sic
491 2625 580 2654 enim
603 2625 678 2654 aiibi
696 2635 824 2665 semper
865 2626 959 2664 quasi
973 2625 1014 2654 ab
1028 2623 1144 2664 izgs'eris
1161 2626 1181 2654 l.
1195 2628 1218 2655 t.
1235 2626 1409 2656 excitaret.

119 2665 265 2704 loquitur
280 2668 313 2696 in
331 2667 391 2697 hae
406 2677 452 2703 re,
469 2677 650 2706 nunquam,
667 2667 752 2706 quod
766 2678 824 2697 no·
914 2671 950 2701 19
973 2666 1381 2707 traducere—impellere.]
1412 2667 1466 2697 Sic
1499 2665 1574 2698 dedi

118 2709 232 2744 tarim,
248 2709 356 2747 aliter,
371 2714 406 2740 et
419 2720 458 2740 eo
479 2720 544 2749 quo
559 2709 612 2740 hic
628 2711 662 2740 in
681 2710 824 2749 vulgatis
869 2719 926 2749 pro
968 2709 1111 2749 vulgatis
1151 2710 1574 2749 traduceret—impelleret.

118 2751 227 2780 modo.
866 2762 943 2782 nam
963 2760 1041 2782 sunt
1057 2752 1110 2782 hie
1125 2753 1206 2782 meri
1222 2752 1391 2788 infinitivi,
1403 2752 1457 2791 qui
1473 2763 1492 2782 a
1499 2761 1573 2791 pos-

166 2796 200 2823 18
225 2803 265 2823 es·
278 2803 356 2832 qua,
375 2795 405 2824 si
425 2794 554 2833 quando
578 2804 656 2834 opus
677 2799 769 2831 esset,
782 2795 824 2824 ab
864 2800 911 2825 set
927 2795 1084 2835 pendent.
1107 2794 1238 2824 Similes
1250 2795 1472 2826 aberrationes
1487 2795 1521 2825 in
1534 2793 1574 2826 li.

116 2835 248 2874 inferis]
273 2836 405 2867 Durum
427 2837 542 2876 utique
565 2841 628 2873 est,
652 2847 692 2867 ex
716 2847 825 2877 qua—
865 2838 932 2868 bris
947 2837 1019 2869 aliis
1035 2836 1233 2868 notavimus.

116 2879 158 2908 ab
183 2878 308 2919 ity'eris.
325 2888 368 2910 an
391 2879 513 2910 excidit
533 2881 639 2920 quasi,
655 2880 733 2920 quia
747 2889 824 2910 mox
