1945 3235
617 99 802 137 LIBER
835 98 1167 140 SECUNDUS.
1538 104 1618 145 ΞΜ

176 203 222 245 in
242 216 338 244 eam
360 203 630 254 sententiam,
653 203 696 244 in
719 217 849 258 quam
879 202 929 255 is,
951 203 1027 258 qui
1050 203 1181 255 dicet,
1204 204 1504 260 accipiendum
1526 221 1618 248 esse

177 260 506 304 demonstrabit.
568 260 739 302 Deinde
768 274 824 302 ex
859 263 1078 316 superiore
1109 270 1154 302 et
1188 275 1242 301 ex
1279 261 1479 304 inferiore
1515 264 1706 311 scri-117

176 326 305 375 ptura
345 319 602 369 docendum,
649 318 710 370 id,
751 318 868 373 quod
909 328 1143 373 quaeratur,
1185 318 1277 359 fieri
1328 321 1618 375 perspicuum.

178 375 326 422 Quare
355 378 389 418 si
419 377 512 433 ipsa
539 376 771 431 separatim
792 389 847 416 ex
878 390 922 416 se
944 377 1076 417 verba
1097 375 1437 426 considerentur,
1459 380 1619 428 onmia,

175 442 251 474 aut
289 434 503 490 pleraque,
541 433 747 490 ambigua
776 433 918 474 visum
955 433 1022 475 iri.
1086 434 1199 480 Quae
1238 442 1383 475 autem
1413 448 1467 474 ex
1502 437 1622 476 omni

175 492 446 533 considerata
484 491 696 547 scriptura
732 490 962 547 perspicua
1000 491 1121 544 fiant,
1159 491 1256 532 haec
1295 491 1502 547 ambigua
1533 506 1623 533 non

177 558 375 605 oportere
396 548 650 590 existimari.
703 547 889 599 Deinde,
911 564 997 604 qua
1019 549 1062 591 in
1086 547 1300 591 sententia
1322 548 1506 605 scriptor
1528 548 1620 590 fue-

176 606 246 658 rit,
268 621 324 648 ex
346 606 497 648 ceteris
528 605 621 661 ejus
653 606 840 662 scriptis,
863 605 1005 658 factis,
1027 607 1171 658 dictis,
1194 607 1354 658 animo,
1378 617 1507 661 atque
1532 606 1622 647 vita

173 663 267 719 ejus
300 664 408 705 sumi
431 663 666 719 oportebit,
687 673 733 705 et
753 678 849 705 eam
881 663 1018 721 ipsam
1053 665 1325 720 scripturam,
1347 664 1393 705 in
1414 679 1500 720 qua
1530 664 1621 705 ine-

174 721 231 762 rit
260 721 364 762 illud
393 721 662 777 ambiguum,
694 722 746 763 de
779 736 866 777 quo
896 723 1121 777 quaeritur,
1152 731 1291 763 totam
1325 722 1526 763 omnibus
1564 736 1620 763 ex

173 778 368 834 partibus
390 788 647 835 pertentare,
672 780 706 820 si
729 780 848 835 quid,
871 789 946 821 aut
976 780 1030 821 ad
1060 780 1104 821 id
1136 780 1480 836 appositumisit,
1503 780 1621 835 quod

173 850 252 877 nos
285 836 630 893 interpretemur,
661 845 737 878 aut
766 837 821 888 ei,
846 837 962 892 quod
993 837 1260 879 adversarius
1293 837 1522 894 intelligat,
1545 837 1620 879 ad-

173 903 378 936 versetur.
440 894 557 936 Nam
579 894 719 946 facile,
742 895 847 951 quid
870 895 1101 936 verisimile
1123 896 1179 936 sit
1200 909 1299 936 eum
1321 895 1521 947 voluisse,
1544 895 1620 950 qui

173 951 360 1008 scripsit,
383 952 584 993 ex=on1ni
616 952 842 1008 scriptura,
864 961 909 994 et
939 968 994 994 ex·
1026 968 1209 1010 persona
1231 953 1468 1010 scriptoriS,
1491 962 1620 1008 atque

172 1008 225 1049 iis
247 1010 389 1061 rebus,
411 1024 508 1065 quae
531 1010 725 1066 personis
747 1011 970 1052 attributae
994 1020 1109 1063 sunt,
1131 1011 1488 1052 considerabitur.
1530 1010 1618 1052 De·
1633 1018 1708 1054 118

174 1066 274 1108 inde
295 1067 377 1108 erit
397 1067 795 1119 demonstrandum,
818 1069 853 1109 si
875 1068 980 1123 quid
1002 1083 1058 1110 ex
1090 1069 1185 1124 ipsa
1214 1083 1258 1110 re
1289 1068 1463 1109 dabitur
1485 1067 1620 1110 facul-

176 1124 292 1176 tatis,
315 1125 374 1176 id,
397 1125 513 1181 quod
535 1125 800 1167 adversarius
822 1125 1052 1182 intelligat,
1070 1125 1209 1167 multo
1227 1125 1370 1167 minus
1392 1126 1621 1168 commode

172 1181 266 1223 fieri
300 1197 436 1239 posse,
468 1197 598 1238 quam
627 1182 686 1235 id,
719 1183 837 1239 quod
869 1197 948 1224 nos
977 1184 1232 1239 accipimus,
1263 1183 1380 1238 quod
1413 1183 1526 1224 illius
1561 1185 1621 1227 rei

173 1254 314 1296 neque
343 1240 673 1292 administratio,
707 1255 847 1296 neque
875 1241 1019 1282 exitus
1050 1241 1159 1283 ullus
1193 1250 1361 1292 exstet3
1392 1256 1470 1282 nos
1504 1242 1622 1297 quod

175 1297 384 1349 dicamus,
407 1296 533 1340 facile
553 1306 598 1339 et
618 1299 847 1340 commode
873 1298 1054 1355 transigi
1086 1313 1227 1355 posse.
1260 1308 1307 1339 ut
1337 1299 1381 1339 in
1413 1298 1495 1340 hac
1526 1299 1622 1356 lege

175 1355 304 1408 (nihil
324 1356 440 1396 enim
471 1355 675 1412 prohibet
695 1355 842 1397 fictam
865 1357 1054 1413 exempli
1088 1357 1185 1397 loco
1210 1370 1382 1412 ponere,
1406 1371 1492 1412 quo
1515 1356 1623 1399 faci-

171 1411 254 1453 lius
273 1428 339 1455 res
358 1413 924 1469 intelligatur)MERETR1x
943 1427 1190 1455 conoNAM
1213 1427 1422 1456 AUREAM
1447 1428 1511 1456 NE
1536 1429 1624 1457 HA-

178 1483 324 1513 ΒΕΤο.
350 1486 392 1512 sr
420 1484 694 1523 HABUERIT,
720 1485 936 1513 PUBLICA
961 1486 1102 1523 EsTo,
1124 1481 1276 1514 contra
1297 1486 1410 1524 eum,
1433 1473 1507 1528 qui
1533 1487 1623 1514 me-

174 1529 603 1584 retricem-*publicari
626 1529 744 1571 dicat
764 1544 821 1571 ex
842 1530 937 1586 lege
958 1539 1172 1586 oportere,
1192 1538 1338 1585 posset
1358 1530 1460 1582 dici,
1483 1544 1622 1586 neque

171 1586 591 1628 administrationem
611 1601 702 1628 esse
723 1586 854 1629 ullam
877 1587 1064 1644 publicae
1090 1587 1344 1640 meretricis,
1367 1602 1506 1643 neque
1528 1589 1621 1630 exi-

174 1652 268 1684 tum
301 1644 408 1699 legis
436 1645 480 1685 in
509 1645 733 1686 meretrice
764 1645 1039 1701 pumicanda.
1071 1653 1116 1687 at
1146 1646 1191 1687 in
1221 1660 1325 1686 auro
1356 1646 1620 1700 publicando

174 1708 219 1742 et
244 1701 663 1743 administrationem
694 1712 738 1744 et
758 1704 927 1744 exitum
954 1702 1127 1745 facilem
1147 1717 1254 1754 esse,
1276 1712 1320 1743 et
1350 1703 1616 1746 incommodi

175 1758 286 1799 nihil
309 1759 461 1800 inesse.
494 1759 559 1800 Ac
576 1754 923 1816 diligenter-illud
945 1766 1118 1818 quoque
1140 1761 1362 1802 attendere
1383 1762 1618 1816 oportebit,
1631 1770 1702 1820 41

174 1830 295 1868 num,
317 1816 390 1858 illo
422 1818 620 1873 probato,
653 1818 768 1872 quod
799 1818 1065 1859 adversarius
1097 1818 1326 1874 intelligat,
1357 1819 1506 1859 utilior
1535 1834 1706 1879 res,119

173 1883 250 1915 aut
286 1874 522 1926 honestior,
561 1883 637 1916 aut
667 1876 806 1931 magis
837 1876 1092 1928 necessaria,
1124 1890 1150 1916 a
1179 1876 1389 1931 scriptore
1417 1875 1618 1932 neglecta

174 1931 386 1973 videatur.
447 1932 498 1973 Id
534 1932 623 1984 fiet,
646 1933 680 1973 si
712 1934 770 1984 id,
792 1933 910 1988 quod
938 1948 1017 1974 nos
1050 1933 1458 1985 demonstrabimus,
1481 1934 1616 1976 hone·
1631 1942 1663 1974 b.

173 1997 304 2042 stum,
325 1999 400 2031 aut
421 1989 540 2041 utile,
563 2000 637 2032 aut
658 1991 946 2033 necessarium
967 1990 1385 2033 demonstrabimus:
1418 2002 1477 2043 et,
1501 1992 1535 2032 si
1557 1992 1616 2044 id,

171 2048 288 2102 quod
312 2048 366 2088 ab
385 2048 638 2089 adversariis
659 2048 842 2100 dicetur,
862 2048 1042 2090 minime
1061 2049 1274 2105 ejusmodi
1297 2049 1490 2091 dicemus
1509 2064 1616 2091 esse.

174 2103 347 2146 Deinde
371 2105 406 2146 si
429 2105 473 2146 in
506 2105 602 2162 lege
627 2105 708 2147 erit
740 2121 796 2147 ex
827 2106 1036 2163 ambiguo
1058 2107 1367 2159 controversia,
1389 2108 1491 2149 dare
1513 2122 1618 2163 ope-

169 2176 262 2203 ram
284 2163 519 2219 oportebit,
541 2172 590 2204 ut
611 2164 663 2205 de
694 2179 761 2216 eo,
783 2164 899 2220 quod
931 2164 1197 2206 adversarius
1220 2164 1450 2222 intelligat,
1469 2164 1554 2205 alia
1571 2165 1616 2207 in

170 2219 268 2276 lege
300 2230 477 2262 cautum
509 2235 601 2262 esse
633 2221 854 2263 doceatur.
916 2221 1187 2264 Permultum
1222 2231 1367 2264 autem
1401 2222 1616 2279 proficiet,
1632 2235 1707 2270 120

173 2277 278 2319 illud
311 2278 619 2331 demonstrare,
658 2279 1024 2334 quemadmodum
1058 2279 1313 2336 scripsisset,
1345 2281 1379 2321 si
1412 2280 1470 2332 id,
1500 2282 1616 2335 quod

169 2335 436 2377 adversarius
467 2336 668 2393 accipiat,
692 2337 799 2388 fieri,
821 2346 897 2378 aut
929 2337 1114 2394 intelligi
1137 2337 1364 2382 voluisset:
1398 2348 1448 2379 ut
1469 2338 1514 2378 in
1537 2339 1618 2381 hac

173 2407 316 2446 causa,
338 2394 382 2434 in
405 2409 491 2450 qua
512 2394 566 2435 de
593 2395 704 2436 vasis
734 2395 950 2451 argenteis
973 2396 1197 2451 quaeritur,
1221 2395 1358 2451 possit
1379 2395 1533 2437 mulier
1554 2397 1620 2438 di·-

171 2464 283 2502 cere,
315 2451 424 2493 nihil
453 2451 679 2493 attinuisse
708 2452 912 2504 adscribi,
941 2468 1040 2508 quae
1064 2452 1195 2505 volet,
1218 2453 1253 2493 si
1275 2453 1443 2495 heredis
1466 2454 1620 2496 volun-

175 2508 254 2549 tati
288 2509 571 2563 permitteret.
593 2524 645 2551 eo
674 2510 791 2551 enim
820 2525 908 2551 non
943 2510 1178 2567 adscripto,
1200 2510 1311 2551 nihil
1331 2512 1470 2553 inesse
1491 2512 1619 2554 dubi-

175 2565 365 2617 tationis,
398 2567 502 2622 quin
536 2566 675 2619 heres,
704 2582 803 2623 quae
826 2569 919 2624 ipse
945 2568 1087 2620 vellet,
1118 2568 1253 2609 daret.
1312 2572 1354 2601 35
1367 2567 1620 2618 Amentiam

176 2621 309 2677 igitur
337 2622 484 2677 fuisse,
517 2639 617 2667 cum
646 2625 794 2667 heredi
825 2626 953 2667 vellet
984 2640 1152 2678 cavere,
1186 2625 1229 2668 id
1252 2625 1510 2680 adscribere,
1532 2642 1619 2684 quo

215 2771 256 2800 35
278 2770 467 2802 Amentiam
477 2773 500 2803 i.
502 2771 555 2813 fi]
581 2773 634 2803 Sic
646 2783 706 2813 pro
720 2774 873 2805 amentiae
916 2773 1032 2805 Lamb.
1077 2773 1130 2804 Sic
1149 2774 1251 2805 etiam
1272 2780 1323 2806 est
1343 2786 1371 2806 e.
1393 2778 1445 2807 45.
1469 2777 1504 2806 et
1522 2784 1620 2815 supra

174 2810 366 2845 cdidimuse
381 2813 460 2844 Mss.
476 2815 539 2848 Gu.
555 2817 585 2847 2.
600 2815 694 2846 Voss.
715 2818 744 2848 2.
762 2816 875 2847 Schol.
916 2816 978 2847 hac
1005 2816 1114 2848 forma
1146 2826 1223 2848 usus
1250 2823 1300 2848 est
1329 2822 1404 2850 tum
1437 2820 1517 2859 ipse,
1545 2826 1619 2848 tum

175 2853 226 2901 ql.
249 2854 382 2888 omnib.
405 2856 494 2888 Med.
515 2858 611 2889 Junt.
636 2863 674 2889 ut
690 2860 875 2899 conjecerat
917 2865 1035 2890 auctor
1049 2859 1124 2890 libr.
1139 2859 1180 2890 ad
1196 2860 1344 2893 Herenn.
