1945 3235
349 111 426 145 seo
759 121 764 128 ·
840 108 919 146 AD
954 105 1320 150 TREBATIUM

354 210 459 266 Ejus
482 211 651 268 generis
673 211 769 253 liaec
800 222 924 255 sunt:
958 213 1075 267 Non,
1098 212 1463 270 quemadmodum
1485 211 1603 269 quod
1633 212 1803 256 mulieri

351 269 523 318 debeas,
544 272 585 304 ⁴9
599 279 714 310 recte
737 269 818 326 ipsi
841 271 1024 322 mulieri,
1047 272 1139 312 sine
1161 280 1304 313 tutore
1334 280 1524 322 auctore,
1547 270 1708 314 solvas:-
1739 272 1803 313 ita.

351 325 469 381 quod
498 335 574 366 aut
605 325 795 384 pupillae,
828 338 903 369 aut
935 329 1101 385 pupillo
1133 328 1306 381 debeas,
1336 337 1451 370 recte
1481 329 1619 385 possis
1649 329 1803 370 eodem

290 390 339 428 47
354 382 483 424 modo
506 383 684 426 solvere.
745 384 963 442 Deinceps
995 386 1114 428 locus
1144 396 1224 438 est,
1255 380 1376 442 50qui
1409 402 1434 427 a
1456 385 1672 428 contrario
1695 385 1804 428 dici-

354 451 438 481 tur.
500 441 828 483 Contrariorum
860 455 1002 484 autem
1038 459 1195 501 genera
1226 456 1326 486 sunt
1357 443 1501 499 plura:
1557 457 1690 484 unum
1731 457 1805 484 eo-

353 513 463 550 rum,
485 513 582 554 quae
607 500 650 541 in
674 499 824 540 eodem
849 514 1005 556 genere
1028 502 1261 557 plurimum
1280 501 1501 553 differunt,
1524 510 1572 541 ut
1594 500 1807 557 sapientia

353 566 397 597 et
418 556 617 598 stultitia.
680 555 844 597 Eodem
867 569 1010 598 autem
1042 573 1199 614 genere
1219 560 1436 610 dicuntur,
1459 557 1616 614 quibus
1647 572 1809 615 propo-

351 613 445 655 sitis
473 623 721 664 occurrunt,
745 624 965 669 tamquam
988 629 1011 654 e
1044 618 1234 673 regione,
1265 617 1465 673 quaedam
1496 615 1727 667 contraria,
1758 624 1811 657 ut

350 670 560 712 celeritati
585 671 778 723 tarditas,
809 674 949 713 5ὶιιοιι
974 672 1188 715 debilitas,
1221 678 1324 715 52ex
1350 674 1508 730 quibus
1539 671 1807 728 [contrariis]

351 739 607 784 argumenta
650 728 752 769 talia
792 729 1034 771 exsistunt:
1085 731 1130 772 Si
1174 731 1401 772 stultitiam
1444 731 1651 788 fugimus,
1693 730 1810 787 sapi-

352 787 516 827 entiam
547 801 801 842 sequamur:
834 797 877 827 et
912 787 1167 840 bonitatem,
1196 789 1230 829 si
1262 788 1486 830 malitiam.
1550 789 1679 840 Haec,
1709 803 1811 843 quae¹

353 858 406 883 ex
442 843 592 884 eodem
639 859 795 900 genere
839 844 1057 887 contraria
1099 855 1214 897 sunt,
1257 846 1577 902 53appellantur
1616 846 1813 887 adversa.

292 906 340 938 40>
356 902 518 942 -·›-1sunt
541 901 657 942 enim
685 901 768 943 alia
789 902 1020 954 contraria,
1044 918 1142 959 quae.
1175 903 1393 960 privantia
1413 903 1515 944 licet
1545 902 1811 959 appellemus

354 957 501 1009 latine,
533 959 732 1001 &Gra-ci
765 959 984 1016 appellant
1014 965 1182 1017 ςεςητικά.
1243 961 1282 992 56
1300 960 1560 1017 Praepositio
1589 960 1706 1001 enim
1737 973 1810 1012 IN,

354 1016 499 1073 privat
522 1018 701 1058 verbum
723 1032 774 1058 ea
798 1020 854 1069 vi,
877 1032 1007 1072 quam
1030 1018 1223 1070 haberet,
1252 1019 1286 1059 si
1321 1032 1372 1060 1N
1409 1017 1692 1076 praepositum
1723 1032 1812 1060 non

356 1073 530 1116 fuisset:
580 1084 629 1116 ut
659 1074 856 1131 dignitas,
894 1074 1136 1132 indignitas,
1165 1076 1413 1128 humanitas,
1442 1075 1736 1126 inhumanitas,
1768 1086 1817 1119 et*

355 1141 499 1173 cetera
530 1132 698 1188 generis
729 1132 948 1188 ejusdem:
981 1148 1167 1188 quorum
1200 1134 1402 1175 tractatio
1424 1144 1490 1175 est
1516 1133 1682 1185 eadem,
1712 1147 1810 1188 quae

294 1195 344 1228 49
359 1189 644 1245 superiorum,
666 1205 764 1246 quae
786 1190 965 1231 adversa
986 1191 1096 1234 dixi.
1151 1192 1266 1233 Nam
1289 1191 1373 1233 alia
1393 1205 1566 1247 quoque
1588 1199 1688 1232 sunt
1709 1205 1814 1232 con·

361 1247 588 1288 trariorum
618 1262 791 1304 genera,
824 1247 941 1289 velut
970 1263 1035 1300 ea,
1065 1265 1164 1306 quae
1196 1265 1295 1292 cum
1329 1249 1473 1305 aliquo
1503 1248 1814 1291 conferuntur:

357 1315 407 1346 ut
440 1305 636 1361 duplum,
668 1306 896 1362 simplum:
930 1306 1080 1358 multa,
1115 1323 1277 1364 pauca:
1310 1307 1505 1364 longum,
1537 1307 1690 1348 breve:
1724 1321 1818 1347 ma-

351 1363 442 1417 jus,
465 1363 622 1404 minus.
685 1364 797 1404 Sunt
817 1363 949 1404 etiam
974 1363 1046 1406 illa
1068 1367 1190 1407 valde
1212 1366 1442 1417 contraria,
1465 1379 1562 1420 quae
1594 1362 1816 1420 appellan-

359 1429 428 1461 tur
449 1421 666 1476 negantia.
692 1435 742 1461 ea
764 1424 802 1456 57
816 1429 1018 1475 ἀποφατικὰ
1043 1423 1206 1475 Graeci,
1228 1423 1446 1465 contraria
1475 1422 1718 1464 aientibus:
1751 1429 1816 1471 ut,

359 1478 406 1518 Si
441 1477 524 1518 hoe
556 1488 636 1529 est,
661 1478 765 1520 illud
798 1495 885 1522 non
918 1490 998 1522 est.
1060 1481 1179 1527 Quid
1212 1481 1328 1522 enim
1356 1495 1464 1537 opus
1495 1478 1698 1535 exemplo
1719 1481 1811 1520 est.²

360 1544 531 1576 tantum
562 1535 845 1592 intelligatur,
871 1547 1130 1595 argumento
1153 1538 1402 1594 quaerendo,
1425 1535 1652 1579 contrariis
1673 1535 1815 1578 omni-

361 1593 442 1634 bus
464 1593 682 1634 contraria
702 1608 789 1636 non
811 1610 1058 1637 convenire.

283 1648 351 1691 *50
420 1649 491 1692 Ab
533 1650 750 1706 adjunctis
792 1663 936 1694 autem
971 1653 1104 1709 posui
1146 1652 1345 1708 equidem
1380 1651 1630 1708 exemplum
1669 1649 1814 1708 paullo

364 1716 480 1760 ante,
503 1708 640 1750 multa
661 1708 826 1753 seilicet
849 1711 1046 1768 adjungi,
1069 1726 1167 1767 quae
1200 1710 1474 1768 suscipienda
1494 1716 1651 1762 essent,
1673 1708 1709 1750 si
1732 1718 1821 1751 sta·

403 1859 445 1891 49
469 1861 554 1887 recte
569 1859 815 1890 mulieri-sine
836 1864 943 1891 tutore
957 1864 1069 1891 aucto·
1110 1860 1259 1901 spurium
1273 1863 1335 1890 est.

361 1909 398 1928 re
423 1900 542 1939 solz-as]
579 1901 601 1931 i.
627 1912 656 1932 e.
680 1903 750 1932 sine
778 1903 922 1943 periculo
948 1904 1068 1940 solvas,

363 1941 424 1971 nisi
452 1947 546 1972 tutor
573 1943 611 1980 iss.
636 1949 783 1984 curator)
811 1947 928 1986 prot-et
951 1952 985 1976 et
1011 1956 1069 1976 an-

362 1988 459 2014 nuat.
506 1984 635 2026 Nempe
659 1987 812 2018 mulieres
834 1994 913 2018 sunt
936 1988 1067 2027 quidem

362 2026 398 2057 in
426 2032 594 2066 perpetua-
611 2030 738 2060 tutela:
766 2030 823 2060 sed
852 2032 929 2070 quia
955 2037 1069 2061 tamen

363 2069 501 2098 consiliu
520 2080 576 2110 per
591 2076 725 2102 aetatem
749 2073 874 2110 valent,
889 2077 947 2104 aut
961 2074 1069 2104 valere

364 2117 517 2151 possunt,
542 2112 575 2142 id
597 2113 636 2144 iis
657 2115 827 2145 remissum
843 2121 907 2152 est,
923 2121 961 2146 ut
982 2126 1071 2154 quae-

363 2153 441 2184 dam
456 2154 526 2184 sine
549 2160 660 2186 tutore
685 2166 782 2195 agere
803 2164 949 2198 possunt.
993 2158 1070 2188 Non

364 2200 477 2227 autem
500 2196 627 2233 celabo,
650 2204 783 2230 auctore
804 2201 855 2231 vel
869 2206 975 2231 tutore
990 2201 1070 2231 mibi

363 2247 425 2278 pro
448 2238 557 2278 glossa
578 2247 767 2281 suspectum
791 2253 876 2273 esse:
909 2243 1071 2274 redundat

365 2281 455 2311 enim
472 2281 616 2314 alterum
631 2295 638 2312 ε
663 2289 796 2315 auctore
817 2286 948 2324 quidem
963 2291 1013 2316 est
1037 2286 1072 2315 in

367 2324 448 2360 sine,
463 2325 485 2354 i.
502 2334 530 2354 e.
554 2335 620 2356 non
637 2332 785 2364 auctore,
799 2338 859 2358 nee
882 2328 966 2358 solet
989 2328 1072 2359 addi.

368 2365 503 2397 dixisset
514 2367 632 2398 saltem
646 2370 715 2399 sine
729 2371 847 2400 tutoris
856 2371 1054 2401 auctoritate
1063 2384 1074 2401 .-

368 2414 428 2438 2ut
450 2413 617 2440 auctorem
640 2411 802 2451 explicare
825 2413 930 2443 voluit
952 2412 1072 2452 glossa,

369 2451 446 2489 quia
460 2456 510 2481 est
525 2453 732 2492 exquisitius.
778 2455 914 2495 Deligat
928 2455 1043 2486 lector.

413 2495 454 2523 50
476 2495 567 2533 quia
587 2499 752 2527 contrario
771 2498 908 2537 dicitur]
935 2498 987 2528 Sic
1001 2499 1073 2529 edd.

370 2535 454 2565 Ven.
479 2536 568 2568 Med.
594 2538 669 2568 Asc.
693 2542 719 2569 1.
742 2539 816 2570 Ald.
845 2543 871 2570 1.
889 2541 987 2571 dunt.
1003 2541 1075 2571 Me-

370 2577 523 2609 lanthon.
547 2580 609 2610 ΜΞ.
627 2581 668 2610 V.
692 2582 837 2619 dicatur,
860 2583 947 2623 qnod
968 2583 1074 2623 ipsum

365 2624 498 2651 vectum
527 2628 588 2652 est.
633 2623 743 2663 Vulgo
778 2625 922 2656 ducitur.
968 2625 1076 2656 Locus

372 2671 441 2693 non
455 2663 589 2694 ducitur
600 2675 620 2694 a
641 2667 822 2704 contrario,
837 2668 893 2699 sed
908 2678 947 2698 ex
961 2677 1000 2698 co
1015 2669 1076 2698 du-

370 2709 496 2736 cuntur
520 2713 718 2746 argumenta
742 2719 762 2739 a
789 2711 974 2741 contrario:
1008 2710 1076 2751 ipse

370 2747 495 2778 dicitur
507 2759 527 2779 a
541 2751 723 2797 conti-nrm.
766 2750 905 2783 Videtur
919 2762 976 2793 per
988 2763 1077 2784 erro-

372 2799 441 2820 rem
454 2800 628 2830 operarum
643 2793 819 2831 irrepsisse.

416 2835 452 2863 51
478 2843 542 2863 non
555 2834 718 2874 debilitas]
736 2834 810 2866 Hoc
823 2836 918 2867 nihili
932 2842 993 2867 est.
1022 2838 1074 2868 An

375 2873 439 2905 suit
454 2876 643 2916 integritati
658 2877 836 2909 debilitas!
861 2879 917 2910 sed
937 2879 1075 2911 sortasse

1155 1905 1194 1933 52
1218 1912 1257 1932 ex
1279 1901 1395 1942 quibus
1413 1899 1603 1940 contrariis]
1634 1899 1816 1931 Contrariis

1113 1945 1211 1976 nimis
1245 1943 1361 1983 frigide
1395 1943 1570 1982 redundat,
1604 1942 1818 1982 additumque

1113 1992 1163 2019 est
1179 1998 1198 2018 a
1210 1987 1402 2026 glossatore.

1157 2031 1196 2061 53
1219 2031 1431 2069 appellantur
1457 2027 1612 2068 adversa]
1650 2026 1704 2059 Sic
1731 2026 1837 2058 edidi·

1113 2084 1172 2114 pro
1196 2073 1325 2103 diversa
1339 2083 1357 2102 e
1372 2072 1437 2102 Ms.
1453 2083 1471 2102 e
1486 2071 1643 2107 Boethio,
1668 2069 1720 2101 ed.
1741 2069 1835 2101 Ald..

1112 2116 1208 2146 dunt.
1231 2120 1266 2145 et
1280 2114 1326 2144 sic
1349 2124 1427 2145 mox
1450 2123 1578 2154 quoque
1598 2117 1662 2150 est,
1675 2113 1820 2152 superio-

1114 2169 1204 2193 rum,
1218 2167 1290 2197 quze
1306 2157 1446 2187 adversa
1458 2156 1536 2187 dixi.
1565 2157 1663 2187 Certe
1678 2155 1712 2185 in
1729 2158 1820 2185 utro-

1114 2212 1175 2240 que
1189 2201 1261 2231 loeo
1284 2199 1381 2235 debet
1395 2199 1480 2229 idem
1497 2199 1632 2229 verbum
1655 2206 1737 2235 esse,
1753 2198 1823 2232 sive

1114 2244 1256 2279 diversa,
1272 2242 1337 2272 sive
1351 2242 1500 2272 adversa.
1524 2241 1587 2271 Sed
1599 2240 1663 2270 hoe
1676 2239 1822 2270 meliori-

1114 2286 1174 2316 bus
1191 2285 1379 2316 auetoribus
1393 2290 1428 2314 et
1442 2283 1610 2314 latinitate
1625 2282 1760 2313 nititur.

1159 2331 1199 2359 54
1223 2327 1310 2358 Sunt
1324 2327 1410 2357 enim
1425 2327 1495 2356 alia
1508 2326 1552 2365 c.]
1576 2325 1629 2356 An
1644 2325 1745 2355 etiam
1761 2334 1822 2364 pro

1115 2371 1203 2400 enim
1229 2369 1418 2410 legendum,
1446 2374 1486 2399 ut
1510 2370 1546 2399 in
1569 2367 1672 2398 tertio
1700 2376 1820 2407 genere

1116 2424 1211 2444 mox:
1233 2416 1311 2442 sunt
1325 2413 1426 2442 etiam
1440 2412 1501 2441 illa
1517 2412 1576 2442 ἃς.

1159 2458 1199 2486 55
1239 2455 1345 2486 Groeci
1372 2455 1542 2494 appellant
1566 2451 1721 2495 ςἐρηηκὰ]
1765 2450 1821 2482 Sic

1117 2498 1187 2529 edd.
1214 2501 1292 2528 ante
1308 2496 1442 2533 Aldum,
1457 2501 1492 2527 et
1506 2496 1679 2527 Boethius.
1705 2494 1759 2525 Sic
1785 2499 1821 2524 et

1119 2550 1195 2571 mox
1210 2550 1249 2570 ea
1269 2539 1449 2580 ἀποφατικὰ
1477 2537 1593 2569 Graeci.
1635 2537 1822 2576 Vulgatum

1118 2588 1232 2614 tamen
1244 2593 1352 2622 groece
1363 2583 1576 2623 appellantur
1587 2586 1637 2610 est
1650 2580 1686 2610 in
1701 2579 1766 2610 Ms-
1779 2578 1821 2609 V.

1118 2630 1153 2655 et
1178 2626 1230 2656 ed.
1259 2626 1342 2656 Ven.
1400 2623 1517 2654 Libros
1544 2622 1655 2662 plures
1689 2626 1823 2653 secutus

1118 2677 1206 2706 sum,
1220 2668 1281 2698 vid.
1297 2668 1397 2698 etiam
1411 2667 1585 2696 Gruterus.

1163 2712 1203 2741 56
1227 2706 1588 2750 Praepositio-privatJ
1624 2704 1706 2736 Edd.
1729 2703 1821 2736 Med.

1117 2753 1192 2784 Asc.
1211 2756 1238 2783 l.
1247 2752 1473 2792 praepositione
1479 2751 1651 2791 privatur.

1161 2799 1200 2830 57
1223 2795 1402 2835 ἀποφατικὰ
1433 2792 1553 2832 Groeci]
1583 2788 1746 2823 Boethius
1766 2787 1823 2820 ad·

1118 2838 1167 2868 dit
1192 2843 1328 2869 vocant.-
1361 2842 1397 2869 at
1424 2835 1489 2867 ΜΞ.
1517 2834 1592 2866 edd.
1622 2833 1706 2864 Ven.
1732 2829 1821 2864 Mea.

1118 2880 1238 2913 Asc.-l.
1251 2881 1374 2913 habent
1384 2887 1505 2921 grece-¹

1903 494 1910 505 ,
1902 465 1906 468 .
