1945 3235
733 137 1023 177 ORATOR.
1523 140 1597 177 5021

143 243 300 289 herbas
334 245 466 288 etiam
498 243 729 287 effundunt
762 242 1083 285 inimicissimas
1114 239 1339 296 frugibus:
1372 242 1434 284 sic
1464 241 1599 283 inter-

144 303 248 345 dum
271 318 324 346 ex
349 304 431 345 illis
453 304 574 355 locis,
599 313 673 344 aut
706 302 818 343 levia
838 300 1055 357 quaedam‚
1079 307 1154 341 aut
1183 300 1323 339 causis
1345 300 1498 352 aliena,
1521 307 1599 341 aut

144 376 233 403 non
265 362 391 403 utilia
422 362 688 419 gignuntur3
721 374 904 415 quorum
940 358 995 398 ab
1027 356 1210 397 oratoris
1235 356 1405 411 judicio
1427 358 1467 388 36
1481 358 1596 399 dele-

145 428 241 461 ctus
273 434 458 476 magnus
486 419 779 461 adhibebitur.
838 415 1015 472 Alioqui
1049 428 1239 470 quonam
1281 415 1411 456 modo
1448 415 1518 456 ille
1550 415 1658 457 in49

146 478 273 519 bonis
296 477 479 520 haerebit
501 487 544 518 et
565 475 783 517 habitabit
805 474 920 516 suis?
960 484 1034 514 aut
1070 472 1236 514 molliet
1265 471 1386 523 dura,
1419 483 1494 512 aut
1523 487 1596 513 oc-

144 535 344 587 cultabit,
376 551 475 591 quae
505 534 610 576 dilui
643 531 731 574 non
764 542 986 590 poterunt,
1008 542 1140 586 atque
1160 530 1341 572 omnino
1363 529 1598 585 opprimet,

146 594 183 637 si
204 594 465 645 licebit,·aut
496 592 683 633 abducet
705 592 897 632 animos?
929 600 1004 631 aut
1039 589 1155 630 aliud
1191 587 1356 639 afferet,
1378 585 1496 642 quod
1519 602 1599 643 op-

146 652 338 708 positum
362 649 628 707 probabilius
649 649 720 699 sit,
751 652 789 683 37
806 663 937 704 quam
961 648 1081 698 illud,
1103 647 1220 704 quod
1244 645 1466 687 obstabit?
1496 644 1597 687 Jam
1610 654 1662 689 50

145 724 248 750 vero
271 723 334 758 ea,
357 722 454 763 quae
487 707 715 758 invenerit,
743 721 829 763 qua
850 707 1079 762 diligentia
1100 704 1359 747 collocabit?
1390 703 1599 760 quoniam

144 766 190 808 id
213 766 450 807 secundum
486 774 578 807 erat
611 765 664 806 de
698 766 852 806 tribus.
914 763 1142 805 Vestibula
1171 763 1376 804 nimirum
1401 763 1599 814 honesta,

146 824 374 880 aditusque
396 823 450 865 ad
473 838 646 865 causam
672 822 803 865 faciet
824 822 1035 865 illustres:
1067 835 1255 876 cumque
1273 821 1440 861 animos
1460 820 1603 877 prima

145 882 425 939 aggressione
455 882 749 939 occupaverit,
772 881 1026 931 infirmabit,
1045 880 1335 934 excludetque
1357 879 1601 930 contraria;

145 939 198 981 de
232 940 491 981 firmissimis
525 940 609 981 alia
637 941 778 997 prima
809 948 956 996 ponet,
979 939 1062 980 alia
1085 947 1318 995 postrema,
1342 936 1602 977 inculcabit-

144 1012 229 1053 que
250 998 427 1040 leviora.
490 997 633 1054 Atque
658 999 700 1039 in
725 999 874 1054 primis
893 997 1060 1039 duabus
1083 995 1255 1038 dicendi
1275 995 1471 1052 partibus
1494 1009 1602 1050 qua-

146 1055 198 1096 lis
216 1065 342 1108 esset,
367 1057 617 1098 summatim
641 1057 914 1112 breviterque
932 1055 1254 1111 descripsimus.
1315 1053 1415 1104 Sed,
1433 1061 1482 1094 ut
1500 1062 1600 1093 ante
1618 1036 1686 1091 16

146 1114 314 1155 dictum
336 1125 414 1166 est,
438 1115 482 1155 in
506 1114 572 1156 his
593 1115 790 1172 partibus
812 1115 910 1168 (etsi
943 1128 1110 1170 graveS,
1133 1122 1263 1168 atque
1284 1126 1458 1168 magnae
1482 1112 1602 1162 sunt)

147 1173 292 1214 minus
311 1182 354 1214 et
376 1174 478 1214 artis
501 1183 580 1225 est,
604 1183 648 1214 et
666 1173 841 1214 laboris.
904 1171 1017 1214 Cum
1040 1181 1200 1222 autem,
1217 1170 1321 1226 quid
1338 1180 1382 1211 et
1399 1184 1486 1225 quo
1504 1168 1601 1210 loco
1614 1181 1661 1218 51

148 1230 282 1282 dicat,
305 1231 533 1282 invenerit,
556 1231 660 1272 illud
695 1241 760 1272 est
790 1230 921 1288 longe
949 1230 1206 1280 maximum,
1231 1229 1389 1279 videre,
1410 1242 1603 1284 quonam

148 1289 294 1331 modo.
357 1289 526 1331 Scitum
563 1301 629 1331 est
664 1290 796 1340 enim,
829 1289 962 1345 quod*
990 1288 1235 1330 Carneades
1275 1296 1421 1328 noster
1459 1286 1605 1328 dicere

149 1346 330 1398 solebat,
365 1346 691 1389 Clitomachum
717 1348 867 1389 eadem
898 1347 1056 1398 dicere,
1079 1349 1119 1377 38
1133 1345 1426 1387 Charmadam
1457 1352 1604 1385 autem

147 1405 298 1447 eodem
323 1406 454 1446 etiam
478 1407 609 1447 modo
632 1406 789 1447 dicere.
852 1405 985 1453 Quod
1008 1405 1042 1446 si
1064 1405 1107 1445 in
1131 1402 1411 1461 philosophia
1433 1411 1604 1444 tantum

147 1463 340 1513 interest,
363 1464 731 1519 quemadmodum
753 1464 886 1515 dicas,
909 1463 984 1504 ubi
1009 1477 1073 1504 res
1097 1471 1332 1519 spectatur,
1358 1475 1449 1503 non
1474 1461 1605 1503 verba

144 1522 420 1578 penduntur:
452 1522 557 1578 quid
583 1523 757 1563 tandem
780 1523 822 1562 in
855 1521 996 1564 causis
1027 1520 1369 1570 existimandum
1395 1528 1476 1571 est,
1508 1519 1605 1575 qui-

149 1580 230 1621 bus
255 1580 356 1621 totis
391 1581 639 1621 moderatur
672 1580 841 1622 oratio?
875 1579 1007 1627 Quod
1040 1579 1217 1634 quidem
1250 1592 1350 1635 ego,
1374 1578 1525 1630 Brute,
1548 1592 1603 1619 ex
1617 1586 1668 1623 52

148 1638 234 1678 tuis
256 1638 411 1680 litteris
434 1639 689 1690 sentiebam,
716 1653 804 1679 non
836 1647 876 1679 te
899 1638 943 1679 id
978 1637 1140 1689 scitari,
1172 1636 1344 1693 qualem
1366 1651 1450 1693 ego
1472 1635 1517 1677 in
1539 1635 1606 1677 in-

149 1696 365 1737 veniendo
398 1706 442 1738 et
469 1696 512 1737 in
545 1696 800 1738 collocando
835 1711 1051 1738 summum
1075 1709 1166 1736 esse
1189 1704 1406 1737 oratorem
1436 1693 1607 1746 vellem,

149 1754 223 1794 sed
246 1753 289 1795 id
310 1754 417 1795 mihi
441 1769 634 1810 quaerere
667 1755 883 1806 videbare,
906 1754 1022 1811 quod
1058 1769 1195 1811 genus
1231 1754 1365 1810 ipsius
1396 1753 1608 1794 orationis

149 1811 366 1868 optimum
384 1814 644 1867 judicarem.
708 1813 818 1854 Rem
841 1813 1065 1855 difficilem
1089 1812 1169 1866 (dii
1203 1811 1469 1853 immortales
1482 1812 1511 1862 Ε)
1542 1820 1609 1852 at-

148 1885 234 1926 que
253 1871 448 1912 omnium
471 1871 787 1913 difficillimam.
850 1872 964 1913 Nam
989 1885 1090 1912 cum
1119 1879 1186 1913 est
1214 1870 1354 1911 oratio
1384 1869 1543 1920 mollis,
1564 1878 1610 1911 et

150 1937 313 1980 tenera,
337 1939 380 1970 et
403 1929 463 1970 ita
492 1930 713 1981 flexibilis,
741 1939 786 1971 ut
819 1939 1037 1985 sequatur,
1069 1943 1346 1984 quocumque
1377 1938 1605 1984 torqueas:

151 1995 246 2028 tum
283 1996 328 2028 et
360 1996 526 2029 naturae
548 1989 694 2039 variae,
728 1998 772 2029 ct
803 1988 1064 2037 voluntates,
1103 1987 1289 2028 inultum
1321 1987 1434 2028 inter
1465 2001 1510 2027 se
1541 1986 1606 2028 di-

151 2044 315 2086 stantia
333 2044 571 2087 effecerunt
595 2061 754 2103 genera
775 2045 962 2088 dicendi.
1026 2045 1208 2087 Flumen
1232 2045 1326 2086 aliis
1360 2045 1668 2096 verborum,53

152 2102 489 2160 volubilitasque
510 2105 646 2148 &cordi
675 2115 754 2155 est,
778 2104 851 2159 qui
885 2115 1053 2161 ponunt
1082 2103 1126 2144 in
1149 2103 1359 2145 orationis
1389 2102 1609 2144 celeritate

150 2161 461 2217 eloquentiam.
500 2161 723 2204 Distincta
736 2163 841 2204 alios
855 2174 898 2203 et
912 2164 1191 2219 interpuncta
1204 2160 1445 2213 intervalla,
1460 2176 1610 2211 morae,

153 2220 546 2277 respirationesque
584 2221 816 2262 delectant.
879 2221 997 2268 Quid
1034 2230 1177 2278 potest
1215 2234 1307 2261 esse
1343 2230 1430 2261 tam
1470 2219 1613 2260 diver-

155 2281 278 2320 sum?
323 2289 468 2320 tamen
495 2288 561 2320 est
594 2279 637 2320 in
673 2289 858 2335 utroque
891 2279 1054 2335 aliquid
1079 2278 1309 2320 excellens.
1373 2276 1614 2319 Elaborant

154 2335 227 2376 alii
251 2335 295 2377 in
317 2336 496 2378 lenitate
517 2347 559 2377 et
580 2337 891 2392 aequabilitate,
913 2348 957 2379 et
971 2352 1079 2395 puro
1095 2337 1217 2392 quasi
1236 2336 1426 2392 quodam
1449 2345 1493 2377 et
1512 2349 1615 2376 can-

155 2393 259 2435 dido
293 2409 450 2451 genere
486 2396 674 2437 dicendi.
737 2395 851 2437 Ecce
895 2395 1026 2452 aliqui
1062 2395 1294 2436 duritatem
1330 2405 1375 2435 et
1410 2393 1617 2435 severita-

156 2462 244 2492 tem
267 2453 483 2508 quandam
504 2454 662 2506 verbis,
685 2464 728 2494 et
750 2454 958 2496 orationis
981 2454 1103 2510 quasi
1136 2453 1396 2494 moestitiam
1429 2466 1616 2507 sequun-

158 2517 253 2563 tur3
284 2512 488 2568 quodque
510 2511 654 2568 paullo
687 2524 787 2554 ante
818 2513 1060 2564 divisimus,
1083 2521 1131 2552 ut
1153 2511 1225 2552 alii
1249 2525 1416 2568 graves,
1447 2510 1520 2551 alii
1553 2518 1618 2552 te-

199 2664 242 2695 36
255 2664 317 2695 del.
330 2674 474 2703 magnus
487 2666 704 2697 adhibebitur.
734 2665 865 2706 Alioqui
949 2664 1103 2705 37Jquam
1118 2664 1216 2701 illud,
1231 2664 1318 2705 quod
1328 2663 1479 2704 obstabit]
1497 2663 1550 2695 An
1563 2665 1615 2695 oh·

155 2716 298 2747 quonam
313 2708 405 2738 modo
419 2709 496 2748 &c.]
515 2709 568 2739 Sic
583 2709 864 2750 interpunximus‚
906 2713 969 2740 stet
983 2707 1035 2738 vel
1051 2709 1200 2739 obstabat
1211 2708 1228 2738 ?

161 2753 201 2779 ut
223 2749 303 2780 fecit
311 2751 382 2790 jam
399 2751 450 2781 Fr.
469 2751 594 2792 Gryph.
611 2762 685 2782 cum
700 2753 734 2783 in
751 2752 864 2791 vulgg.
951 2754 992 2782 38
1019 2749 1264 2791 Charmadam]
1290 2750 1343 2781 Sic
1358 2749 1392 2780 h.
1406 2749 1429 2780 l.
1444 2749 1538 2780 codd.
1553 2759 1617 2780 ser.

159 2792 282 2832 alioqui
315 2793 483 2824 adhaereat
517 2795 791 2833 praecedentibns.
822 2795 866 2824 ibi
911 2794 1055 2834 quidam.
1099 2795 1141 2826 In
1155 2794 1253 2824 Grut.
1277 2798 1328 2824 est
1356 2793 1566 2824 Charmidas.
1587 2802 1619 2822 v.

158 2845 236 2865 cum
250 2841 338 2866 stare
351 2846 418 2867 non
433 2837 548 2876 possit,
559 2837 691 2876 quidam
705 2838 866 2874 delevere,
911 2837 952 2867 ad
966 2837 1026 2869 Or.
1039 2838 1087 2875 11,
1105 2839 1155 2869 88.
1172 2836 1244 2869 edd.
1259 2846 1309 2878 pr.
1326 2842 1364 2867 ut
1378 2835 1457 2868 alibi
1477 2835 1620 2866 &zv-nm-

160 2882 202 2913 ut
217 2878 280 2908 Ms.
294 2878 335 2909 V.
351 2878 424 2910 edd.
439 2880 529 2911 Med.
543 2880 618 2913 Alci.
635 2880 726 2922 Lips.
740 2882 866 2913 Victor.
911 2880 974 2911 dec.

160 2919 224 2953 Sed
238 2922 266 2952 si
278 2921 439 2963 delemus,
454 2923 526 2955 hiat
538 2924 656 2956 oratio.
