1945 3235
731 114 1014 153 ORATOR.
1512 117 1590 159 527

143 234 353 277 magnum
373 236 498 278 opus,
514 228 556 262 et
576 220 772 272 arduum,
792 228 840 261 ut
856 233 972 274 saepe
988 218 1081 273 jam
1106 217 1318 261 diximus:
1352 218 1457 261 sed
1448 233 1592 276 ingre-

145 278 365 320 dientibus
397 279 755 321 considerandum
788 277 885 328 fuit,
917 275 1020 331 quid
1056 289 1302 330 ageremus:
1347 291 1461 319 nunc
1494 277 1590 333 qui-

142 336 242 378 dem
267 337 379 392 jun,
400 351 676 393 quocumque
709 309 909 384 feremur,
940 308 1109 374 (ht->luda
1113 333 1314 373 nimirum
1351 334 1443 375 vela
1474 345 1588 376 sunt.

143 394 211 436 Ac
235 397 421 450 primum
444 395 614 436 infor-m
607 394 741 435 nidus
762 405 828 434 est
848 391 918 432 ille
939 391 1080 440 nobis,
1100 405 1226 445 quem
1251 391 1387 431 solum
1412 393 1587 447 quidam

143 463 304 493 vocant
322 451 535 494 Atticum.
580 451 842 496 Summissus
864 459 943 500 est,
962 459 1005 489 et
1027 448 1587 498 humiliS,consuetudinem
1598 450 1650 490 76

145 509 336 562 imitans,
378 511 432 551 ab
473 509 690 550 indisertis
728 523 772 549 re
809 507 919 564 plus,
957 522 1085 571 quani
1118 506 1340 571 opinione,
1371 506 1586 549 difl'eoens.

145 566 300 624 Itaque
330 583 427 609 611111
451 568 522 623 qui
556 567 752 617 audiunt,
776 567 973 622 quamvis
1003 565 1084 621 ipsi
1109 563 1296 605 infmtes
1320 564 1420 614 sint,
1445 574 1632 607 1111116111·-
1649 570 1723 601 ‘204-

143 625 216 666 illo
242 626 370 667 modo
401 624 627 666 confidunt
658 639 702 665 se
734 638 858 680 posse
879 623 1036 664 diceie.
1061 638 1157 663 nam
1191 623 1398 663 mationis
1421 621 1630 664 swzbtilist

129 693 224 734 tas,
247 682 468 724 imitabilis
492 682 564 722 illa
582 697 638 738 qu
629 683 758 727 .idem
784 681 951 723 videtin
973 696 1064 721 esse
1080 681 1365 732 existimanti,
1386 680 1459 721 sed
1483 681 1591 722 nihil

128 752 207 782 ,est
229 740 470 796 experienti
496 741 651 781 minus.
715 739 808 781 Etsi
828 740 943 780 enim
966 754 1052 780 non
1070 739 1489 795 plurimisanguinis
1510 748 1590 790 est,

143 798 302 839 habeat
324 808 466 839 tamen
492 813 667 839 succum
691 798 876 854 aliquem
909 808 1098 853 oportet,
1122 807 1182 847 ut,
1204 797 1373 837 etiamsi
1398 796 1478 837 illis
1500 812 1592 838 ma-

143 856 274 896 ximis
310 856 470 897 viribus
506 867 665 908 careat,
688 857 742 896 sit
767 862 835 909 (ut
869 857 928 896 ita
960 856 1122 906 dicam)
1146 855 1315 911 integra
1339 854 1589 897 valitudine.

143 912 340 955 Primum
364 914 498 971 igitur
516 929 614 956 eum
639 924 859 970 tamquam
879 929 901 954 6
926 913 1106 954 vinculis
1128 927 1402 953 numerorum
1425 914 1590 955 exima-
1602 919 1656 959 77

131 986 255 1013 mus.
317 973 428 1014 Sunt
450 973 565 1013 enim
599 972 772 1028 quidam
799 977 867 1025 (ut
898 972 1000 1023 scis)
1020 971 1179 1012 oratori
1214 972 1378 1012 numeri
1403 971 1475 1024 (de
1497 972 1593 1027 qui-

129 1030 223 1071 *bus
249 1046 351 1072 mox
376 1033 574 1087 agemus)
602 1031 875 1082 observandi,
901 1030 1066 1071 ratione
1089 1029 1291 1085 quadam,
1322 1030 1392 1070 sed
1427 1029 1510 1070 alio
1548 1031 1593 1071 in

144 1103 301 1144 genere
323 1089 549 1140 orationis,
575 1091 616 1131 in
641 1090 721 1130 hoc
744 1090 923 1130 omnino
947 1087 1232 1143 relinquendi.
1257 1087 1443 1128 solutum
1468 1088 1594 1143 quid-

141 1147 240 1187 dam
265 1148 334 1199 sit,
355 1162 433 1188 nec
456 1163 616 1204 vagum
649 1156 808 1197 tamen,
832 1158 880 1187 ut
912 1147 1077 1202 ingredi
1112 1146 1258 1196 libere,
1282 1161 1367 1187 non
1394 1158 1439 1187 ut
1462 1145 1595 1187 licen-

145 1214 210 1246 ter
229 1205 426 1247 videatur
447 1220 601 1246 errare.
664 1205 807 1247 Verba
824 1205 955 1246 etiam
982 1204 1121 1245 verbis
1139 1204 1264 1260 quasi
1288 1215 1596 1261 coagmentare

144 1262 356 1320 negligat.
419 1263 565 1305 Habet
590 1263 706 1305 enim
741 1264 809 1305 ille
846 1275 1065 1319 tamquam
1101 1262 1244 1303 hiatus
1281 1277 1493 1304 (0116111511
1520 1278 1594 1304 νο-

129 1321 300 1362 ‚callum
323 1321 450 1363 molle
472 1322 618 1377 quidd‘
622 1337 692 1372 1111,
715 1333 761 1362 et
777 1322 892 1377 quod
917 1321 1079 1362 indicet
1103 1335 1188 1361 non
1222 1321 1435 1373 ingratam
1456 1321 1594 1377 negli-

142 1380 351 1435 gentiam,
374 1380 426 1420 de
450 1395 507 1430 re,
531 1354 733 1431 hominis,
757 1380 896 1433 magis
919 1395 992 1435 qu·
980 1394 1048 1420 un
1072 1379 1125 1419 de
1161 1367 1316 1430 verbis,
1341 1379 1592 1420 laborantis.

142 1437 226 1478 Sed
260 1438 342 1479 erit
378 1438 609 1479 videndum
642 1437 695 1478 de
723 1412 917 1493 ieliqnis,
947 1452 1047 1478 611111
1078 1437 1172 1478 haec
1203 1437 1290 1478 duo
1320 1438 1358 1478 ei
1394 1437 1657 1479 liber-‘iotam

141 1494 317 1546 fuerint,
355 1495 578 1547 circuitus,
617 1496 1025 1552 conglutinatioque
1060 1496 1304 1536 v·erb01um.
1368 1494 1448 1536 Illa
1478 1495 1594 1537 enim

140 1553 235 1610 ipsa
257 1556 297 1585 52
308 1563 534 1595 contracta
555 1563 598 1594 et
620 1555 789 1595 minuta
811 1569 898 1595 non
931 1553 1203 1610 negligenter
1226 1554 1450 1594 tractanda
1474 1565 1597 1607 sunt;

141 1612 214 1653 sed
231 1612 433 1668 quaedam
453 1612 585 1653 etiam
608 1611 877 1668 negligentia
899 1623 963 1653 est
982 1611 1183 1668 diligens.
1208 1627 1306 1652 nam
1331 1622 1379 1652 ut
1399 1612 1598 1653 mulieres

139 1684 231 1711 6556
260 1670 464 1711 dicuntur
495 1670 713 1711 nonnullae
748 1671 975 1721 inornatae,
998 1672 1037 1701 53
1052 1685 1157 1725 quas
1181 1670 1222 1711 id
1257 1670 1397 1726 ipsum
1423 1670 1595 1713 deceat:

141 1728 204 1769 sic
235 1726 330 1769 haec
362 1727 532 1769 subtilis
555 1728 693 1769 oratio
726 1729 855 1769 etiam
889 1729 1082 1770 incomta
1113 1728 1314 1769 delectat.
1378 1728 1448 1769 Fit
1478 1728 1595 1770 enim

139 1785 347 1841 quiddam
369 1786 461 1827 54in
486 1795 683 1842 utroque,
705 1801 791 1842 quo
825 1786 880 1827 sit
911 1786 1148 1851 venustius,
1178 1786 1248 1827 sed
1275 1801 1361 1827 non
1390 1798 1472 1827 ut
1460 1802 1595 1843 appa-

141 1854 246 1885 reat.
306 1843 419 1886 Tum
442 1845 737 1887 removebitur
759 1845 899 1885 omnis
920 1845 1103 1900 insignis
1126 1859 1174 1885 01
1180 1854 1456 1900 natus‚quas¹
1482 1860 1593 1886 mar-

140 1902 394 1959 garitarum.
440 1917 492 1943 ne
528 1902 762 1944 calamistri
807 1903 983 1958 quidem
1006 1878 1365 1944 cadhibebuntur.
1439 1903 1657 1949 Fucat1*9

143 1975 243 2001 v·eio
275 1960 595 2001 medicamenta
624 1961 824 2002 candoris
856 1970 899 2002 et
931 1961 1099 2002 ruboris
1123 1961 1271 2002 onmia
1307 1960 1592 2017 repellentur:

140 2018 357 2075 elegantia
380 2019 525 2070 modo,
546 2029 589 2059 et
611 2019 828 2060 munditia
846 2018 1102 2060 remanebit.
1165 2020 1316 2060 Setino
1342 2034 1473 2075 purus
1496 2019 1593 2071 enit,

139 2087 183 2117 et
207 2076 413 2118 Latinus:
447 2076 634 2118 dilucide
659 2077 869 2133 planeque
892 2077 1074 2128 dicetur,
1094 2077 1198 2133 quid
1218 2077 1384 2127 dece-it,
1408 2077 1594 2119 circum—

140 2134 362 2191 spicietur.
430 2134 571 2176 Unum
590 2135 742 2187 aderit,
759 2135 876 2191 quod
899 2146 1101 2191 quartum
1122 2146 1319 2176 numerat
1339 2134 1594 2192 Theophra·
1607 2133 1679 2183 24.

138 2203 228 2233 stus
253 2193 295 2234 in
319 2193 526 2234 orationis
549 2193 764 2244 laudibus,
788 2204 989 2235 ornatum
1015 2193 1134 2245 illud,
1158 2208 1288 2234 suave
1320 2203 1363 2234 et
1385 2194 1591 2236 affluens:

138 2260 279 2292 acutae
296 2252 546 2306 crebraeque
566 2252 793 2293 sententiae
817 2260 1049 2308 ponentur,
1069 2261 1112 2292 et
1135 2252 1281 2293 1165610
1304 2252 1418 2293 unde
1440 2266 1494 2293 ex
1518 2253 1594 2293 ab·

125 2309 232 2349 vdito
255 2319 407 2359 erutae,
429 2319 559 2364 atque
580 2310 621 2350 iu
649 2309 731 2351 hoc
753 2320 924 2360 oratore
956 2309 1313 2351 dominabuntur.
1377 2310 1593 2351 Verecun-
1607 2324 1660 2358 80

138 2367 219 2408 dus
255 2367 336 2408 erit
382 2382 480 2408 usus
517 2368 718 2408 oratori-ee
758 2368 881 2423 quasi
925 2367 1217 2423 supellectilis.
1292 2368 1497 2424 Supellex
1531 2379 1598 2409 est

127 2425 254 2469 ,enim
278 2425 603 2481 quodammodo
636 2435 797 2477 nostra,
828 2440 925 2482 quae
956 2435 1022 2466 est
1052 2425 1096 2467 in
1129 2427 1409 2478 ornamentis,
1433 2425 1516 2467 alia
1535 2441 1600 2467 re-

182 2597 222 2626 52
244 2600 414 2626 contractu
437 2600 469 2626 et
491 2595 637 2636 minuta]
670 2596 847 2627 Contracta
891 2596 1029 2628 adhaesit
1055 2607 1072 2628 6
1099 2601 1257 2637 sequente
1279 2597 1389 2628 verbo.
1447 2598 1482 2629 Si
1508 2599 1603 2638 quasi

138 2648 178 2668 ex
193 2637 304 2668 hiatu:
332 2641 399 2670 mir
403 2644 474 2676 uta,
500 2650 542 2669 111
546 2649 566 2668 n
591 2640 767 2680 periodica,
790 2639 855 2670 serf
892 2650 1006 2670 vernn]
1029 2645 1128 2677 esset,
1151 2650 1265 2670 sensus
1288 2640 1506 2681 praecedentis
1533 2651 1602 2671 non

138 2681 288 2712 membra
314 2686 349 2712 et
371 2682 493 2712 inc-isa:
527 2692 605 2712 nam
631 2689 849 2722 opponuntur
891 2689 977 2713 esset
1009 2684 1187 2723 perfectus,
1225 2683 1466 2723 legendumque
1500 2683 1602 2721 foret,

138 2724 297 2754 circuitus
310 2729 343 2754 et
360 2726 599 2763 conglutinatio
612 2736 631 2754 z
627 2726 796 2756 erborum.
894 2726 1091 2764 laudantur,
1106 2731 1165 2757 aut
1177 2726 1284 2758 simile
1299 2727 1387 2766 quid.
1412 2726 1476 2757 Ms.
1491 2727 1530 2757 V.
1544 2726 1604 2758 ha-

182 2768 223 2796 53
244 2776 326 2806 quas
347 2767 382 2797 id
405 2767 527 2807 ipsum]
553 2768 650 2809 Ouas
679 2774 766 2799 recte
791 2768 845 2799 de-
888 2768 944 2799 bet
959 2779 1051 2808 quas.

139 2807 215 2839 dere
230 2809 333 2839 Aldus
348 2814 382 2840 et
402 2810 522 2847 Junta,
546 2821 622 2841 cum
647 2811 681 2842 in
703 2811 778 2842 edd.
795 2821 844 2851 pr.
933 2813 974 2842 54
996 2812 1031 2842 in
1045 2812 1196 2852 utroque]
1224 2812 1264 2842 In
1288 2815 1462 2842 contracto
1484 2816 1518 2842 et
1540 2811 1604 2842 mi-

140 2855 226 2882 esset
255 2853 360 2892 quasi,
389 2852 477 2892 quod
505 2853 538 2883 in
567 2854 648 2884 Mss.
678 2859 847 2894 repertum
892 2860 988 2891 nuto,
1004 2854 1070 2885 sive
1087 2855 1119 2885 in
1138 2854 1276 2885 muliere
1298 2858 1332 2885 et
1355 2855 1518 2886 oratione.
1542 2864 1605 2896 quo

139 2893 265 2933 placuit
291 2895 452 2926 Grutero:
477 2896 580 2927 male:
606 2896 705 2928 litera
727 2897 849 2928 ultima
890 2898 933 2928 sit
948 2898 1116 2929 zenustius
1128 2907 1174 2929 sc.
1189 2903 1380 2937 utrumque.
