1945 3235
413 143 491 178 288
926 140 1007 179 DE
1037 139 1321 179 ORATORE

413 243 497 285 hoc
531 243 690 300 populo
724 245 961 285 orationem
996 245 1087 286 fore
1117 246 1317 285 censebat
1349 257 1483 293 suam,
1514 242 1548 283 si
1579 241 1754 285 omnino
1775 241 1842 284 di-

413 302 568 342 dicisse
590 316 819 356 numquam
841 312 1082 357 putaretur:
1115 311 1242 356 atque
1263 303 1322 342 ita
1344 315 1387 341 se
1405 310 1580 354 uterque
1601 303 1841 354 graviorem

417 358 522 407 fore,
544 359 575 399 si
600 359 704 399 alter
725 370 1011 410 contemnere,
1033 360 1136 400 alter
1160 373 1210 399 ne
1232 372 1354 399 nosse
1375 357 1546 412 quidem
1571 356 1748 399 Graecos
1779 356 1843 398 vi-

415 415 598 456 deretur.

381 485 403 519 5
474 475 668 518 Quorum
691 472 914 512 consilium
937 472 1060 526 quale
1083 471 1223 521 fuerit,
1242 470 1347 511 nihil
1366 485 1465 511 sane
1487 469 1538 511 ad
1557 469 1640 512 hoc
1657 479 1843 525 tempus.

419 527 527 569 Illud
569 540 710 569 autem
742 540 805 569 est
840 529 965 584 liujus
1005 529 1210 570 institutae
1253 528 1497 584 scriptionis
1535 541 1585 568 ac
1625 525 1844 583 temporiS,

416 586 628 627 neminem
663 586 919 640 eloquentia,
949 600 1032 626 non
1070 586 1197 626 modo
1230 586 1319 625 sine
1340 584 1509 625 ‹lit-endi
1537 584 1748 634 doctrina,
1769 582 1843 625 sed

419 658 470 684 ne
493 643 581 683 sine
610 642 724 683 omui
750 643 921 697 quidem
954 642 1176 698 sapientia,
1199 642 1348 682 florere
1371 655 1554 696 unquam
1578 650 1622 682 et
1643 647 1844 697 praestare

371 695 402 746 Ε)
420 700 621 755 potuisse.
685 698 851 739 Etenim
875 710 1027 739 cetera:
1051 698 1137 739 fere
1158 709 1267 739 artes
1289 713 1332 740 se
1354 698 1456 754 ipsae
1491 712 1563 753 per
1593 712 1636 739 se
1670 706 1842 740 tuentur

417 756 618 812 singulae:
654 757 759 796 bene
791 756 931 797 (licere
960 767 1117 805 autem,
1147 755 1259 808 quod
1294 766 1358 796 est
1386 756 1581 806 scienter,
1614 764 1658 796 et
1691 755 1841 811 perite,

414 825 455 854 et
487 823 634 853 ornate
666 813 821 863 dicere,
855 828 938 853 nou
975 813 1104 853 habet
1135 811 1353 853 definitam
1393 812 1578 867 aliquam
1609 813 1844 868 regionem,

413 870 536 925 cujus
559 870 751 910 terminis
773 870 926 925 6septa
949 879 1155 910 teneatur.
1216 869 1389 918 Omnia,
1410 883 1679 924 quaecunque
1699 869 1742 910 in
1766 868 1844 910 ho-

413 929 577 968 minum
591 926 946 982 disceptationem
965 927 1114 968 cadere
1133 936 1325 981 possunt,
1345 926 1452 966 bene
1473 935 1574 966 sunt
1587 927 1626 966 ei
1648 926 1843 977 dicenda,

414 985 486 1039 qui
521 984 602 1024 hoc
635 997 677 1024 se
710 998 833 1039 posse
866 983 1104 1039 profitetur,
1137 993 1211 1022 aut
1242 982 1497 1037 eloquentiae
1532 996 1686 1023 nomen
1718 983 1845 1024 relin-

378 1041 631 1097 equendum
664 1051 742 1081 est.
803 1041 947 1087 Quare
979 1040 1175 1096 equidem
1210 1040 1318 1079 etin
1352 1048 1498 1080 nostra
1519 1038 1710 1091 civitate,
1730 1048 1773 1081 et
1799 1040 1846 1081 in-

413 1099 506 1155 ipsa
528 1097 715 1148 Graecia,
746 1112 842 1152 quae
866 1111 1032 1154 semper
1066 1096 1159 1137 haec
1181 1111 1346 1137 summa
1365 1095 1507 1147 duxit,
1528 1095 1684 1151 multos
1715 1104 1760 1137 et
1780 1096 1846 1137 in-

413 1156 565 1212 geniis,
588 1164 632 1196 et
652 1169 810 1210 magna
831 1154 953 1195 laude
974 1154 1143 1195 dicendi
1169 1154 1259 1194 sine
1292 1167 1458 1194 summa
1479 1167 1618 1194 rerum
1644 1152 1844 1194 ,omnium

413 1213 593 1254 scientia
629 1211 757 1252 fuisse
795 1211 955 1253 fateor:
1003 1211 1128 1252 talem
1162 1225 1259 1251 vero
1297 1211 1502 1251 exsistere
1527 1209 1844 1265 eloquentiam,

412 1270 548 1325 qualis
570 1269 699 1310 fuerit
717 1269 758 1309 in
775 1268 930 1310 Crasso
951 1280 995 1310 et
1016 1268 1222 1319 Antonio,
1242 1281 1326 1308 non
1349 1267 1535 1324 cognitis
1557 1267 1682 1308 rebus
1701 1267 1843 1308 omni-

415 1328 508 1378 bus,
531 1331 660 1381 7quae
695 1326 748 1366 ad
782 1335 944 1367 tantam
985 1326 1253 1382 prudentiam
1289 1325 1564 1380 pertinerent,
1595 1333 1844 1379 tantamque

414 1383 583 1425 dicendi
609 1385 794 1438 copiam,
827 1386 1016 1438 Squanta
1048 1383 1091 1422 in
1124 1381 1205 1422 illis
1238 1381 1381 1432 fuerit,
1411 1396 1496 1422 non
1531 1381 1721 1437 potuisse
1742 1395 1847 1423 con-

376 1443 401 1481 ⁷
417 1440 554 1482 firmo.
616 1441 716 1486 Quo
737 1440 865 1480 etiam
888 1440 969 1481 feci
997 1439 1214 1489 libentius,
1237 1448 1284 1479 ut
1304 1453 1400 1479 eum
1432 1452 1686 1490 sermonem,
1715 1451 1845 1493 quem

414 1498 470 1538 illi
491 1498 708 1553 quondam
728 1496 836 1537 inter
859 1511 901 1538 se
918 1497 970 1538 de
989 1496 1055 1537 his
1078 1497 1201 1536 rebus
1227 1495 1487 1545 habuissent,
1510 1495 1756 1536 mandarem
1773 1494 1845 1535 lit-

412 1555 536 1596 teris:
572 1554 636 1597 vel
658 1563 704 1594 ut
729 1553 799 1594 illa
830 1554 992 1609 opinio,
1015 1567 1110 1608 quae
1141 1566 1306 1608 semper
1338 1552 1502 1602 fuisset,
1525 1551 1758 1603 tolleretur,
1781 1550 1842 1592 al-

410 1622 548 1653 terum
586 1625 672 1652 non
704 1610 1015 1660 doctissimum,
1051 1609 1230 1650 alterum
1268 1609 1392 1665 plane
1425 1608 1644 1649 indoctum
1687 1607 1844 1659 fuisse;

411 1669 477 1709 vel
501 1679 545 1709 ut
567 1683 630 1718 ea,
649 1682 745 1722 quae
767 1668 1058 1708 existimarem
1078 1681 1102 1707 a
1124 1667 1298 1707 summis
1316 1665 1556 1706 oratoribus
1572 1665 1624 1706 de
1642 1664 1845 1720 eloquen-

412 1726 473 1766 tia
494 1726 700 1767 divinitus
722 1739 813 1765 esse
834 1725 964 1774 dicta,
986 1723 1244 1765 custodirem
1268 1723 1434 1773 litteris,
1456 1723 1489 1763 si
1524 1721 1607 1763 ullo
1628 1722 1758 1764 modo
1780 1735 1848 1763 as-

413 1783 531 1837 sequi
548 1782 862 1838 complectique
884 1782 1144 1837 pctuissem,·
1176 1780 1241 1821 vel
1262 1779 1503 1821 mehercule
1521 1779 1737 1830 etiam,iut
1757 1777 1847 1820 lau-

413 1840 510 1880 dem
533 1853 695 1889 eorum,
710 1839 803 1893 jam
835 1853 968 1895 prope
999 1847 1304 1887 senescentem,
1324 1846 1534 1892 quantum
1555 1850 1637 1893 ego
1660 1849 1845 1892 possem,

378 1897 468 1937 sab
491 1896 708 1938 oblivione
730 1896 951 1937 hominum
971 1904 1100 1950 atque
1115 1909 1140 1935 a
1155 1894 1325 1935 silentio
1349 1893 1624 1935 vindicarem.
1676 1892 1788 1934 Nam
1811 1892 1846 1934 si

413 1968 467 1995 ex
489 1953 659 2009 scriptis
681 1953 887 2009 cognosci
910 1953 990 2008 ipsi
1014 1953 1099 1992 suis
1124 1952 1376 2007 potuissent,
1398 1950 1538 1992 minus
1560 1950 1643 1991 hoc
1664 1948 1844 1991 fortasse

412 2011 519 2051 mihi
548 2024 639 2051 esse
671 2020 883 2066 putassem
918 2010 1218 2050 laborandum:
1251 2008 1322 2049 sed
1356 2022 1454 2048 cum
1484 2007 1590 2048 alter
1619 2021 1706 2048 non
1736 2004 1846 2047 mul-

414 2076 522 2117 tum,
544 2067 677 2122 (quod
711 2067 883 2121 quidem
914 2067 1136 2115 exstaret,)
1157 2075 1201 2106 et
1233 2065 1419 2120 idipsum
1448 2063 1708 2114 adolescens,
1738 2063 1844 2103 alter

416 2125 521 2164 nihil
554 2124 784 2164 admodum
815 2123 961 2178 scripti
997 2122 1258 2177 reliquisset:
1301 2121 1445 2162 deberi
1473 2120 1554 2162 hoc
1579 2135 1606 2162 a
1625 2134 1694 2161 me
1715 2119 1846 2161 tantis

375 2180 640 2222 b.l1ominum
665 2181 846 2235 ingeniis
862 2179 1023 2235 putavi,
1038 2190 1099 2229 ut,
1115 2193 1212 2220 cum
1235 2179 1364 2218 etiam
1387 2192 1499 2218 nunc
1515 2178 1653 2218 vivam
1678 2176 1846 2217 illorum

418 2238 666 2279 memoriam
704 2248 957 2286 teneremuS,
981 2237 1089 2277 hanc
1122 2236 1402 2277 immortalem
1437 2235 1670 2285 redderem,
1691 2233 1724 2274 si
1750 2248 1848 2289 pos-

378 2301 519 2336 9sem.
563 2294 692 2340 Quod
716 2293 798 2335 hoc
819 2293 947 2335 etiam
967 2307 1041 2349 spe
1059 2292 1286 2348 aggredior
1308 2291 1469 2347 majore
1487 2291 1539 2332 ad
1562 2290 1846 2348 probandum,

414 2353 515 2409 quia
537 2366 622 2392 non
644 2351 696 2392 de
720 2350 810 2392 Ser.
834 2350 1003 2402 Galbae,
1024 2359 1098 2390 aut
1130 2349 1182 2390 C.
1206 2349 1418 2391 Carbonis
1438 2347 1684 2404 eloquentia
1703 2346 1845 2389 scribo

412 2465 511 2496 habet
525 2475 590 2505 quo
614 2465 787 2499 referatur,
809 2469 843 2495 et
857 2463 954 2504 plane
967 2462 1108 2494 totidem
1195 2466 1212 2497 7
1237 2471 1306 2502 quoe
1329 2461 1375 2492 ad
1394 2465 1417 2492 t.
1428 2470 1483 2501 pr.
1494 2459 1722 2501 pertinerent]
1747 2458 1847 2499 Vulg.

411 2507 515 2537 verbis
544 2508 614 2538 haec
642 2506 808 2537 sententia
834 2506 977 2536 occurrit
1006 2515 1034 2535 c.
1057 2505 1108 2535 36.
1153 2505 1187 2535 in
1198 2517 1206 2533 :
1232 2503 1312 2534 illud
1324 2503 1423 2534 habet
1435 2503 1484 2534 ed.
1500 2513 1526 2534 s.
1538 2502 1561 2533 l.
1576 2507 1610 2533 et
1625 2513 1653 2532 a.
1668 2511 1742 2532 cum
1757 2501 1849 2533 Med.

411 2549 517 2579 Possis
530 2551 630 2580 etiam
649 2550 823 2584 invertere,
847 2549 904 2578 hoc
912 2547 1109 2588 probabilio-
1155 2545 1241 2587 Lips.
1265 2547 1360 2585 idque
1374 2544 1511 2584 melius;
1533 2545 1570 2575 in
1591 2544 1662 2576 edd.
1683 2543 1737 2575 W.
1750 2544 1846 2574 «lunt.

408 2601 490 2621 rem.
546 2591 610 2622 Sed
635 2591 717 2622 illud
744 2590 870 2620 melius.
927 2589 962 2620 Si
991 2589 1105 2619 Cicero
1153 2588 1226 2620 Am.

408 2633 539 2673 scripsit
564 2635 620 2663 hoe
650 2634 781 2673 populo,
817 2631 958 2671 intelligi
995 2630 1105 2667 debet,
1194 2633 1212 2661 8
1227 2633 1352 2671 quanta
1362 2630 1396 2658 in
1411 2627 1618 2668 intestam-iu]
1636 2627 1699 2658 Pro
1711 2627 1847 2668 vulgato

409 2684 485 2705 cum
502 2675 660 2715 populum
675 2674 776 2711 hunc,
792 2673 892 2703 talem
908 2673 1103 2703 habeamus:
1138 2672 1226 2712 fuit.
1270 2672 1357 2703 Ante
1370 2676 1419 2700 est
1442 2670 1677 2710 (surdis-fuerit.-
1699 2679 1777 2710 ergo
1792 2669 1847 2700 hic

409 2726 474 2756 quo
486 2725 581 2747 sensu
595 2716 664 2746 haec
678 2716 782 2747 forma
795 2721 830 2744 et
842 2715 918 2745 alibi
935 2720 996 2745 est.
1150 2713 1247 2745 debet
1274 2722 1343 2744 esse
1365 2716 1491 2752 quanta
1503 2713 1629 2752 siam-it.
1675 2711 1784 2742 Etiam
1813 2711 1847 2742 in

451 2759 470 2789 6
493 2763 583 2799 septa
599 2757 776 2797 teneatur]
803 2757 958 2794 Intellige
981 2766 1037 2786 ars
1051 2765 1101 2792 ea,
1146 2757 1247 2796 priori
1262 2755 1335 2786 loco
1351 2755 1415 2785 Ms.
1433 2754 1471 2784 Ε.
1487 2753 1677 2794 babetsuie.
1714 2753 1742 2784 Ε
1755 2762 1848 2784 com-

407 2810 426 2830 e
441 2800 611 2840 superiori,
625 2805 738 2830 cetera?
757 2804 854 2829 artes.
900 2799 951 2829 Ita
966 2807 1032 2827 non
1048 2807 1104 2828 ne·
1146 2799 1265 2839 pendio
1297 2796 1458 2828 scribendi
1485 2797 1601 2827 vitium
1630 2801 1741 2827 ortum
1775 2801 1846 2827 esta

408 2852 495 2872 cesse
517 2842 593 2878 erit,
609 2852 683 2872 cuni
700 2841 860 2871 Lainbino
874 2840 1036 2879 corrigere
1056 2850 1103 2870 se·
1134 2840 1221 2880 sua'c.

402 2889 516 2925 ptum,
531 2883 618 2925 quod
633 2890 667 2916 et
682 2884 813 2915 Pearcio
827 2882 986 2923 placebat.
