<?xml version="1.0" encoding="UTF-8"?>
<!DOCTYPE html PUBLIC "-//W3C//DTD XHTML 1.0 Transitional//EN"
    "http://www.w3.org/TR/xhtml1/DTD/xhtml1-transitional.dtd">
<html xmlns="http://www.w3.org/1999/xhtml" xml:lang="en" lang="en">
 <head>
  <title>
</title>
<meta http-equiv="Content-Type" content="text/html;charset=utf-8" />
  <meta name='ocr-system' content='tesseract 3.04.00' />
  <meta name='ocr-capabilities' content='ocr_page ocr_carea ocr_par ocr_line ocrx_word'/>
</head>
<body>
  <div class='ocr_page' id='page_1' title='image "./operaomnia01ciceuoft/operaomnia01ciceuoft_0401.png"; bbox 0 0 1945 3235; ppageno 0'>
   <div class='ocr_carea' id='block_1_1' title="bbox 521 114 1510 161">
    <p class='ocr_par' dir='ltr' id='par_1_1' title="bbox 521 114 1510 161">
     <span class='ocr_line' id='line_1_1' title="bbox 521 114 1510 161; baseline -0.002 0"><span class='ocrx_word' id='word_1_1' title='bbox 521 114 708 161; x_wconf 77' lang='lat' dir='ltr'>LIBER</span> <span class='ocrx_word' id='word_1_2' title='bbox 744 120 1070 158; x_wconf 75' lang='lat' dir='ltr'>SECUNDUS.</span> <span class='ocrx_word' id='word_1_3' title='bbox 1433 121 1510 159; x_wconf 77' lang='lat'><strong>329</strong></span> 
     </span>
    </p>
   </div>
   <div class='ocr_carea' id='block_1_2' title="bbox 74 222 1618 2065">
    <p class='ocr_par' dir='ltr' id='par_1_2' title="bbox 74 222 1602 741">
     <span class='ocr_line' id='line_1_2' title="bbox 74 222 1514 284; baseline -0.007 -12"><span class='ocrx_word' id='word_1_4' title='bbox 74 230 122 261; x_wconf 69' lang='grc'><strong>36</strong></span> <span class='ocrx_word' id='word_1_5' title='bbox 133 229 414 281; x_wconf 79' lang='lat' dir='ltr'><strong>adducantur,</strong></span> <span class='ocrx_word' id='word_1_6' title='bbox 438 230 470 270; x_wconf 88' lang='lat' dir='ltr'><strong>si</strong></span> <span class='ocrx_word' id='word_1_7' title='bbox 493 228 565 284; x_wconf 89' lang='lat' dir='ltr'><strong>qui</strong></span> <span class='ocrx_word' id='word_1_8' title='bbox 588 225 761 268; x_wconf 86' lang='lat' dir='ltr'><strong>finitimi</strong></span> <span class='ocrx_word' id='word_1_9' title='bbox 785 233 897 275; x_wconf 84' lang='lat' dir='ltr'><strong>sunt,</strong></span> <span class='ocrx_word' id='word_1_10' title='bbox 920 233 962 264; x_wconf 89' lang='lat' dir='ltr'><strong>et</strong></span> <span class='ocrx_word' id='word_1_11' title='bbox 991 223 1220 279; x_wconf 89' lang='lat' dir='ltr'><strong>propinqui</strong></span> <span class='ocrx_word' id='word_1_12' title='bbox 1251 222 1318 264; x_wconf 84' lang='lat' dir='ltr'><strong>his</strong></span> <span class='ocrx_word' id='word_1_13' title='bbox 1347 239 1397 264; x_wconf 85' lang='lat' dir='ltr'><strong>ac</strong></span> <span class='ocrx_word' id='word_1_14' title='bbox 1421 222 1514 263; x_wconf 85' lang='lat' dir='ltr'><strong>tali-</strong></span> 
     </span>
     <span class='ocr_line' id='line_1_3' title="bbox 82 276 1602 344; baseline -0.005 -16"><span class='ocrx_word' id='word_1_15' title='bbox 82 287 160 327; x_wconf 88' lang='lat' dir='ltr'><strong>bus</strong></span> <span class='ocrx_word' id='word_1_16' title='bbox 184 287 314 328; x_wconf 83' lang='lat' dir='ltr'><strong>animi</strong></span> <span class='ocrx_word' id='word_1_17' title='bbox 338 285 746 344; x_wconf 82' lang='lat' dir='ltr'>perturbationibus.</span> <span class='ocrx_word' id='word_1_18' title='bbox 789 281 933 337; x_wconf 84' lang='lat' dir='ltr'>Atque</span> <span class='ocrx_word' id='word_1_19' title='bbox 955 281 1056 321; x_wconf 84' lang='lat' dir='ltr'><strong>illud</strong></span> <span class='ocrx_word' id='word_1_20' title='bbox 1078 280 1315 335; x_wconf 81' lang='lat' dir='ltr'><strong>optandum</strong></span> <span class='ocrx_word' id='word_1_21' title='bbox 1336 290 1400 321; x_wconf 89' lang='lat' dir='ltr'><strong>est</strong></span> <span class='ocrx_word' id='word_1_22' title='bbox 1421 294 1515 321; x_wconf 86' lang='lat' dir='ltr'><strong>ora-</strong></span> <span class='ocrx_word' id='word_1_23' title='bbox 1530 276 1602 312; x_wconf 84' lang='lat'><strong>186</strong></span> 
     </span>
     <span class='ocr_line' id='line_1_4' title="bbox 82 337 1516 400; baseline -0.005 -15"><span class='ocrx_word' id='word_1_24' title='bbox 82 345 180 392; x_wconf 89' lang='lat' dir='ltr'><strong>tori,</strong></span> <span class='ocrx_word' id='word_1_25' title='bbox 213 356 259 385; x_wconf 91' lang='lat' dir='ltr'><strong>ut</strong></span> <span class='ocrx_word' id='word_1_26' title='bbox 290 345 474 400; x_wconf 83' lang='lat' dir='ltr'>aliquam</span> <span class='ocrx_word' id='word_1_27' title='bbox 505 342 818 399; x_wconf 78' lang='lat' dir='ltr'><strong>permotionem</strong></span> <span class='ocrx_word' id='word_1_28' title='bbox 853 339 1107 380; x_wconf 80' lang='lat' dir='ltr'><strong>animorum</strong></span> <span class='ocrx_word' id='word_1_29' title='bbox 1133 351 1208 377; x_wconf 81' lang='lat' dir='ltr'><strong>sua</strong></span> <span class='ocrx_word' id='word_1_30' title='bbox 1245 349 1398 392; x_wconf 84' lang='lat' dir='ltr'><strong>sponte</strong></span> <span class='ocrx_word' id='word_1_31' title='bbox 1435 337 1516 394; x_wconf 86' lang='lat' dir='ltr'><strong>ipsi</strong></span> 
     </span>
     <span class='ocr_line' id='line_1_5' title="bbox 83 393 1517 454; baseline -0.006 -12"><span class='ocrx_word' id='word_1_32' title='bbox 83 401 263 442; x_wconf 81' lang='lat' dir='ltr'><strong>afferant</strong></span> <span class='ocrx_word' id='word_1_33' title='bbox 296 403 348 442; x_wconf 84' lang='lat' dir='ltr'><strong>ad</strong></span> <span class='ocrx_word' id='word_1_34' title='bbox 380 415 551 442; x_wconf 82' lang='lat' dir='ltr'><strong>causam</strong></span> <span class='ocrx_word' id='word_1_35' title='bbox 580 399 765 454; x_wconf 84' lang='lat' dir='ltr'><strong>judices,</strong></span> <span class='ocrx_word' id='word_1_36' title='bbox 802 397 853 437; x_wconf 83' lang='lat' dir='ltr'><strong>ad</strong></span> <span class='ocrx_word' id='word_1_37' title='bbox 894 396 952 446; x_wconf 89' lang='lat' dir='ltr'><strong>id,</strong></span> <span class='ocrx_word' id='word_1_38' title='bbox 987 395 1102 450; x_wconf 89' lang='lat' dir='ltr'><strong>quod</strong></span> <span class='ocrx_word' id='word_1_39' title='bbox 1141 393 1304 434; x_wconf 80' lang='lat' dir='ltr'><strong>utilitas</strong></span> <span class='ocrx_word' id='word_1_40' title='bbox 1339 395 1517 434; x_wconf 82' lang='lat' dir='ltr'><strong>oratoris</strong></span> 
     </span>
     <span class='ocr_line' id='line_1_6' title="bbox 80 453 1520 509; baseline -0.006 -9"><span class='ocrx_word' id='word_1_41' title='bbox 80 459 204 509; x_wconf 79' lang='lat' dir='ltr'><strong>feret,</strong></span> <span class='ocrx_word' id='word_1_42' title='bbox 247 459 628 500; x_wconf 69' lang='lat' dir='ltr'>accommodatam.</span> <span class='ocrx_word' id='word_1_43' title='bbox 691 453 874 495; x_wconf 79' lang='lat' dir='ltr'>Facilius</span> <span class='ocrx_word' id='word_1_44' title='bbox 911 462 977 494; x_wconf 87' lang='lat' dir='ltr'><strong>est</strong></span> <span class='ocrx_word' id='word_1_45' title='bbox 1017 453 1131 493; x_wconf 89' lang='lat' dir='ltr'><strong>enim</strong></span> <span class='ocrx_word' id='word_1_46' title='bbox 1173 459 1414 491; x_wconf 85' lang='lat' dir='ltr'><strong>currentem</strong></span> <span class='ocrx_word' id='word_1_47' title='bbox 1453 456 1520 502; x_wconf 90' lang='lat' dir='ltr'><strong>(ut</strong></span> 
     </span>
     <span class='ocr_line' id='line_1_7' title="bbox 84 508 1521 570; baseline -0.007 -13"><span class='ocrx_word' id='word_1_48' title='bbox 84 517 223 564; x_wconf 84' lang='lat' dir='ltr'><strong>aiunt)</strong></span> <span class='ocrx_word' id='word_1_49' title='bbox 243 516 434 564; x_wconf 85' lang='lat' dir='ltr'><strong>incitare,</strong></span> <span class='ocrx_word' id='word_1_50' title='bbox 456 529 584 570; x_wconf 84' lang='lat' dir='ltr'><strong>quam</strong></span> <span class='ocrx_word' id='word_1_51' title='bbox 605 525 878 554; x_wconf 77' lang='lat' dir='ltr'><strong>commovere</strong></span> <span class='ocrx_word' id='word_1_52' title='bbox 910 511 1200 566; x_wconf 80' lang='lat' dir='ltr'><strong>languentem.</strong></span> <span class='ocrx_word' id='word_1_53' title='bbox 1259 508 1335 549; x_wconf 86' lang='lat' dir='ltr'><strong>Sin</strong></span> <span class='ocrx_word' id='word_1_54' title='bbox 1368 508 1425 557; x_wconf 87' lang='lat' dir='ltr'><strong>id,</strong></span> <span class='ocrx_word' id='word_1_55' title='bbox 1448 517 1521 547; x_wconf 75' lang='lat' dir='ltr'><strong>aut</strong></span> 
     </span>
     <span class='ocr_line' id='line_1_8' title="bbox 82 565 1521 622; baseline -0.007 -8"><span class='ocrx_word' id='word_1_56' title='bbox 82 588 169 614; x_wconf 88' lang='lat' dir='ltr'><strong>non</strong></span> <span class='ocrx_word' id='word_1_57' title='bbox 201 574 295 622; x_wconf 87' lang='lat' dir='ltr'><strong>erit,</strong></span> <span class='ocrx_word' id='word_1_58' title='bbox 326 582 400 613; x_wconf 83' lang='lat' dir='ltr'><strong>aut</strong></span> <span class='ocrx_word' id='word_1_59' title='bbox 430 573 510 612; x_wconf 88' lang='lat' dir='ltr'><strong>erit</strong></span> <span class='ocrx_word' id='word_1_60' title='bbox 531 570 770 618; x_wconf 79' lang='lat' dir='ltr'><strong>obscurius,</strong></span> <span class='ocrx_word' id='word_1_61' title='bbox 803 569 914 609; x_wconf 88' lang='lat' dir='ltr'><strong>sicut</strong></span> <span class='ocrx_word' id='word_1_62' title='bbox 945 568 1111 608; x_wconf 86' lang='lat' dir='ltr'><strong>medico</strong></span> <span class='ocrx_word' id='word_1_63' title='bbox 1136 565 1349 621; x_wconf 82' lang='lat' dir='ltr'><strong>diligenti,</strong></span> <span class='ocrx_word' id='word_1_64' title='bbox 1382 565 1521 620; x_wconf 84' lang='lat' dir='ltr'><strong>prius-</strong></span> 
     </span>
     <span class='ocr_line' id='line_1_9' title="bbox 85 623 1562 686; baseline -0.007 -15"><span class='ocrx_word' id='word_1_65' title='bbox 85 645 212 686; x_wconf 84' lang='lat' dir='ltr'>quam</span> <span class='ocrx_word' id='word_1_66' title='bbox 235 640 412 671; x_wconf 83' lang='lat' dir='ltr'><strong>conetur</strong></span> <span class='ocrx_word' id='word_1_67' title='bbox 443 642 561 684; x_wconf 81' lang='lat' dir='ltr'><strong>aegro</strong></span> <span class='ocrx_word' id='word_1_68' title='bbox 583 627 787 668; x_wconf 84' lang='lat' dir='ltr'><strong>adhibere</strong></span> <span class='ocrx_word' id='word_1_69' title='bbox 818 626 1090 675; x_wconf 83' lang='lat' dir='ltr'><strong>medicinam,</strong></span> <span class='ocrx_word' id='word_1_70' title='bbox 1121 638 1208 664; x_wconf 90' lang='lat' dir='ltr'><strong>non</strong></span> <span class='ocrx_word' id='word_1_71' title='bbox 1239 623 1377 663; x_wconf 89' lang='lat' dir='ltr'><strong>solum</strong></span> <span class='ocrx_word' id='word_1_72' title='bbox 1407 630 1562 662; x_wconf 83' lang='lat' dir='ltr'><strong>mor-b.</strong></span> 
     </span>
     <span class='ocr_line' id='line_1_10' title="bbox 86 679 1522 741; baseline -0.006 -13"><span class='ocrx_word' id='word_1_73' title='bbox 86 688 164 728; x_wconf 87' lang='lat' dir='ltr'><strong>bus</strong></span> <span class='ocrx_word' id='word_1_74' title='bbox 193 687 300 741; x_wconf 78' lang='lat' dir='ltr'><strong>ejuS,</strong></span> <span class='ocrx_word' id='word_1_75' title='bbox 323 686 390 727; x_wconf 90' lang='lat' dir='ltr'><strong>cui</strong></span> <span class='ocrx_word' id='word_1_76' title='bbox 422 686 582 726; x_wconf 88' lang='lat' dir='ltr'><strong>mederi</strong></span> <span class='ocrx_word' id='word_1_77' title='bbox 614 684 743 735; x_wconf 80' lang='lat' dir='ltr'><strong>volet,</strong></span> <span class='ocrx_word' id='word_1_78' title='bbox 775 684 847 724; x_wconf 88' lang='lat' dir='ltr'><strong>sed</strong></span> <span class='ocrx_word' id='word_1_79' title='bbox 869 684 996 723; x_wconf 86' lang='lat' dir='ltr'><strong>etiam</strong></span> <span class='ocrx_word' id='word_1_80' title='bbox 1027 681 1294 723; x_wconf 88' lang='lat' dir='ltr'><strong>consuetudo</strong></span> <span class='ocrx_word' id='word_1_81' title='bbox 1326 679 1522 729; x_wconf 83' lang='lat' dir='ltr'><strong>valentis,</strong></span> 
     </span>
    </p>

    <p class='ocr_par' dir='ltr' id='par_1_3' title="bbox 77 738 1618 2065">
     <span class='ocr_line' id='line_1_11' title="bbox 84 738 1524 799; baseline -0.006 -14"><span class='ocrx_word' id='word_1_82' title='bbox 84 757 127 785; x_wconf 85' lang='lat' dir='ltr'><strong>et</strong></span> <span class='ocrx_word' id='word_1_83' title='bbox 148 755 298 784; x_wconf 85' lang='lat' dir='ltr'><strong>natura</strong></span> <span class='ocrx_word' id='word_1_84' title='bbox 317 744 511 799; x_wconf 86' lang='lat' dir='ltr'><strong>corporis</strong></span> <span class='ocrx_word' id='word_1_85' title='bbox 530 742 832 799; x_wconf 82' lang='lat' dir='ltr'><strong>cognoscenda</strong></span> <span class='ocrx_word' id='word_1_86' title='bbox 852 738 940 781; x_wconf 81' lang='lat' dir='ltr'><strong>est:</strong></span> <span class='ocrx_word' id='word_1_87' title='bbox 975 740 1036 779; x_wconf 88' lang='lat' dir='ltr'><strong>sic</strong></span> <span class='ocrx_word' id='word_1_88' title='bbox 1057 739 1254 794; x_wconf 80' lang='lat' dir='ltr'><strong>equidem</strong></span> <span class='ocrx_word' id='word_1_89' title='bbox 1277 740 1424 778; x_wconf 76' lang='lat' dir='ltr'><strong>37cum</strong></span> <span class='ocrx_word' id='word_1_90' title='bbox 1448 752 1524 792; x_wconf 84' lang='lat' dir='ltr'><strong>ag-</strong></span> 
     </span>
     <span class='ocr_line' id='line_1_12' title="bbox 86 795 1525 857; baseline -0.006 -15"><span class='ocrx_word' id='word_1_91' title='bbox 86 801 256 857; x_wconf 87' lang='lat' dir='ltr'><strong>gredior</strong></span> <span class='ocrx_word' id='word_1_92' title='bbox 287 801 521 856; x_wconf 82' lang='lat' dir='ltr'><strong>ancipitem</strong></span> <span class='ocrx_word' id='word_1_93' title='bbox 554 814 727 842; x_wconf 85' lang='lat' dir='ltr'><strong>causam</strong></span> <span class='ocrx_word' id='word_1_94' title='bbox 757 808 801 839; x_wconf 92' lang='lat' dir='ltr'><strong>et</strong></span> <span class='ocrx_word' id='word_1_95' title='bbox 838 812 1012 854; x_wconf 83' lang='lat' dir='ltr'><strong>gravem</strong></span> <span class='ocrx_word' id='word_1_96' title='bbox 1043 797 1094 838; x_wconf 84' lang='lat' dir='ltr'><strong>ad</strong></span> <span class='ocrx_word' id='word_1_97' title='bbox 1126 797 1291 837; x_wconf 80' lang='lat' dir='ltr'><strong>animos</strong></span> <span class='ocrx_word' id='word_1_98' title='bbox 1324 795 1525 849; x_wconf 82' lang='lat' dir='ltr'><strong>judicum</strong></span> 
     </span>
     <span class='ocr_line' id='line_1_13' title="bbox 78 855 1526 915; baseline -0.006 -16"><span class='ocrx_word' id='word_1_99' title='bbox 78 858 423 915; x_wconf 84' lang='lat' dir='ltr'><strong>pertractandos,</strong></span> <span class='ocrx_word' id='word_1_100' title='bbox 445 858 562 899; x_wconf 90' lang='lat' dir='ltr'><strong>omni</strong></span> <span class='ocrx_word' id='word_1_101' title='bbox 594 866 739 898; x_wconf 88' lang='lat' dir='ltr'><strong>mente</strong></span> <span class='ocrx_word' id='word_1_102' title='bbox 770 856 813 897; x_wconf 91' lang='lat' dir='ltr'><strong>in</strong></span> <span class='ocrx_word' id='word_1_103' title='bbox 844 871 894 896; x_wconf 86' lang='lat' dir='ltr'><strong>ea</strong></span> <span class='ocrx_word' id='word_1_104' title='bbox 917 855 1185 910; x_wconf 81' lang='lat' dir='ltr'><strong>cogitatione</strong></span> <span class='ocrx_word' id='word_1_105' title='bbox 1215 866 1402 907; x_wconf 83' lang='lat' dir='ltr'><strong>curaque</strong></span> <span class='ocrx_word' id='word_1_106' title='bbox 1432 866 1526 892; x_wconf 91' lang='lat' dir='ltr'><strong>ver-</strong></span> 
     </span>
     <span class='ocr_line' id='line_1_14' title="bbox 77 910 1526 971; baseline -0.006 -14"><span class='ocrx_word' id='word_1_107' title='bbox 77 930 167 966; x_wconf 88' lang='lat' dir='ltr'><strong>·sor,</strong></span> <span class='ocrx_word' id='word_1_108' title='bbox 201 925 249 956; x_wconf 81' lang='lat' dir='ltr'><strong>ut</strong></span> <span class='ocrx_word' id='word_1_109' title='bbox 287 916 454 967; x_wconf 88' lang='lat' dir='ltr'><strong>odorer,</strong></span> <span class='ocrx_word' id='word_1_110' title='bbox 490 930 620 971; x_wconf 84' lang='lat' dir='ltr'><strong>quam</strong></span> <span class='ocrx_word' id='word_1_111' title='bbox 655 913 928 970; x_wconf 82' lang='lat' dir='ltr'><strong>sagacissime</strong></span> <span class='ocrx_word' id='word_1_112' title='bbox 968 913 1145 968; x_wconf 87' lang='lat' dir='ltr'><strong>possim,</strong></span> <span class='ocrx_word' id='word_1_113' title='bbox 1182 910 1285 966; x_wconf 91' lang='lat' dir='ltr'><strong>quid</strong></span> <span class='ocrx_word' id='word_1_114' title='bbox 1324 910 1526 959; x_wconf 81' lang='lat' dir='ltr'><strong>sentiant,</strong></span> 
     </span>
     <span class='ocr_line' id='line_1_15' title="bbox 83 967 1525 1029; baseline -0.005 -15"><span class='ocrx_word' id='word_1_115' title='bbox 83 973 187 1029; x_wconf 88' lang='lat' dir='ltr'><strong>quid</strong></span> <span class='ocrx_word' id='word_1_116' title='bbox 218 973 483 1023; x_wconf 82' lang='lat' dir='ltr'><strong>existiment,</strong></span> <span class='ocrx_word' id='word_1_117' title='bbox 514 973 617 1028; x_wconf 86' lang='lat' dir='ltr'><strong>quid</strong></span> <span class='ocrx_word' id='word_1_118' title='bbox 647 980 916 1027; x_wconf 86' lang='lat' dir='ltr'><strong>exspectent,</strong></span> <span class='ocrx_word' id='word_1_119' title='bbox 946 970 1050 1025; x_wconf 90' lang='lat' dir='ltr'><strong>quid</strong></span> <span class='ocrx_word' id='word_1_120' title='bbox 1082 969 1229 1019; x_wconf 88' lang='lat' dir='ltr'><strong>velint,</strong></span> <span class='ocrx_word' id='word_1_121' title='bbox 1254 982 1340 1024; x_wconf 87' lang='lat' dir='ltr'><strong>quo</strong></span> <span class='ocrx_word' id='word_1_122' title='bbox 1371 967 1525 1008; x_wconf 84' lang='lat' dir='ltr'><strong>deduci</strong></span> 
     </span>
     <span class='ocr_line' id='line_1_16' title="bbox 86 1027 1611 1086; baseline -0.002 -15"><span class='ocrx_word' id='word_1_123' title='bbox 86 1031 280 1071; x_wconf 80' lang='lat' dir='ltr'><strong>oratione</strong></span> <span class='ocrx_word' id='word_1_124' title='bbox 303 1030 505 1072; x_wconf 77' lang='lat' dir='ltr'><strong>facillime</strong></span> <span class='ocrx_word' id='word_1_125' title='bbox 537 1045 660 1086; x_wconf 89' lang='lat' dir='ltr'><strong>posse</strong></span> <span class='ocrx_word' id='word_1_126' title='bbox 685 1030 921 1070; x_wconf 84' lang='lat' dir='ltr'><strong>videantur.</strong></span> <span class='ocrx_word' id='word_1_127' title='bbox 984 1027 1026 1068; x_wconf 86' lang='lat' dir='ltr'><strong>Si</strong></span> <span class='ocrx_word' id='word_1_128' title='bbox 1055 1042 1098 1068; x_wconf 81' lang='lat' dir='ltr'><strong>se</strong></span> <span class='ocrx_word' id='word_1_129' title='bbox 1128 1027 1246 1077; x_wconf 85' lang='lat' dir='ltr'><strong>dant,</strong></span> <span class='ocrx_word' id='word_1_130' title='bbox 1269 1035 1326 1076; x_wconf 90' lang='lat' dir='ltr'><strong>et,</strong></span> <span class='ocrx_word' id='word_1_131' title='bbox 1348 1034 1396 1065; x_wconf 89' lang='lat' dir='ltr'><strong>ut</strong></span> <span class='ocrx_word' id='word_1_132' title='bbox 1426 1034 1526 1065; x_wconf 86' lang='lat' dir='ltr'><strong>ante</strong></span> <span class='ocrx_word' id='word_1_133' title='bbox 1540 1034 1611 1081; x_wconf 69' lang='lat'><strong>187</strong></span> 
     </span>
     <span class='ocr_line' id='line_1_17' title="bbox 86 1085 1527 1143; baseline -0.005 -14"><span class='ocrx_word' id='word_1_134' title='bbox 86 1088 193 1137; x_wconf 84' lang='lat' dir='ltr'><strong>dixi,</strong></span> <span class='ocrx_word' id='word_1_135' title='bbox 226 1103 302 1129; x_wconf 85' lang='lat' dir='ltr'><strong>sua</strong></span> <span class='ocrx_word' id='word_1_136' title='bbox 332 1098 500 1143; x_wconf 88' lang='lat' dir='ltr'><strong>sponte,</strong></span> <span class='ocrx_word' id='word_1_137' title='bbox 522 1103 607 1143; x_wconf 89' lang='lat' dir='ltr'><strong>quo</strong></span> <span class='ocrx_word' id='word_1_138' title='bbox 639 1086 911 1142; x_wconf 84' lang='lat' dir='ltr'><strong>impellimus,</strong></span> <span class='ocrx_word' id='word_1_139' title='bbox 944 1085 1153 1126; x_wconf 86' lang='lat' dir='ltr'><strong>inclinant</strong></span> <span class='ocrx_word' id='word_1_140' title='bbox 1183 1093 1312 1138; x_wconf 86' lang='lat' dir='ltr'><strong>atque</strong></span> <span class='ocrx_word' id='word_1_141' title='bbox 1341 1096 1527 1139; x_wconf 85' lang='lat' dir='ltr'><strong>propen-</strong></span> 
     </span>
     <span class='ocr_line' id='line_1_18' title="bbox 86 1140 1529 1202; baseline -0.005 -15"><span class='ocrx_word' id='word_1_142' title='bbox 86 1146 214 1187; x_wconf 84' lang='lat' dir='ltr'><strong>dent:</strong></span> <span class='ocrx_word' id='word_1_143' title='bbox 247 1146 414 1201; x_wconf 83' lang='lat' dir='ltr'><strong>accipio</strong></span> <span class='ocrx_word' id='word_1_144' title='bbox 448 1146 563 1202; x_wconf 89' lang='lat' dir='ltr'><strong>quod</strong></span> <span class='ocrx_word' id='word_1_145' title='bbox 602 1146 740 1195; x_wconf 79' lang='lat' dir='ltr'><strong>datur,</strong></span> <span class='ocrx_word' id='word_1_146' title='bbox 771 1153 814 1184; x_wconf 89' lang='lat' dir='ltr'><strong>et</strong></span> <span class='ocrx_word' id='word_1_147' title='bbox 843 1146 883 1174; x_wconf 71' lang='lat'><strong>38</strong></span> <span class='ocrx_word' id='word_1_148' title='bbox 896 1143 949 1184; x_wconf 84' lang='lat' dir='ltr'><strong>ad</strong></span> <span class='ocrx_word' id='word_1_149' title='bbox 982 1142 1038 1193; x_wconf 88' lang='lat' dir='ltr'><strong>id,</strong></span> <span class='ocrx_word' id='word_1_150' title='bbox 1070 1142 1193 1182; x_wconf 86' lang='lat' dir='ltr'><strong>unde</strong></span> <span class='ocrx_word' id='word_1_151' title='bbox 1213 1140 1365 1196; x_wconf 84' lang='lat' dir='ltr'><strong>aliquis</strong></span> <span class='ocrx_word' id='word_1_152' title='bbox 1401 1140 1529 1180; x_wconf 86' lang='lat' dir='ltr'><strong>flatus</strong></span> 
     </span>
     <span class='ocr_line' id='line_1_19' title="bbox 88 1198 1527 1256; baseline -0.004 -12"><span class='ocrx_word' id='word_1_153' title='bbox 88 1203 343 1254; x_wconf 80' lang='lat' dir='ltr'><strong>ostenditur,</strong></span> <span class='ocrx_word' id='word_1_154' title='bbox 384 1203 474 1244; x_wconf 84' lang='lat' dir='ltr'><strong>vela</strong></span> <span class='ocrx_word' id='word_1_155' title='bbox 515 1203 585 1244; x_wconf 93' lang='lat' dir='ltr'><strong>do.</strong></span> <span class='ocrx_word' id='word_1_156' title='bbox 647 1202 722 1243; x_wconf 69' lang='lat' dir='ltr'><strong>Sin</strong></span> <span class='ocrx_word' id='word_1_157' title='bbox 754 1211 819 1242; x_wconf 89' lang='lat' dir='ltr'><strong>est</strong></span> <span class='ocrx_word' id='word_1_158' title='bbox 860 1201 1040 1256; x_wconf 85' lang='lat' dir='ltr'><strong>integer,</strong></span> <span class='ocrx_word' id='word_1_159' title='bbox 1071 1200 1328 1255; x_wconf 82' lang='lat' dir='ltr'><strong>quietusque</strong></span> <span class='ocrx_word' id='word_1_160' title='bbox 1363 1198 1527 1253; x_wconf 76' lang='lat' dir='ltr'><strong>judex:</strong></span> 
     </span>
     <span class='ocr_line' id='line_1_20' title="bbox 88 1255 1531 1317; baseline -0.003 -15"><span class='ocrx_word' id='word_1_161' title='bbox 88 1261 183 1316; x_wconf 90' lang='lat' dir='ltr'><strong>plus</strong></span> <span class='ocrx_word' id='word_1_162' title='bbox 214 1270 279 1302; x_wconf 89' lang='lat' dir='ltr'><strong>est</strong></span> <span class='ocrx_word' id='word_1_163' title='bbox 309 1261 465 1317; x_wconf 82' lang='lat' dir='ltr'><strong>operis,</strong></span> <span class='ocrx_word' id='word_1_164' title='bbox 497 1269 596 1301; x_wconf 87' lang='lat' dir='ltr'><strong>sunt</strong></span> <span class='ocrx_word' id='word_1_165' title='bbox 626 1260 739 1300; x_wconf 88' lang='lat' dir='ltr'><strong>enim</strong></span> <span class='ocrx_word' id='word_1_166' title='bbox 763 1259 909 1300; x_wconf 86' lang='lat' dir='ltr'><strong>omnia</strong></span> <span class='ocrx_word' id='word_1_167' title='bbox 937 1258 1122 1299; x_wconf 87' lang='lat' dir='ltr'><strong>dicendo</strong></span> <span class='ocrx_word' id='word_1_168' title='bbox 1145 1256 1390 1306; x_wconf 79' lang='lat' dir='ltr'><strong>excitanda,</strong></span> <span class='ocrx_word' id='word_1_169' title='bbox 1422 1255 1531 1297; x_wconf 87' lang='lat' dir='ltr'><strong>nihil</strong></span> 
     </span>
     <span class='ocr_line' id='line_1_21' title="bbox 88 1314 1531 1373; baseline -0.003 -14"><span class='ocrx_word' id='word_1_170' title='bbox 88 1318 320 1373; x_wconf 83' lang='lat' dir='ltr'><strong>adjuvante</strong></span> <span class='ocrx_word' id='word_1_171' title='bbox 351 1328 516 1359; x_wconf 82' lang='lat' dir='ltr'><strong>natura.</strong></span> <span class='ocrx_word' id='word_1_172' title='bbox 577 1317 659 1358; x_wconf 86' lang='lat' dir='ltr'><strong>Sed</strong></span> <span class='ocrx_word' id='word_1_173' title='bbox 682 1327 846 1357; x_wconf 78' lang='lat' dir='ltr'><strong>tantam</strong></span> <span class='ocrx_word' id='word_1_174' title='bbox 872 1317 957 1356; x_wconf 77' lang='lat' dir='ltr'><strong>vim</strong></span> <span class='ocrx_word' id='word_1_175' title='bbox 983 1315 1111 1356; x_wconf 81' lang='lat' dir='ltr'><strong>habet</strong></span> <span class='ocrx_word' id='word_1_176' title='bbox 1134 1314 1218 1365; x_wconf 87' lang='lat' dir='ltr'><strong>illa,</strong></span> <span class='ocrx_word' id='word_1_177' title='bbox 1241 1328 1338 1369; x_wconf 84' lang='lat' dir='ltr'><strong>quae</strong></span> <span class='ocrx_word' id='word_1_178' title='bbox 1361 1322 1475 1354; x_wconf 82' lang='lat' dir='ltr'><strong>recte</strong></span> <span class='ocrx_word' id='word_1_179' title='bbox 1506 1328 1531 1354; x_wconf 83' lang='lat' dir='ltr'><strong>a</strong></span> 
     </span>
     <span class='ocr_line' id='line_1_22' title="bbox 90 1371 1530 1432; baseline -0.003 -15"><span class='ocrx_word' id='word_1_180' title='bbox 90 1376 205 1417; x_wconf 89' lang='lat' dir='ltr'><strong>bono</strong></span> <span class='ocrx_word' id='word_1_181' title='bbox 236 1376 366 1432; x_wconf 69' lang='lat' dir='ltr'><strong>poeta</strong></span> <span class='ocrx_word' id='word_1_182' title='bbox 397 1375 513 1417; x_wconf 81' lang='lat' dir='ltr'><strong>dicta</strong></span> <span class='ocrx_word' id='word_1_183' title='bbox 533 1385 598 1416; x_wconf 90' lang='lat' dir='ltr'><strong>est</strong></span> <span class='ocrx_word' id='word_1_184' title='bbox 625 1375 872 1423; x_wconf 82' lang='lat' dir='ltr'><strong>flexanima,</strong></span> <span class='ocrx_word' id='word_1_185' title='bbox 902 1384 1031 1428; x_wconf 80' lang='lat' dir='ltr'><strong>atque</strong></span> <span class='ocrx_word' id='word_1_186' title='bbox 1062 1373 1254 1413; x_wconf 86' lang='lat' dir='ltr'><strong>omnium</strong></span> <span class='ocrx_word' id='word_1_187' title='bbox 1287 1371 1436 1427; x_wconf 85' lang='lat' dir='ltr'><strong>regina</strong></span> <span class='ocrx_word' id='word_1_188' title='bbox 1465 1385 1530 1412; x_wconf 88' lang='lat' dir='ltr'><strong>re-</strong></span> 
     </span>
     <span class='ocr_line' id='line_1_23' title="bbox 89 1429 1530 1486; baseline -0.003 -12"><span class='ocrx_word' id='word_1_189' title='bbox 89 1447 198 1483; x_wconf 89' lang='lat' dir='ltr'><strong>rum,</strong></span> <span class='ocrx_word' id='word_1_190' title='bbox 221 1433 373 1485; x_wconf 88' lang='lat' dir='ltr'><strong>oratio,</strong></span> <span class='ocrx_word' id='word_1_191' title='bbox 394 1444 438 1474; x_wconf 89' lang='lat' dir='ltr'><strong>ut</strong></span> <span class='ocrx_word' id='word_1_192' title='bbox 459 1448 546 1473; x_wconf 90' lang='lat' dir='ltr'><strong>non</strong></span> <span class='ocrx_word' id='word_1_193' title='bbox 569 1433 698 1473; x_wconf 89' lang='lat' dir='ltr'><strong>modo</strong></span> <span class='ocrx_word' id='word_1_194' title='bbox 720 1431 1049 1475; x_wconf 82' lang='lat' dir='ltr'><strong>39inclinantem</strong></span> <span class='ocrx_word' id='word_1_195' title='bbox 1067 1429 1300 1486; x_wconf 83' lang='lat' dir='ltr'><strong>impellere,</strong></span> <span class='ocrx_word' id='word_1_196' title='bbox 1319 1438 1392 1469; x_wconf 87' lang='lat' dir='ltr'><strong>aut</strong></span> <span class='ocrx_word' id='word_1_197' title='bbox 1415 1439 1530 1469; x_wconf 82' lang='lat' dir='ltr'><strong>stan-</strong></span> 
     </span>
     <span class='ocr_line' id='line_1_24' title="bbox 90 1490 1531 1544; baseline -0.003 -14"><span class='ocrx_word' id='word_1_198' title='bbox 90 1499 178 1531; x_wconf 87' lang='lat' dir='ltr'><strong>tem</strong></span> <span class='ocrx_word' id='word_1_199' title='bbox 212 1491 430 1542; x_wconf 85' lang='lat' dir='ltr'><strong>inclinare,</strong></span> <span class='ocrx_word' id='word_1_200' title='bbox 462 1491 533 1532; x_wconf 85' lang='lat' dir='ltr'><strong>sed</strong></span> <span class='ocrx_word' id='word_1_201' title='bbox 564 1491 694 1532; x_wconf 84' lang='lat' dir='ltr'><strong>etiam</strong></span> <span class='ocrx_word' id='word_1_202' title='bbox 719 1490 1013 1532; x_wconf 82' lang='lat' dir='ltr'><strong>adversantem</strong></span> <span class='ocrx_word' id='word_1_203' title='bbox 1048 1496 1092 1529; x_wconf 89' lang='lat' dir='ltr'><strong>et</strong></span> <span class='ocrx_word' id='word_1_204' title='bbox 1123 1496 1451 1544; x_wconf 83' lang='lat' dir='ltr'><strong>repugnantem,</strong></span> <span class='ocrx_word' id='word_1_205' title='bbox 1484 1495 1531 1527; x_wconf 90' lang='lat' dir='ltr'><strong>ut</strong></span> 
     </span>
     <span class='ocr_line' id='line_1_25' title="bbox 91 1542 1614 1604; baseline -0.003 -16"><span class='ocrx_word' id='word_1_206' title='bbox 91 1548 324 1604; x_wconf 79' lang='lat' dir='ltr'><strong>imperator</strong></span> <span class='ocrx_word' id='word_1_207' title='bbox 357 1549 493 1590; x_wconf 89' lang='lat' dir='ltr'><strong>bonus</strong></span> <span class='ocrx_word' id='word_1_208' title='bbox 525 1563 574 1589; x_wconf 87' lang='lat' dir='ltr'><strong>ac</strong></span> <span class='ocrx_word' id='word_1_209' title='bbox 608 1547 746 1597; x_wconf 80' lang='lat' dir='ltr'><strong>fortis,</strong></span> <span class='ocrx_word' id='word_1_210' title='bbox 775 1560 926 1602; x_wconf 83' lang='lat' dir='ltr'><strong>capere</strong></span> <span class='ocrx_word' id='word_1_211' title='bbox 961 1545 1111 1602; x_wconf 85' lang='lat' dir='ltr'><strong>possit.</strong></span> <span class='ocrx_word' id='word_1_212' title='bbox 1173 1544 1287 1586; x_wconf 85' lang='lat' dir='ltr'><strong>Haec</strong></span> <span class='ocrx_word' id='word_1_213' title='bbox 1316 1555 1415 1585; x_wconf 88' lang='lat' dir='ltr'><strong>sunt</strong></span> <span class='ocrx_word' id='word_1_214' title='bbox 1445 1544 1528 1595; x_wconf 86' lang='lat' dir='ltr'><strong>illa,</strong></span> <span class='ocrx_word' id='word_1_215' title='bbox 1543 1542 1614 1590; x_wconf 79' lang='grc'><strong>45</strong></span> 
     </span>
     <span class='ocr_line' id='line_1_26' title="bbox 91 1602 1618 1660; baseline -0.003 -15"><span class='ocrx_word' id='word_1_216' title='bbox 91 1620 188 1660; x_wconf 81' lang='lat' dir='ltr'><strong>quae</strong></span> <span class='ocrx_word' id='word_1_217' title='bbox 213 1620 279 1646; x_wconf 80' lang='lat' dir='ltr'><strong>nie</strong></span> <span class='ocrx_word' id='word_1_218' title='bbox 301 1605 448 1646; x_wconf 88' lang='lat' dir='ltr'><strong>ludens</strong></span> <span class='ocrx_word' id='word_1_219' title='bbox 471 1605 648 1646; x_wconf 85' lang='lat' dir='ltr'><strong>Crassus</strong></span> <span class='ocrx_word' id='word_1_220' title='bbox 675 1605 802 1646; x_wconf 85' lang='lat' dir='ltr'><strong>modo</strong></span> <span class='ocrx_word' id='word_1_221' title='bbox 825 1604 1066 1660; x_wconf 79' lang='lat' dir='ltr'><strong>flagitabat,</strong></span> <span class='ocrx_word' id='word_1_222' title='bbox 1087 1606 1234 1643; x_wconf 79' lang='lat' dir='ltr'><strong>4Ocum</strong></span> <span class='ocrx_word' id='word_1_223' title='bbox 1268 1618 1293 1643; x_wconf 85' lang='lat' dir='ltr'><strong>a</strong></span> <span class='ocrx_word' id='word_1_224' title='bbox 1322 1617 1391 1643; x_wconf 89' lang='lat' dir='ltr'><strong>me</strong></span> <span class='ocrx_word' id='word_1_225' title='bbox 1421 1602 1530 1643; x_wconf 82' lang='lat' dir='ltr'><strong>divi-</strong></span> <span class='ocrx_word' id='word_1_226' title='bbox 1546 1614 1618 1648; x_wconf 78' lang='lat'><strong>188</strong></span> 
     </span>
     <span class='ocr_line' id='line_1_27' title="bbox 93 1659 1532 1715; baseline -0.002 -12"><span class='ocrx_word' id='word_1_227' title='bbox 93 1662 207 1703; x_wconf 88' lang='lat' dir='ltr'><strong>nitus</strong></span> <span class='ocrx_word' id='word_1_228' title='bbox 232 1664 402 1704; x_wconf 81' lang='lat' dir='ltr'><strong>tractari</strong></span> <span class='ocrx_word' id='word_1_229' title='bbox 424 1664 556 1704; x_wconf 84' lang='lat' dir='ltr'><strong>solere</strong></span> <span class='ocrx_word' id='word_1_230' title='bbox 587 1664 762 1714; x_wconf 82' lang='lat' dir='ltr'><strong>diceret,</strong></span> <span class='ocrx_word' id='word_1_231' title='bbox 784 1670 828 1703; x_wconf 90' lang='lat' dir='ltr'><strong>et</strong></span> <span class='ocrx_word' id='word_1_232' title='bbox 858 1662 901 1702; x_wconf 92' lang='lat' dir='ltr'><strong>in</strong></span> <span class='ocrx_word' id='word_1_233' title='bbox 923 1675 1052 1702; x_wconf 83' lang='lat' dir='ltr'><strong>causa</strong></span> <span class='ocrx_word' id='word_1_234' title='bbox 1075 1660 1138 1700; x_wconf 82' lang='grc' dir='ltr'><strong>Μ’</strong></span> <span class='ocrx_word' id='word_1_235' title='bbox 1162 1659 1341 1715; x_wconf 80' lang='lat' dir='ltr'><strong>Aquilii,</strong></span> <span class='ocrx_word' id='word_1_236' title='bbox 1366 1660 1417 1701; x_wconf 92' lang='lat' dir='ltr'><strong>C.</strong></span> <span class='ocrx_word' id='word_1_237' title='bbox 1449 1674 1532 1715; x_wconf 87' lang='lat' dir='ltr'><strong>que</strong></span> 
     </span>
     <span class='ocr_line' id='line_1_28' title="bbox 95 1717 1532 1776; baseline -0.001 -15"><span class='ocrx_word' id='word_1_238' title='bbox 95 1720 307 1770; x_wconf 81' lang='lat' dir='ltr'><strong>Norbani,</strong></span> <span class='ocrx_word' id='word_1_239' title='bbox 329 1721 628 1776; x_wconf 87' lang='lat' dir='ltr'><strong>nonnullisque</strong></span> <span class='ocrx_word' id='word_1_240' title='bbox 658 1720 765 1771; x_wconf 85' lang='lat' dir='ltr'><strong>aliis,</strong></span> <span class='ocrx_word' id='word_1_241' title='bbox 787 1719 905 1775; x_wconf 83' lang='lat' dir='ltr'><strong>quasi</strong></span> <span class='ocrx_word' id='word_1_242' title='bbox 940 1717 1142 1774; x_wconf 81' lang='lat' dir='ltr'><strong>praeclare</strong></span> <span class='ocrx_word' id='word_1_243' title='bbox 1174 1727 1284 1766; x_wconf 86' lang='lat' dir='ltr'><strong>acta,</strong></span> <span class='ocrx_word' id='word_1_244' title='bbox 1316 1717 1532 1759; x_wconf 83' lang='lat' dir='ltr'><strong>laudaret:</strong></span> 
     </span>
     <span class='ocr_line' id='line_1_29' title="bbox 93 1775 1534 1835; baseline -0.002 -17"><span class='ocrx_word' id='word_1_245' title='bbox 93 1792 191 1832; x_wconf 83' lang='lat' dir='ltr'><strong>quae</strong></span> <span class='ocrx_word' id='word_1_246' title='bbox 223 1777 463 1820; x_wconf 84' lang='lat' dir='ltr'><strong>mehercule</strong></span> <span class='ocrx_word' id='word_1_247' title='bbox 484 1793 581 1835; x_wconf 86' lang='lat' dir='ltr'><strong>ego,</strong></span> <span class='ocrx_word' id='word_1_248' title='bbox 605 1777 771 1828; x_wconf 85' lang='lat' dir='ltr'><strong>Crasse,</strong></span> <span class='ocrx_word' id='word_1_249' title='bbox 793 1791 889 1818; x_wconf 88' lang='lat' dir='ltr'><strong>cum</strong></span> <span class='ocrx_word' id='word_1_250' title='bbox 923 1792 948 1817; x_wconf 79' lang='lat' dir='ltr'><strong>a</strong></span> <span class='ocrx_word' id='word_1_251' title='bbox 980 1785 1019 1816; x_wconf 91' lang='lat' dir='ltr'><strong>te</strong></span> <span class='ocrx_word' id='word_1_252' title='bbox 1047 1785 1284 1817; x_wconf 83' lang='lat' dir='ltr'><strong>tractantur</strong></span> <span class='ocrx_word' id='word_1_253' title='bbox 1314 1775 1357 1816; x_wconf 89' lang='lat' dir='ltr'><strong>in</strong></span> <span class='ocrx_word' id='word_1_254' title='bbox 1381 1775 1534 1826; x_wconf 77' lang='lat' dir='ltr'><strong>causis,</strong></span> 
     </span>
     <span class='ocr_line' id='line_1_30' title="bbox 96 1833 1535 1889; baseline -0.001 -15"><span class='ocrx_word' id='word_1_255' title='bbox 96 1834 267 1876; x_wconf 84' lang='lat' dir='ltr'><strong>horrere</strong></span> <span class='ocrx_word' id='word_1_256' title='bbox 289 1835 418 1876; x_wconf 88' lang='lat' dir='ltr'><strong>soleo.</strong></span> <span class='ocrx_word' id='word_1_257' title='bbox 443 1846 561 1876; x_wconf 81' lang='lat' dir='ltr'><strong>tanta</strong></span> <span class='ocrx_word' id='word_1_258' title='bbox 584 1836 647 1876; x_wconf 87' lang='lat' dir='ltr'><strong>vis</strong></span> <span class='ocrx_word' id='word_1_259' title='bbox 670 1835 816 1885; x_wconf 78' lang='lat' dir='ltr'><strong>animi,</strong></span> <span class='ocrx_word' id='word_1_260' title='bbox 839 1843 983 1875; x_wconf 85' lang='lat' dir='ltr'><strong>tantus</strong></span> <span class='ocrx_word' id='word_1_261' title='bbox 1008 1834 1208 1889; x_wconf 86' lang='lat' dir='ltr'><strong>impetus,</strong></span> <span class='ocrx_word' id='word_1_262' title='bbox 1231 1841 1376 1873; x_wconf 84' lang='lat' dir='ltr'><strong>tantus</strong></span> <span class='ocrx_word' id='word_1_263' title='bbox 1398 1833 1535 1884; x_wconf 86' lang='lat' dir='ltr'><strong>dolor,</strong></span> 
     </span>
     <span class='ocr_line' id='line_1_31' title="bbox 87 1890 1535 1949; baseline -0.002 -16"><span class='ocrx_word' id='word_1_264' title='bbox 87 1892 245 1943; x_wconf 59' lang='lat' dir='ltr'><strong>Oculis,</strong></span> <span class='ocrx_word' id='word_1_265' title='bbox 270 1891 403 1943; x_wconf 86' lang='lat' dir='ltr'><strong>vultu,</strong></span> <span class='ocrx_word' id='word_1_266' title='bbox 423 1903 561 1949; x_wconf 79' lang='lat' dir='ltr'><strong>gestu,</strong></span> <span class='ocrx_word' id='word_1_267' title='bbox 584 1893 723 1949; x_wconf 83' lang='lat' dir='ltr'><strong>digito</strong></span> <span class='ocrx_word' id='word_1_268' title='bbox 745 1893 929 1947; x_wconf 88' lang='lat' dir='ltr'><strong>denique</strong></span> <span class='ocrx_word' id='word_1_269' title='bbox 952 1892 1034 1931; x_wconf 90' lang='lat' dir='ltr'><strong>isto</strong></span> <span class='ocrx_word' id='word_1_270' title='bbox 1057 1900 1131 1931; x_wconf 90' lang='lat' dir='ltr'><strong>tuo</strong></span> <span class='ocrx_word' id='word_1_271' title='bbox 1155 1890 1388 1946; x_wconf 86' lang='lat' dir='ltr'><strong>significari</strong></span> <span class='ocrx_word' id='word_1_272' title='bbox 1414 1890 1535 1931; x_wconf 88' lang='lat' dir='ltr'><strong>solet.</strong></span> 
     </span>
     <span class='ocr_line' id='line_1_32' title="bbox 97 1949 1537 2006; baseline -0.001 -17"><span class='ocrx_word' id='word_1_273' title='bbox 97 1958 262 1990; x_wconf 84' lang='lat' dir='ltr'><strong>tantum</strong></span> <span class='ocrx_word' id='word_1_274' title='bbox 302 1960 367 1991; x_wconf 89' lang='lat' dir='ltr'><strong>est</strong></span> <span class='ocrx_word' id='word_1_275' title='bbox 402 1951 560 1991; x_wconf 87' lang='lat' dir='ltr'><strong>flumen</strong></span> <span class='ocrx_word' id='word_1_276' title='bbox 601 1950 966 2006; x_wconf 81' lang='lat' dir='ltr'><strong>gravissimorum,</strong></span> <span class='ocrx_word' id='word_1_277' title='bbox 1002 1949 1351 2004; x_wconf 88' lang='lat' dir='ltr'><strong>optimorumque</strong></span> <span class='ocrx_word' id='word_1_278' title='bbox 1385 1949 1537 1988; x_wconf 85' lang='lat' dir='ltr'><strong>verbo-</strong></span> 
     </span>
     <span class='ocr_line' id='line_1_33' title="bbox 96 2007 1537 2065; baseline -0.002 -17"><span class='ocrx_word' id='word_1_279' title='bbox 96 2021 205 2058; x_wconf 88' lang='lat' dir='ltr'><strong>rum,</strong></span> <span class='ocrx_word' id='word_1_280' title='bbox 239 2017 327 2048; x_wconf 83' lang='lat' dir='ltr'><strong>tam</strong></span> <span class='ocrx_word' id='word_1_281' title='bbox 361 2008 540 2065; x_wconf 83' lang='lat' dir='ltr'><strong>integrae</strong></span> <span class='ocrx_word' id='word_1_282' title='bbox 575 2007 814 2058; x_wconf 80' lang='lat' dir='ltr'><strong>sententiae,</strong></span> <span class='ocrx_word' id='word_1_283' title='bbox 853 2018 941 2047; x_wconf 86' lang='lat' dir='ltr'><strong>tam</strong></span> <span class='ocrx_word' id='word_1_284' title='bbox 978 2021 1104 2057; x_wconf 83' lang='lat' dir='ltr'><strong>verae,</strong></span> <span class='ocrx_word' id='word_1_285' title='bbox 1143 2014 1231 2046; x_wconf 83' lang='lat' dir='ltr'><strong>tam</strong></span> <span class='ocrx_word' id='word_1_286' title='bbox 1264 2020 1409 2056; x_wconf 81' lang='lat' dir='ltr'><strong>novae,</strong></span> <span class='ocrx_word' id='word_1_287' title='bbox 1448 2014 1537 2046; x_wconf 80' lang='lat' dir='ltr'><strong>tam</strong></span> 
     </span>
    </p>
   </div>
   <div class='ocr_carea' id='block_1_3' title="bbox 96 2146 1540 2401">
    <p class='ocr_par' dir='ltr' id='par_1_4' title="bbox 96 2146 1540 2401">
     <span class='ocr_line' id='line_1_34' title="bbox 138 2146 1539 2189; baseline -0.001 -10"><span class='ocrx_word' id='word_1_288' title='bbox 138 2149 178 2179; x_wconf 87' lang='lat'><strong>36</strong></span> <span class='ocrx_word' id='word_1_289' title='bbox 210 2149 433 2189; x_wconf 75' lang='lat' dir='ltr'><strong>adducantur]</strong></span> <span class='ocrx_word' id='word_1_290' title='bbox 473 2149 524 2179; x_wconf 88' lang='lat' dir='ltr'><strong>Sic</strong></span> <span class='ocrx_word' id='word_1_291' title='bbox 552 2149 700 2188; x_wconf 81' lang='lat' dir='ltr'><strong>rescripsi</strong></span> <span class='ocrx_word' id='word_1_292' title='bbox 737 2158 795 2188; x_wconf 88' lang='lat' dir='ltr'><strong>pro</strong></span> <span class='ocrx_word' id='word_1_293' title='bbox 880 2149 920 2178; x_wconf 74' lang='lat'><strong>38</strong></span> <span class='ocrx_word' id='word_1_294' title='bbox 943 2148 989 2177; x_wconf 82' lang='lat' dir='ltr'><strong>ad</strong></span> <span class='ocrx_word' id='word_1_295' title='bbox 1001 2147 1045 2183; x_wconf 73' lang='lat' dir='ltr'><strong>id,</strong></span> <span class='ocrx_word' id='word_1_296' title='bbox 1063 2147 1260 2177; x_wconf 78' lang='lat' dir='ltr'><strong>unde—vela</strong></span> <span class='ocrx_word' id='word_1_297' title='bbox 1274 2147 1325 2187; x_wconf 78' lang='lat' dir='ltr'><strong>clo]</strong></span> <span class='ocrx_word' id='word_1_298' title='bbox 1343 2146 1452 2186; x_wconf 87' lang='lat' dir='ltr'><strong>Vulgo</strong></span> <span class='ocrx_word' id='word_1_299' title='bbox 1467 2146 1539 2177; x_wconf 80' lang='lat' dir='ltr'><strong>vela</strong></span> 
     </span>
     <span class='ocr_line' id='line_1_35' title="bbox 96 2189 1539 2230; baseline -0.001 -10"><span class='ocrx_word' id='word_1_300' title='bbox 96 2191 185 2230; x_wconf 74' lang='lat' dir='ltr'><strong>vulg.</strong></span> <span class='ocrx_word' id='word_1_301' title='bbox 200 2192 409 2222; x_wconf 68' lang='lat' dir='ltr'><strong>abducuntur</strong></span> <span class='ocrx_word' id='word_1_302' title='bbox 422 2202 460 2222; x_wconf 75' lang='lat' dir='ltr'><strong>ex</strong></span> <span class='ocrx_word' id='word_1_303' title='bbox 481 2192 560 2222; x_wconf 85' lang='lat' dir='ltr'><strong>Mss.</strong></span> <span class='ocrx_word' id='word_1_304' title='bbox 577 2196 611 2221; x_wconf 90' lang='lat' dir='ltr'><strong>et</strong></span> <span class='ocrx_word' id='word_1_305' title='bbox 626 2191 696 2221; x_wconf 85' lang='lat' dir='ltr'><strong>edd.</strong></span> <span class='ocrx_word' id='word_1_306' title='bbox 714 2196 795 2221; x_wconf 65' lang='lat' dir='ltr'><strong>vett·</strong></span> <span class='ocrx_word' id='word_1_307' title='bbox 838 2189 960 2220; x_wconf 80' lang='lat' dir='ltr'><strong>dantur</strong></span> <span class='ocrx_word' id='word_1_308' title='bbox 974 2200 1011 2220; x_wconf 82' lang='lat' dir='ltr'><strong>ex</strong></span> <span class='ocrx_word' id='word_1_309' title='bbox 1028 2189 1099 2219; x_wconf 86' lang='lat' dir='ltr'><strong>loco</strong></span> <span class='ocrx_word' id='word_1_310' title='bbox 1116 2190 1157 2220; x_wconf 87' lang='lat' dir='ltr'><strong>ad</strong></span> <span class='ocrx_word' id='word_1_311' title='bbox 1178 2189 1298 2219; x_wconf 87' lang='lat' dir='ltr'><strong>locum.</strong></span> <span class='ocrx_word' id='word_1_312' title='bbox 1346 2190 1383 2219; x_wconf 92' lang='lat' dir='ltr'><strong>In</strong></span> <span class='ocrx_word' id='word_1_313' title='bbox 1406 2194 1539 2219; x_wconf 80' lang='lat' dir='ltr'><strong>senten-</strong></span> 
     </span>
     <span class='ocr_line' id='line_1_36' title="bbox 98 2232 1538 2274; baseline -0.001 -11"><span class='ocrx_word' id='word_1_314' title='bbox 98 2233 247 2264; x_wconf 83' lang='lat' dir='ltr'><strong>Pearcius</strong></span> <span class='ocrx_word' id='word_1_315' title='bbox 262 2244 301 2265; x_wconf 80' lang='lat' dir='ltr'><strong>ex</strong></span> <span class='ocrx_word' id='word_1_316' title='bbox 314 2234 386 2264; x_wconf 88' lang='lat' dir='ltr'><strong>aliis</strong></span> <span class='ocrx_word' id='word_1_317' title='bbox 402 2234 481 2264; x_wconf 69' lang='lat' dir='ltr'><strong>Mss.</strong></span> <span class='ocrx_word' id='word_1_318' title='bbox 498 2234 620 2274; x_wconf 87' lang='lat' dir='ltr'><strong>recepit</strong></span> <span class='ocrx_word' id='word_1_319' title='bbox 634 2235 795 2264; x_wconf 75' lang='lat' dir='ltr'><strong>deducan-</strong></span> <span class='ocrx_word' id='word_1_320' title='bbox 837 2233 899 2269; x_wconf 77' lang='lat' dir='ltr'><strong>tia,</strong></span> <span class='ocrx_word' id='word_1_321' title='bbox 915 2242 986 2271; x_wconf 78' lang='lat' dir='ltr'><strong>quae</strong></span> <span class='ocrx_word' id='word_1_322' title='bbox 1004 2232 1057 2262; x_wconf 91' lang='lat' dir='ltr'><strong>hic</strong></span> <span class='ocrx_word' id='word_1_323' title='bbox 1072 2238 1135 2267; x_wconf 82' lang='lat' dir='ltr'><strong>cst,</strong></span> <span class='ocrx_word' id='word_1_324' title='bbox 1151 2233 1281 2272; x_wconf 83' lang='lat' dir='ltr'><strong>proprie</strong></span> <span class='ocrx_word' id='word_1_325' title='bbox 1297 2232 1453 2262; x_wconf 88' lang='lat' dir='ltr'><strong>dicuntur</strong></span> <span class='ocrx_word' id='word_1_326' title='bbox 1466 2232 1538 2261; x_wconf 79' lang='lat' dir='ltr'><strong>vela</strong></span> 
     </span>
     <span class='ocr_line' id='line_1_37' title="bbox 97 2274 1540 2316; baseline -0.002 -10"><span class='ocrx_word' id='word_1_327' title='bbox 97 2281 154 2306; x_wconf 79' lang='lat' dir='ltr'><strong>tur</strong></span> <span class='ocrx_word' id='word_1_328' title='bbox 168 2275 246 2314; x_wconf 73' lang='lat' dir='ltr'><strong>(Ms.</strong></span> <span class='ocrx_word' id='word_1_329' title='bbox 261 2277 300 2306; x_wconf 87' lang='lat' dir='ltr'><strong>E.</strong></span> <span class='ocrx_word' id='word_1_330' title='bbox 314 2277 526 2313; x_wconf 78' lang='lat' dir='ltr'><strong>diducancur,</strong></span> <span class='ocrx_word' id='word_1_331' title='bbox 542 2277 597 2307; x_wconf 83' lang='lat' dir='ltr'><strong>sed</strong></span> <span class='ocrx_word' id='word_1_332' title='bbox 611 2287 691 2306; x_wconf 85' lang='lat' dir='ltr'><strong>corr.</strong></span> <span class='ocrx_word' id='word_1_333' title='bbox 707 2276 791 2315; x_wconf 81' lang='lat' dir='ltr'><strong>cled.)</strong></span> <span class='ocrx_word' id='word_1_334' title='bbox 828 2275 924 2316; x_wconf 74' lang='lat' dir='ltr'><strong>fieri,</strong></span> <span class='ocrx_word' id='word_1_335' title='bbox 950 2285 995 2306; x_wconf 75' lang='lat' dir='ltr'><strong>se.</strong></span> <span class='ocrx_word' id='word_1_336' title='bbox 1024 2274 1065 2305; x_wconf 81' lang='lat' dir='ltr'><strong>ad</strong></span> <span class='ocrx_word' id='word_1_337' title='bbox 1091 2275 1288 2315; x_wconf 74' lang='lat' dir='ltr'><strong>captandam</strong></span> <span class='ocrx_word' id='word_1_338' title='bbox 1316 2285 1443 2310; x_wconf 80' lang='lat' dir='ltr'><strong>auram,</strong></span> <span class='ocrx_word' id='word_1_339' title='bbox 1467 2283 1540 2312; x_wconf 76' lang='lat' dir='ltr'><strong>quae.</strong></span> 
     </span>
     <span class='ocr_line' id='line_1_38' title="bbox 98 2316 1540 2358; baseline -0.002 -10"><span class='ocrx_word' id='word_1_340' title='bbox 98 2318 186 2358; x_wconf 84' lang='lat' dir='ltr'><strong>quod</strong></span> <span class='ocrx_word' id='word_1_341' title='bbox 201 2328 277 2349; x_wconf 85' lang='lat' dir='ltr'><strong>sane</strong></span> <span class='ocrx_word' id='word_1_342' title='bbox 292 2319 449 2349; x_wconf 79' lang='lat' dir='ltr'><strong>usitatum</strong></span> <span class='ocrx_word' id='word_1_343' title='bbox 462 2319 610 2349; x_wconf 81' lang='lat' dir='ltr'><strong>Ciceroni</strong></span> <span class='ocrx_word' id='word_1_344' title='bbox 628 2319 659 2348; x_wconf 91' lang='lat' dir='ltr'><strong>in</strong></span> <span class='ocrx_word' id='word_1_345' title='bbox 673 2319 734 2349; x_wconf 82' lang='lat' dir='ltr'><strong>hac</strong></span> <span class='ocrx_word' id='word_1_346' title='bbox 750 2329 795 2355; x_wconf 89' lang='lat' dir='ltr'><strong>re,</strong></span> <span class='ocrx_word' id='word_1_347' title='bbox 839 2318 987 2347; x_wconf 82' lang='lat' dir='ltr'><strong>exoritur</strong></span> <span class='ocrx_word' id='word_1_348' title='bbox 1008 2320 1066 2347; x_wconf 84' lang='lat' dir='ltr'><strong>aut</strong></span> <span class='ocrx_word' id='word_1_349' title='bbox 1090 2316 1286 2347; x_wconf 84' lang='lat' dir='ltr'><strong>ostenditur.</strong></span> <span class='ocrx_word' id='word_1_350' title='bbox 1330 2317 1445 2356; x_wconf 78' lang='lat' dir='ltr'><strong>Itaque</strong></span> <span class='ocrx_word' id='word_1_351' title='bbox 1468 2318 1540 2346; x_wconf 69' lang='lat' dir='ltr'><strong>vela</strong></span> 
     </span>
     <span class='ocr_line' id='line_1_39' title="bbox 99 2357 1538 2401; baseline -0.002 -10"><span class='ocrx_word' id='word_1_352' title='bbox 99 2360 155 2391; x_wconf 76' lang='lat' dir='ltr'><strong>sed</strong></span> <span class='ocrx_word' id='word_1_353' title='bbox 167 2368 201 2391; x_wconf 82' lang='lat' dir='ltr'><strong>et</strong></span> <span class='ocrx_word' id='word_1_354' title='bbox 216 2361 291 2391; x_wconf 79' lang='lat' dir='ltr'><strong>add.</strong></span> <span class='ocrx_word' id='word_1_355' title='bbox 309 2361 396 2401; x_wconf 85' lang='lat' dir='ltr'><strong>quod</strong></span> <span class='ocrx_word' id='word_1_356' title='bbox 410 2361 544 2401; x_wconf 67' lang='lat' dir='ltr'><strong>vulgato</strong></span> <span class='ocrx_word' id='word_1_357' title='bbox 558 2362 708 2393; x_wconf 84' lang='lat' dir='ltr'><strong>similius.</strong></span> <span class='ocrx_word' id='word_1_358' title='bbox 745 2361 797 2391; x_wconf 86' lang='lat' dir='ltr'><strong>Sic</strong></span> <span class='ocrx_word' id='word_1_359' title='bbox 841 2360 880 2389; x_wconf 82' lang='lat' dir='ltr'><strong>do</strong></span> <span class='ocrx_word' id='word_1_360' title='bbox 907 2364 958 2389; x_wconf 82' lang='lat' dir='ltr'><strong>est</strong></span> <span class='ocrx_word' id='word_1_361' title='bbox 993 2360 1219 2399; x_wconf 87' lang='lat' dir='ltr'><strong>accipiendum</strong></span> <span class='ocrx_word' id='word_1_362' title='bbox 1256 2363 1295 2389; x_wconf 88' lang='lat' dir='ltr'><strong>ut</strong></span> <span class='ocrx_word' id='word_1_363' title='bbox 1330 2361 1403 2389; x_wconf 73' lang='lat' dir='ltr'><strong>vela</strong></span> <span class='ocrx_word' id='word_1_364' title='bbox 1431 2357 1538 2398; x_wconf 76' lang='lat' dir='ltr'><strong>facio.</strong></span> 
     </span>
    </p>
   </div>
   <div class='ocr_carea' id='block_1_4' title="bbox 101 2405 801 2783">
    <p class='ocr_par' dir='ltr' id='par_1_5' title="bbox 101 2405 445 2434">
     <span class='ocr_line' id='line_1_40' title="bbox 101 2405 445 2434; baseline 0.003 -1"><span class='ocrx_word' id='word_1_365' title='bbox 101 2413 175 2433; x_wconf 83' lang='lat' dir='ltr'><strong>mox</strong></span> <span class='ocrx_word' id='word_1_366' title='bbox 189 2405 333 2434; x_wconf 79' lang='lat' dir='ltr'><strong>occurrit</strong></span> <span class='ocrx_word' id='word_1_367' title='bbox 347 2415 376 2434; x_wconf 78' lang='lat'><strong>(¹.</strong></span> <span class='ocrx_word' id='word_1_368' title='bbox 392 2407 445 2434; x_wconf 81' lang='lat'><strong>45.</strong></span> 
     </span>
    </p>

    <p class='ocr_par' dir='ltr' id='par_1_6' title="bbox 101 2445 801 2783">
     <span class='ocr_line' id='line_1_41' title="bbox 143 2445 798 2486; baseline 0 -11"><span class='ocrx_word' id='word_1_369' title='bbox 143 2448 182 2479; x_wconf 76' lang='lat'><strong>37</strong></span> <span class='ocrx_word' id='word_1_370' title='bbox 205 2456 280 2477; x_wconf 81' lang='lat' dir='ltr'><strong>cum</strong></span> <span class='ocrx_word' id='word_1_371' title='bbox 301 2447 481 2485; x_wconf 61' lang='lat' dir='ltr'><strong>aggredior</strong></span> <span class='ocrx_word' id='word_1_372' title='bbox 505 2445 594 2485; x_wconf 66' lang='lat' dir='ltr'><strong>ana]</strong></span> <span class='ocrx_word' id='word_1_373' title='bbox 624 2446 704 2476; x_wconf 87' lang='lat' dir='ltr'><strong>Mss.</strong></span> <span class='ocrx_word' id='word_1_374' title='bbox 728 2446 798 2486; x_wconf 85' lang='lat' dir='ltr'><strong>qui-</strong></span> 
     </span>
     <span class='ocr_line' id='line_1_42' title="bbox 102 2486 800 2529; baseline 0 -12"><span class='ocrx_word' id='word_1_375' title='bbox 102 2486 175 2517; x_wconf 83' lang='lat' dir='ltr'><strong>dam</strong></span> <span class='ocrx_word' id='word_1_376' title='bbox 200 2493 233 2518; x_wconf 78' lang='lat' dir='ltr'><strong>ut</strong></span> <span class='ocrx_word' id='word_1_377' title='bbox 259 2494 293 2519; x_wconf 83' lang='lat' dir='ltr'><strong>et</strong></span> <span class='ocrx_word' id='word_1_378' title='bbox 322 2489 391 2519; x_wconf 77' lang='lat' dir='ltr'><strong>Eri.</strong></span> <span class='ocrx_word' id='word_1_379' title='bbox 419 2491 454 2518; x_wconf 79' lang='lat' dir='ltr'><strong>in</strong></span> <span class='ocrx_word' id='word_1_380' title='bbox 478 2489 615 2529; x_wconf 71' lang='lat' dir='ltr'><strong>ancipiti</strong></span> <span class='ocrx_word' id='word_1_381' title='bbox 641 2498 742 2518; x_wconf 77' lang='lat' dir='ltr'><strong>causa</strong></span> <span class='ocrx_word' id='word_1_382' title='bbox 769 2493 800 2517; x_wconf 78' lang='lat' dir='ltr'><strong>et</strong></span> 
     </span>
     <span class='ocr_line' id='line_1_43' title="bbox 101 2530 796 2571; baseline 0.001 -12"><span class='ocrx_word' id='word_1_383' title='bbox 101 2531 220 2567; x_wconf 72' lang='lat' dir='ltr'><strong>gravi.-</strong></span> <span class='ocrx_word' id='word_1_384' title='bbox 241 2531 337 2570; x_wconf 78' lang='lat' dir='ltr'><strong>idque</strong></span> <span class='ocrx_word' id='word_1_385' title='bbox 353 2531 460 2571; x_wconf 75' lang='lat' dir='ltr'><strong>placet</strong></span> <span class='ocrx_word' id='word_1_386' title='bbox 475 2532 550 2561; x_wconf 81' lang='lat' dir='ltr'><strong>viris</strong></span> <span class='ocrx_word' id='word_1_387' title='bbox 566 2531 688 2561; x_wconf 84' lang='lat' dir='ltr'><strong>doctis:</strong></span> <span class='ocrx_word' id='word_1_388' title='bbox 717 2530 796 2561; x_wconf 89' lang='lat' dir='ltr'><strong>mihi</strong></span> 
     </span>
     <span class='ocr_line' id='line_1_44' title="bbox 103 2573 798 2610; baseline 0.003 -10"><span class='ocrx_word' id='word_1_389' title='bbox 103 2582 120 2600; x_wconf 66' lang='lat' dir='ltr'><strong>c:</strong></span> <span class='ocrx_word' id='word_1_390' title='bbox 135 2574 335 2603; x_wconf 82' lang='lat' dir='ltr'><strong>correctione</strong></span> <span class='ocrx_word' id='word_1_391' title='bbox 357 2583 424 2604; x_wconf 81' lang='lat' dir='ltr'><strong>esse</strong></span> <span class='ocrx_word' id='word_1_392' title='bbox 448 2573 588 2610; x_wconf 79' lang='lat' dir='ltr'><strong>videtur,</strong></span> <span class='ocrx_word' id='word_1_393' title='bbox 605 2583 672 2604; x_wconf 90' lang='lat' dir='ltr'><strong>non</strong></span> <span class='ocrx_word' id='word_1_394' title='bbox 688 2573 798 2603; x_wconf 81' lang='lat' dir='ltr'><strong>viden-</strong></span> 
     </span>
     <span class='ocr_line' id='line_1_45' title="bbox 104 2614 800 2656; baseline 0.003 -13"><span class='ocrx_word' id='word_1_395' title='bbox 104 2614 160 2650; x_wconf 81' lang='lat' dir='ltr'><strong>tiS,</strong></span> <span class='ocrx_word' id='word_1_396' title='bbox 193 2615 278 2645; x_wconf 90' lang='lat' dir='ltr'><strong>unde</strong></span> <span class='ocrx_word' id='word_1_397' title='bbox 315 2616 360 2645; x_wconf 83' lang='lat' dir='ltr'><strong>ad</strong></span> <span class='ocrx_word' id='word_1_398' title='bbox 389 2617 640 2656; x_wconf 77' lang='lat' dir='ltr'><strong>pertruclandns</strong></span> <span class='ocrx_word' id='word_1_399' title='bbox 675 2617 800 2646; x_wconf 78' lang='lat' dir='ltr'><strong>animos</strong></span> 
     </span>
     <span class='ocr_line' id='line_1_46' title="bbox 105 2655 798 2698; baseline 0.003 -12"><span class='ocrx_word' id='word_1_400' title='bbox 105 2655 257 2696; x_wconf 82' lang='lat' dir='ltr'><strong>pendeat,</strong></span> <span class='ocrx_word' id='word_1_401' title='bbox 283 2661 317 2687; x_wconf 85' lang='lat' dir='ltr'><strong>et</strong></span> <span class='ocrx_word' id='word_1_402' title='bbox 343 2658 384 2688; x_wconf 83' lang='lat' dir='ltr'><strong>ad</strong></span> <span class='ocrx_word' id='word_1_403' title='bbox 411 2659 590 2698; x_wconf 76' lang='lat' dir='ltr'><strong>aggredior</strong></span> <span class='ocrx_word' id='word_1_404' title='bbox 617 2659 798 2689; x_wconf 79' lang='lat' dir='ltr'><strong>referentis,</strong></span> 
     </span>
     <span class='ocr_line' id='line_1_47' title="bbox 106 2697 799 2742; baseline 0.003 -14"><span class='ocrx_word' id='word_1_405' title='bbox 106 2697 167 2728; x_wconf 84' lang='lat' dir='ltr'><strong>Sed</strong></span> <span class='ocrx_word' id='word_1_406' title='bbox 182 2698 314 2738; x_wconf 81' lang='lat' dir='ltr'><strong>vulgata</strong></span> <span class='ocrx_word' id='word_1_407' title='bbox 328 2700 408 2731; x_wconf 87' lang='lat' dir='ltr'><strong>bene</strong></span> <span class='ocrx_word' id='word_1_408' title='bbox 422 2701 575 2742; x_wconf 86' lang='lat' dir='ltr'><strong>explicari</strong></span> <span class='ocrx_word' id='word_1_409' title='bbox 591 2706 711 2742; x_wconf 80' lang='lat' dir='ltr'><strong>potest.</strong></span> <span class='ocrx_word' id='word_1_410' title='bbox 727 2703 799 2730; x_wconf 69' lang='lat' dir='ltr'><strong>Sen-</strong></span> 
     </span>
     <span class='ocr_line' id='line_1_48' title="bbox 105 2741 801 2783; baseline 0.004 -13"><span class='ocrx_word' id='word_1_411' title='bbox 105 2749 158 2770; x_wconf 77' lang='lat' dir='ltr'><strong>sus</strong></span> <span class='ocrx_word' id='word_1_412' title='bbox 171 2745 232 2778; x_wconf 80' lang='lat' dir='ltr'><strong>est,</strong></span> <span class='ocrx_word' id='word_1_413' title='bbox 245 2741 278 2771; x_wconf 92' lang='lat' dir='ltr'><strong>in</strong></span> <span class='ocrx_word' id='word_1_414' title='bbox 293 2741 352 2772; x_wconf 83' lang='lat' dir='ltr'><strong>tali</strong></span> <span class='ocrx_word' id='word_1_415' title='bbox 365 2753 473 2780; x_wconf 82' lang='lat' dir='ltr'><strong>causa,</strong></span> <span class='ocrx_word' id='word_1_416' title='bbox 486 2749 525 2774; x_wconf 86' lang='lat' dir='ltr'><strong>ut</strong></span> <span class='ocrx_word' id='word_1_417' title='bbox 541 2745 702 2783; x_wconf 86' lang='lat' dir='ltr'><strong>animosj.</strong></span> <span class='ocrx_word' id='word_1_418' title='bbox 718 2743 801 2773; x_wconf 85' lang='lat' dir='ltr'><strong>bene</strong></span> 
     </span>
    </p>
   </div>
   <div class='ocr_carea' id='block_1_5' title="bbox 103 2785 801 2867">
    <p class='ocr_par' dir='ltr' id='par_1_7' title="bbox 103 2785 801 2867">
     <span class='ocr_line' id='line_1_49' title="bbox 103 2785 801 2823; baseline 0.007 -12"><span class='ocrx_word' id='word_1_419' title='bbox 103 2786 257 2819; x_wconf 77' lang='lat' dir='ltr'><strong>tractem,</strong></span> <span class='ocrx_word' id='word_1_420' title='bbox 270 2794 333 2823; x_wconf 83' lang='lat' dir='ltr'><strong>quo</strong></span> <span class='ocrx_word' id='word_1_421' title='bbox 347 2792 541 2817; x_wconf 83' lang='lat' dir='ltr'><strong>moveantur</strong></span> <span class='ocrx_word' id='word_1_422' title='bbox 554 2792 593 2817; x_wconf 83' lang='lat' dir='ltr'><strong>ut</strong></span> <span class='ocrx_word' id='word_1_423' title='bbox 607 2785 718 2823; x_wconf 80' lang='lat' dir='ltr'><strong>veliin,</strong></span> <span class='ocrx_word' id='word_1_424' title='bbox 732 2796 801 2816; x_wconf 76' lang='lat' dir='ltr'><strong>onl-</strong></span> 
     </span>
     <span class='ocr_line' id='line_1_50' title="bbox 106 2825 454 2867; baseline 0.009 -12"><span class='ocrx_word' id='word_1_425' title='bbox 106 2826 140 2856; x_wconf 81' lang='lat' dir='ltr'><strong>ni</strong></span> <span class='ocrx_word' id='word_1_426' title='bbox 155 2835 233 2856; x_wconf 85' lang='lat' dir='ltr'><strong>cura</strong></span> <span class='ocrx_word' id='word_1_427' title='bbox 245 2825 307 2857; x_wconf 87' lang='lat' dir='ltr'><strong>hoe</strong></span> <span class='ocrx_word' id='word_1_428' title='bbox 321 2837 381 2867; x_wconf 80' lang='lat' dir='ltr'><strong>ago</strong></span> <span class='ocrx_word' id='word_1_429' title='bbox 398 2828 454 2858; x_wconf 85' lang='lat' dir='ltr'><strong>&amp;c.</strong></span> 
     </span>
    </p>
   </div>
   <div class='ocr_carea' id='block_1_6' title="bbox 840 2401 1546 2695">
    <p class='ocr_par' dir='ltr' id='par_1_8' title="bbox 840 2401 1541 2527">
     <span class='ocr_line' id='line_1_51' title="bbox 841 2401 1541 2437; baseline -0.003 -5"><span class='ocrx_word' id='word_1_430' title='bbox 841 2402 928 2432; x_wconf 83' lang='lat' dir='ltr'><strong>Nam</strong></span> <span class='ocrx_word' id='word_1_431' title='bbox 951 2402 1127 2432; x_wconf 73' lang='lat' dir='ltr'><strong>lectionem</strong></span> <span class='ocrx_word' id='word_1_432' title='bbox 1151 2411 1264 2432; x_wconf 83' lang='lat' dir='ltr'><strong>sanam</strong></span> <span class='ocrx_word' id='word_1_433' title='bbox 1288 2411 1369 2437; x_wconf 82' lang='lat' dir='ltr'><strong>esse,</strong></span> <span class='ocrx_word' id='word_1_434' title='bbox 1392 2401 1541 2432; x_wconf 86' lang='lat' dir='ltr'><strong>indicant</strong></span> 
     </span>
     <span class='ocr_line' id='line_1_52' title="bbox 840 2443 1541 2483; baseline 0.003 -10"><span class='ocrx_word' id='word_1_435' title='bbox 840 2445 938 2475; x_wconf 85' lang='lat' dir='ltr'><strong>verba</strong></span> <span class='ocrx_word' id='word_1_436' title='bbox 960 2444 1007 2474; x_wconf 75' lang='lat' dir='ltr'><strong>ad</strong></span> <span class='ocrx_word' id='word_1_437' title='bbox 1031 2445 1077 2480; x_wconf 80' lang='lat' dir='ltr'><strong>id,</strong></span> <span class='ocrx_word' id='word_1_438' title='bbox 1105 2445 1309 2483; x_wconf 76' lang='lat' dir='ltr'><strong>referturque</strong></span> <span class='ocrx_word' id='word_1_439' title='bbox 1336 2445 1409 2474; x_wconf 81' lang='lat' dir='ltr'><strong>vela</strong></span> <span class='ocrx_word' id='word_1_440' title='bbox 1435 2444 1474 2474; x_wconf 80' lang='lat' dir='ltr'><strong>(Io</strong></span> <span class='ocrx_word' id='word_1_441' title='bbox 1501 2443 1541 2475; x_wconf 87' lang='lat' dir='ltr'><strong>ad</strong></span> 
     </span>
     <span class='ocr_line' id='line_1_53' title="bbox 841 2487 1184 2527; baseline -0.003 -10"><span class='ocrx_word' id='word_1_442' title='bbox 841 2488 962 2526; x_wconf 74' lang='lat' dir='ltr'><strong>accipio</strong></span> <span class='ocrx_word' id='word_1_443' title='bbox 977 2487 1061 2527; x_wconf 70' lang='lat' dir='ltr'><strong>qaod</strong></span> <span class='ocrx_word' id='word_1_444' title='bbox 1073 2487 1184 2517; x_wconf 76' lang='lat' dir='ltr'><strong>datur.</strong></span> 
     </span>
    </p>

    <p class='ocr_par' dir='ltr' id='par_1_9' title="bbox 842 2527 1546 2695">
     <span class='ocr_line' id='line_1_54' title="bbox 883 2527 1543 2567; baseline -0.003 -8"><span class='ocrx_word' id='word_1_445' title='bbox 883 2533 923 2563; x_wconf 82' lang='grc'><strong>39</strong></span> <span class='ocrx_word' id='word_1_446' title='bbox 950 2529 1166 2559; x_wconf 75' lang='lat' dir='ltr'><strong>inclinantem</strong></span> <span class='ocrx_word' id='word_1_447' title='bbox 1187 2527 1326 2567; x_wconf 80' lang='lat' dir='ltr'><strong>erigere]</strong></span> <span class='ocrx_word' id='word_1_448' title='bbox 1360 2528 1543 2558; x_wconf 78' lang='lat' dir='ltr'><strong>Crevierius</strong></span> 
     </span>
     <span class='ocr_line' id='line_1_55' title="bbox 842 2571 1542 2612; baseline -0.003 -10"><span class='ocrx_word' id='word_1_449' title='bbox 842 2571 982 2612; x_wconf 83' lang='lat' dir='ltr'><strong>conjecit</strong></span> <span class='ocrx_word' id='word_1_450' title='bbox 1009 2571 1178 2610; x_wconf 79' lang='lat' dir='ltr'><strong>eleganter</strong></span> <span class='ocrx_word' id='word_1_451' title='bbox 1204 2572 1382 2610; x_wconf 78' lang='lat' dir='ltr'><strong>impellere,</strong></span> <span class='ocrx_word' id='word_1_452' title='bbox 1413 2581 1542 2610; x_wconf 76' lang='lat' dir='ltr'><strong>nempe,</strong></span> 
     </span>
     <span class='ocr_line' id='line_1_56' title="bbox 843 2613 1546 2654; baseline -0.003 -10"><span class='ocrx_word' id='word_1_453' title='bbox 843 2621 880 2644; x_wconf 88' lang='lat' dir='ltr'><strong>ut</strong></span> <span class='ocrx_word' id='word_1_454' title='bbox 904 2614 999 2654; x_wconf 86' lang='lat' dir='ltr'><strong>plane</strong></span> <span class='ocrx_word' id='word_1_455' title='bbox 1024 2618 1099 2643; x_wconf 76' lang='lat' dir='ltr'><strong>ruat</strong></span> <span class='ocrx_word' id='word_1_456' title='bbox 1123 2624 1175 2651; x_wconf 77' lang='lat' dir='ltr'><strong>eo,</strong></span> <span class='ocrx_word' id='word_1_457' title='bbox 1204 2623 1268 2653; x_wconf 85' lang='lat' dir='ltr'><strong>quo</strong></span> <span class='ocrx_word' id='word_1_458' title='bbox 1295 2613 1483 2643; x_wconf 81' lang='lat' dir='ltr'><strong>inclinatur.</strong></span> <span class='ocrx_word' id='word_1_459' title='bbox 1511 2620 1546 2642; x_wconf 90' lang='lat' dir='ltr'><strong>et</strong></span> 
     </span>
     <span class='ocr_line' id='line_1_57' title="bbox 842 2655 1546 2695; baseline -0.003 -9"><span class='ocrx_word' id='word_1_460' title='bbox 842 2657 887 2686; x_wconf 86' lang='lat' dir='ltr'><strong>sic</strong></span> <span class='ocrx_word' id='word_1_461' title='bbox 910 2665 1037 2695; x_wconf 75' lang='lat' dir='ltr'><strong>semper</strong></span> <span class='ocrx_word' id='word_1_462' title='bbox 1052 2656 1166 2687; x_wconf 82' lang='lat' dir='ltr'><strong>Cicero</strong></span> <span class='ocrx_word' id='word_1_463' title='bbox 1183 2657 1216 2686; x_wconf 91' lang='lat' dir='ltr'><strong>in</strong></span> <span class='ocrx_word' id='word_1_464' title='bbox 1239 2655 1299 2686; x_wconf 89' lang='lat' dir='ltr'><strong>hac</strong></span> <span class='ocrx_word' id='word_1_465' title='bbox 1320 2665 1364 2685; x_wconf 90' lang='lat' dir='ltr'><strong>re.</strong></span> <span class='ocrx_word' id='word_1_466' title='bbox 1408 2656 1546 2695; x_wconf 79' lang='lat' dir='ltr'><strong>Recepit</strong></span> 
     </span>
    </p>
   </div>
   <div class='ocr_carea' id='block_1_7' title="bbox 810 2697 1547 2738">
    <p class='ocr_par' dir='ltr' id='par_1_10' title="bbox 810 2697 1547 2738">
     <span class='ocr_line' id='line_1_58' title="bbox 810 2697 1547 2738; baseline -0.003 -9"><span class='ocrx_word' id='word_1_467' title='bbox 810 2732 815 2735; x_wconf 63' lang='grc'>,</span> <span class='ocrx_word' id='word_1_468' title='bbox 842 2697 1074 2735; x_wconf 79' lang='lat' dir='ltr'><strong>Lalemandus,</strong></span> <span class='ocrx_word' id='word_1_469' title='bbox 1090 2709 1186 2738; x_wconf 79' lang='lat' dir='ltr'><strong>quein</strong></span> <span class='ocrx_word' id='word_1_470' title='bbox 1210 2700 1244 2729; x_wconf 89' lang='lat' dir='ltr'><strong>in</strong></span> <span class='ocrx_word' id='word_1_471' title='bbox 1267 2703 1364 2728; x_wconf 80' lang='lat' dir='ltr'><strong>tanta</strong></span> <span class='ocrx_word' id='word_1_472' title='bbox 1383 2698 1547 2729; x_wconf 83' lang='lat' dir='ltr'><strong>evidentia</strong></span> 
     </span>
    </p>
   </div>
   <div class='ocr_carea' id='block_1_8' title="bbox 844 2741 1546 2866">
    <p class='ocr_par' dir='ltr' id='par_1_11' title="bbox 844 2741 1546 2866">
     <span class='ocr_line' id='line_1_59' title="bbox 844 2741 1430 2781; baseline -0.002 -10"><span class='ocrx_word' id='word_1_473' title='bbox 844 2742 994 2772; x_wconf 79' lang='lat' dir='ltr'><strong>imitatus</strong></span> <span class='ocrx_word' id='word_1_474' title='bbox 1009 2749 1092 2771; x_wconf 86' lang='lat' dir='ltr'><strong>sum.</strong></span> <span class='ocrx_word' id='word_1_475' title='bbox 1138 2742 1201 2771; x_wconf 56' lang='grc' dir='ltr'><strong>ΜΞ.</strong></span> <span class='ocrx_word' id='word_1_476' title='bbox 1218 2741 1257 2771; x_wconf 89' lang='grc' dir='ltr'><strong>Ε.</strong></span> <span class='ocrx_word' id='word_1_477' title='bbox 1273 2741 1430 2781; x_wconf 70' lang='lat' dir='ltr'><strong>excipere.</strong></span> 
     </span>
     <span class='ocr_line' id='line_1_60' title="bbox 887 2782 1546 2823; baseline -0.005 -9"><span class='ocrx_word' id='word_1_478' title='bbox 887 2787 928 2814; x_wconf 75' lang='lat'><strong>40</strong></span> <span class='ocrx_word' id='word_1_479' title='bbox 942 2792 1017 2813; x_wconf 80' lang='lat' dir='ltr'><strong>cum</strong></span> <span class='ocrx_word' id='word_1_480' title='bbox 1030 2793 1052 2813; x_wconf 84' lang='grc' dir='ltr'><em>α</em></span> <span class='ocrx_word' id='word_1_481' title='bbox 1067 2783 1132 2823; x_wconf 80' lang='lat' dir='ltr'><strong>me]</strong></span> <span class='ocrx_word' id='word_1_482' title='bbox 1158 2785 1212 2814; x_wconf 87' lang='lat' dir='ltr'><strong>Sic</strong></span> <span class='ocrx_word' id='word_1_483' title='bbox 1227 2782 1298 2813; x_wconf 89' lang='lat' dir='ltr'><strong>edd.</strong></span> <span class='ocrx_word' id='word_1_484' title='bbox 1317 2793 1365 2823; x_wconf 79' lang='lat' dir='ltr'><strong>pr.</strong></span> <span class='ocrx_word' id='word_1_485' title='bbox 1382 2792 1448 2813; x_wconf 89' lang='lat' dir='ltr'><strong>non</strong></span> <span class='ocrx_word' id='word_1_486' title='bbox 1465 2790 1546 2822; x_wconf 69' lang='lat' dir='ltr'><strong>quer,</strong></span> 
     </span>
     <span class='ocr_line' id='line_1_61' title="bbox 845 2825 1358 2866; baseline -0.006 -8"><span class='ocrx_word' id='word_1_487' title='bbox 845 2832 884 2858; x_wconf 85' lang='lat' dir='ltr'><strong>ut</strong></span> <span class='ocrx_word' id='word_1_488' title='bbox 901 2826 1010 2866; x_wconf 76' lang='lat' dir='ltr'><strong>vulgg.</strong></span> <span class='ocrx_word' id='word_1_489' title='bbox 1049 2826 1225 2857; x_wconf 85' lang='lat' dir='ltr'><strong>Consentit</strong></span> <span class='ocrx_word' id='word_1_490' title='bbox 1240 2826 1302 2856; x_wconf 79' lang='lat' dir='ltr'><strong>Ms.</strong></span> <span class='ocrx_word' id='word_1_491' title='bbox 1321 2825 1358 2855; x_wconf 89' lang='lat' dir='ltr'><strong>E.</strong></span> 
     </span>
    </p>
   </div>
  </div>
 </body>
</html>
