1945 3235
647 103 852 142 LIBER
887 103 1148 142 PRIMUS.
1537 103 1613 144 273

179 218 254 252 aut
273 209 346 252 hic
369 210 549 252 disertus
572 217 700 264 atque
721 209 938 264 eloquens,
970 207 1003 248 si
1026 216 1089 247 est
1112 206 1222 246 idem
1248 206 1289 247 in
1313 206 1615 262 procuratione

178 268 368 309 civitatis
389 268 601 324 egregiuS,
625 266 785 307 54illam
808 265 1031 306 scientiam
1049 263 1218 304 dicendi
1239 265 1364 317 copia
1383 275 1445 304 est
1467 278 1617 304 conse—

179 335 319 366 cutus.
342 327 524 366 multum
543 325 653 364 inter
672 338 715 364 se
734 324 894 364 distant
917 323 1009 362 istae
1028 320 1265 370 facultates,
1286 321 1496 375 longeque
1519 330 1618 360 sunt

178 382 374 434 diversae,
405 393 533 437 atque
558 382 779 436 sejunctae,
812 394 948 434 neque
980 379 1127 419 eadem
1161 378 1340 426 ratione,
1372 392 1421 417 ac
1451 378 1518 417 via
1548 377 1616 419 M.

180 438 307 491 Cato,
335 439 382 480 P.
405 438 648 489 Africanus,
673 438 729 484 Q.
755 437 972 486 Metellus,
997 435 1047 476 C.
1070 434 1241 485 Laelius,
1263 434 1336 489 qui
1359 448 1506 474 omnes
1529 434 1615 473 elo-

177 507 357 551 quentes
380 495 565 546 fuerunt,
595 496 833 536 orationem
858 509 992 544 suam,
1023 502 1065 533 et
1088 492 1334 548 reipublicae
1357 491 1614 546 dignitatem
1690 539 1693 540 ⁷

177 555 460 595 exornabant.
521 553 673 607 Neque
694 552 809 593 enim
839 561 903 592 est
933 550 1208 591 interdictum
1231 558 1304 589 aut
1333 563 1359 589 a
1379 562 1517 589 rerum
1543 562 1614 588 na·
1628 539 1698 589 50

179 621 288 660 tura,
319 620 393 650 aut
413 626 439 650 a
459 610 553 665 lege
575 609 717 664 aliqua
739 619 868 665 atque
891 622 1022 658 inore,
1044 615 1118 648 aut
1145 606 1323 662 singulis
1353 605 1615 656 hominibus,

178 683 232 708 ne
254 668 450 723 amplius,
481 681 608 721 quam
635 667 823 722 singulas
852 676 977 716 arteS,
1000 679 1124 705 nosse
1146 664 1286 704 liceat.
1348 663 1493 710 Quare
1516 664 1706 713 n011‚216

177 726 257 766 etsi
280 724 653 779 eloquentissimus
680 724 861 765 Athenis
893 722 1093 773 Pericles,
1126 722 1324 776 idemque
1357 721 1400 761 in
1430 735 1480 761 ea
1512 720 1619 760 civi-

178 792 267 823 tate
299 781 504 837 plurimos
535 796 669 822 annos
705 782 902 837 princeps
935 779 1101 821 consilii
1136 778 1295 834 publici
1328 777 1425 829 fuit,
1458 777 1619 819 idcirco

177 839 370 893 ejusdem
402 838 588 879 hominis
621 848 749 894 atque
778 839 880 879 artis
911 848 1090 892 utraque
1119 836 1298 878 facultas
1331 835 1621 876 existimanda

176 906 266 948 est;
297 910 391 947 nec,
423 896 457 936 si
482 895 532 937 P.
552 895 731 937 Crassus
757 896 869 937 idem
892 895 975 936 fuiti
995 896 1214 950 eloquens,
1244 892 1412 949 etjuris
1442 893 1618 949 peritus,
1631 902 1663 934 b.

178 955 236 995 ob
258 968 351 995 eam
374 968 544 994 causam
568 953 680 994 inest
700 954 741 994 in
762 953 966 994 facultate
987 951 1155 993 dicendi
1174 951 1285 1006 juris
1315 950 1453 992 civilis
1482 950 1618 990 scien-

180 1011 255 1052 tia.
317 1011 431 1052 Nam
454 1012 487 1051 si
510 1011 705 1066 quisque,
727 1013 766 1041 55
779 1020 825 1052 ut
847 1011 887 1051 in
912 1010 1054 1064 aliqua
1075 1020 1165 1050 arte
1186 1018 1229 1049 et
1252 1007 1454 1049 facultate
1476 1007 1707 1051 excel-217

178 1068 284 1120 lens,
315 1069 441 1110 aliam
466 1083 637 1123 quoque
661 1078 796 1108 artem
827 1068 905 1108 sibi
940 1067 1201 1116 assumserit,
1233 1066 1294 1106 ita
1320 1065 1528 1121 perficiet,
1557 1074 1620 1116 ut,

178 1126 293 1181 quod
318 1136 525 1181 praeterea
546 1126 666 1176 sciet,
698 1126 739 1165 id
762 1125 869 1180 ejus,
902 1125 944 1164 in
966 1139 1052 1178 quo
1080 1123 1276 1174 excellet,
1305 1138 1398 1178 pars
1422 1123 1622 1178 quaedam

179 1198 271 1224 esse
293 1184 514 1224 videatur:
547 1182 646 1223 licet
669 1183 750 1222 ista
772 1183 937 1223 ratione
958 1181 1166 1231 dicamus,
1189 1180 1274 1236 pila
1298 1181 1420 1231 bene,
1451 1190 1495 1220 et
1516 1181 1623 1221 duo-

179 1241 320 1282 decim
353 1241 522 1296 scriptis
551 1240 709 1289 ludere,
741 1240 960 1296 proprium
993 1238 1210 1292 essejuris
1233 1237 1387 1288 civilis,
1417 1237 1622 1292 quoniam

180 1308 410 1353 utrumque
432 1311 579 1338 eornm
616 1296 665 1337 Ρ.
690 1296 866 1338 Mucius
897 1296 1062 1351 optime
1092 1296 1264 1346 fecerit3
1296 1295 1530 1350 eademque
1558 1309 1623 1334 ra-

180 1357 298 1397 tione
319 1356 531 1405 dicantur,
553 1365 596 1395 et
617 1369 724 1409 quos
746 1354 888 1398 φυσικὲς
913 1354 1057 1394 Graeci
1091 1354 1329 1404 nominant,
1361 1352 1491 1393 iidem
1519 1353 1624 1408 poe-

179 1422 252 1464 tae,
282 1413 486 1469 quoniam
518 1410 801 1468 Empedocles
834 1411 1039 1467 physicus
1068 1411 1290 1467 egregium
1322 1410 1479 1465 po'eina
1510 1410 1624 1450 fece-

179 1471 248 1512 rit.
309 1469 370 1511 At
400 1470 482 1511 hoc
508 1484 562 1510 ne
597 1469 843 1525 philosophi
877 1469 1048 1523 quidem
1084 1468 1181 1524 ipsi,
1212 1468 1285 1523 qui
1319 1468 1479 1519 omnia,
1513 1467 1626 1508 sicut

178 1529 366 1585 propria,
398 1543 474 1568 sua
503 1542 608 1578 esse,
639 1536 766 1581 atque
802 1542 826 1566 a
859 1541 902 1566 se
938 1525 1143 1581 possideri
1179 1526 1344 1576 volunt,
1377 1525 1518 1566 dicere
1548 1540 1621 1565 au-

178 1586 296 1637 dent,
316 1586 616 1641 geometriam,
647 1595 722 1624 aut
753 1583 975 1634 musicam,
998 1583 1245 1639 philosophi
1267 1596 1372 1633 esse,
1403 1583 1505 1637 quia
1525 1581 1622 1622 Pla-

179 1653 327 1684 tonem
351 1657 498 1683 omnes
522 1643 565 1682 in
588 1641 667 1682 illis
695 1642 858 1682 artibus
879 1641 1281 1696 praestantissimum
1304 1639 1435 1680 fuisse
1457 1639 1621 1680 fatean-

180 1709 264 1741 tur.
325 1699 406 1751 Ac,
428 1700 462 1740 si
478 1700 569 1755 jam
596 1699 736 1755 placet
757 1713 905 1739 omnes
936 1708 1047 1738 artes
1069 1698 1228 1739 oratori
1260 1697 1536 1752 subjungere,
1557 1698 1710 1738 to-a218

180 1757 397 1798 lerabilius
416 1767 494 1808 est,
517 1757 577 1797 sic
602 1756 744 1812 potius
767 1756 922 1806 dicere,
944 1765 1003 1806 ut,
1023 1756 1226 1810 quoniam
1250 1755 1421 1796 dicendi
1441 1754 1622 1796 facultas

178 1829 266 1856 non
300 1815 454 1855 debeat
477 1829 567 1854 esse
595 1814 747 1869 jejuna
772 1823 901 1867 atque
934 1814 1062 1862 nuda,
1089 1813 1161 1853 sed
1195 1827 1365 1868 aspersa
1397 1822 1525 1866 atque
1558 1812 1623 1852 di-

181 1874 339 1914 stincta
362 1871 590 1912 multarum
614 1885 753 1912 rerum
770 1871 966 1925 jucunda
995 1871 1179 1925 quadam
1204 1871 1422 1920 varietate,
1442 1871 1497 1909 sit
1522 1870 1622 1909 boni

181 1931 361 1971 oratoris
392 1929 526 1970 multa
550 1929 723 1969 auribus
753 1929 983 1983 accepisse,
1012 1928 1147 1968 multa
1174 1927 1344 1977 vidisse,
1367 1926 1502 1967 multa
1533 1927 1624 1967 ani-

180 2003 253 2028 mo
275 1997 317 2028 et
339 1987 619 2043 cogitatione,
651 1986 785 2026 inulta
806 1987 935 2025 etiam
968 1985 1148 2041 legendo
1175 1984 1453 2039 percurrisse:
1486 1998 1626 2039 neque

183 2060 247 2095 ea,
272 2053 318 2086 ut
340 2059 429 2094 sua,
453 2044 715 2100 possedisse3
749 2043 836 2092 sed,
857 2051 902 2082 ut
925 2042 1076 2092 aliena,
1100 2042 1268 2082 libasse.
1318 2041 1473 2082 Fateor
1494 2036 1625 2092 enim,

180 2103 381 2144 callidum
412 2102 625 2157 quendam
660 2100 787 2151 hunc,
820 2110 861 2139 et
885 2099 1000 2140 nulla
1023 2101 1064 2140 in
1099 2114 1143 2140 re
1173 2100 1353 2140 tironem
1382 2114 1431 2139 ac
1460 2100 1625 2150 rudem,

178 2175 258 2201 nec
284 2162 551 2215 peregrinum
578 2168 706 2213 atque
730 2158 941 2212 hospitem
965 2157 1008 2197 in
1032 2157 1200 2212 agendo
1223 2172 1313 2197 esse
1334 2158 1503 2197 debere.

240 2218 393 2272 Neque
413 2231 511 2257 vero
531 2217 622 2256 istis
644 2216 870 2271 tragoediis
889 2215 987 2263 tuis,
1007 2215 1163 2269 quibus
1182 2215 1242 2254 uti
1268 2214 1512 2270 philosophi
1537 2227 1624 2253 rna—
1639 2208 1704 2258 51

180 2275 298 2316 xime
312 2275 463 2325 solent,
476 2273 643 2324 Crasse,
659 2272 1021 2330 perturbor‚quod
1034 2272 1115 2313 ista
1125 2272 1513 2323 dixisti‚ne1ninem
1531 2283 1714 2326 pos—219

181 2347 225 2373 se
247 2346 393 2373 eorum
417 2342 596 2381 mentes,
619 2332 692 2386 qui
716 2331 926 2381 audirent,
949 2339 1023 2370 aut
1047 2330 1312 2370 inflammare
1331 2329 1530 2379 dicendo,
1553 2338 1628 2368 aut

184 2390 469 2431 inflammatas
490 2391 769 2444 restinguere,
789 2402 886 2428 cum
904 2402 954 2427 eo
974 2386 1163 2427 maxime
1185 2387 1247 2426 vis
1268 2387 1448 2427 oratoris
1463 2386 1630 2442 magni-

186 2448 375 2504 tudoque
389 2456 602 2499 cernatur,
616 2447 693 2486 nisi
712 2446 785 2502 (μή
807 2457 943 2486 rerum
961 2445 1155 2484 oninium
1173 2453 1385 2495 naturam,
1400 2459 1538 2484 mores
1558 2445 1633 2484 ho-

229 2605 268 2635 54
289 2606 384 2636 illam
410 2606 580 2636 scientiam
607 2605 637 2635 d.
665 2604 708 2645 c.]
748 2605 886 2634 Secutus
931 2603 1072 2643 aequavit
1089 2602 1184 2644 eopia
1198 2601 1336 2634 dicendi.

184 2655 259 2676 uum
273 2647 461 2678 Manutium
476 2654 509 2679 et
521 2649 738 2683 Lambinum,
752 2647 806 2686 qui
819 2647 889 2676 sine
975 2648 1014 2676 55
1030 2651 1067 2676 ut
1082 2647 1116 2676 in
1131 2647 1336 2685 aliqua—ita
1346 2644 1523 2685 pershw'd]
1555 2643 1636 2675 Vul-

184 2688 277 2719 libris
301 2689 346 2719 sic
373 2690 499 2721 edidere
528 2700 585 2731 pro
613 2691 774 2729 aliquam,
805 2688 890 2728 quod
934 2697 988 2726 gc,
1011 2689 1050 2718 ἐς.
1066 2688 1117 2718 ed.
1131 2688 1183 2719 w.
1201 2690 1252 2724 iis,
1271 2695 1449 2727 utrumqne
1465 2688 1637 2717 manifeste

185 2730 283 2771 plane
308 2731 451 2762 alienum
475 2738 523 2763 est
548 2743 586 2763 ac
604 2733 771 2763 vitiosum.
809 2731 891 2762 Edd.
936 2731 1102 2761 vitiosum.
1125 2730 1220 2762 Nihil
1234 2731 1354 2760 certius
1366 2731 1567 2760 correctione
1582 2739 1640 2758 no-

187 2782 235 2813 pr.
261 2773 424 2804 fluctuant
449 2775 536 2805 inter
561 2776 709 2815 aliquam
731 2775 836 2814 copia,
860 2781 895 2803 et
937 2776 1016 2807 stra,
1033 2779 1071 2803 ut
1085 2782 1199 2803 onmes
1214 2774 1359 2803 sentient
1373 2773 1498 2803 statim.
1538 2771 1641 2812 Adju-

185 2816 299 2855 aliqua
322 2816 457 2855 copiam.
503 2818 623 2848 Sensus
646 2822 709 2853 est,
734 2817 760 2847 si
789 2816 895 2853 illam,
939 2820 995 2846 vat
1007 2815 1068 2847 Ed.
1084 2815 1172 2857 Lips.
1188 2825 1261 2855 quae
1276 2815 1375 2846 habet
1389 2815 1432 2845 id.

185 2867 284 2897 quam
316 2857 396 2894 dixi,
432 2860 604 2891 scientiam
633 2860 716 2900 reip.
747 2858 897 2899 regendae

249 2914 359 2942 VOL.
386 2915 418 2943 1.
558 2920 561 2921 ’
925 2913 952 2942 Τ
