1945 3235
585 171 774 210 LIBER
797 170 1071 209 TERTIUS.
1471 172 1548 216 837

109 274 352 331 prudentia,
371 277 443 318 sed
465 275 644 319 consilio
665 276 718 316 ad
743 275 842 316 vitae
862 273 1003 314 studia
1024 273 1198 328 dispari,
1214 274 1402 329 quietem
1420 280 1549 328 atque

111 333 249 374 otium
269 335 418 385 secuti,
437 344 485 375 ut
505 333 790 388 Pythagoras,
809 330 1101 394 DemocritUS,
1122 330 1419 386 Anaxagoras,
1442 346 1466 371 a
1484 345 1549 371 re-

109 390 261 444 gendis
283 392 530 432 civitatibus
550 400 663 431 totos
688 404 731 429 se
751 389 804 430 ad
826 387 1121 443 cognitionem
1151 401 1291 427 rerum
1324 387 1550 428 transtule—

111 456 235 489 lunt:
278 464 374 504 quae
406 449 493 489 vita
527 457 702 503 propter
734 445 1099 501 tranquillitatem,
1131 454 1174 484 et
1208 453 1383 499 propter
1412 444 1544 499 ipsius

110 503 302 547 scientiae
338 505 605 565 suavitatem,
645 519 730 558 qua
769 503 877 543 nihil
913 511 978 543 est
1015 500 1264 542 hominibus
1293 500 1544 555 jucundius,

109 560 265 615 plures,
296 577 423 616 quam
458 561 561 602 utile
583 561 666 600 fuit
692 561 817 601 rebus
847 558 1047 623 publicis,
1073 557 1319 600 delectavit.
1378 556 1607 612 Itaque‚57

110 629 160 658 ut
181 622 218 659 ei
242 619 383 659 studio
402 633 446 659 se
466 617 860 659 excellentissimis
852 631 1035 672 ingenus
1058 615 1255 656 homines
1276 614 1547 666 dediderunt,

110 689 165 715 ex
187 690 237 716 ea
258 690 423 716 summa
440 674 644 716 facultate
665 675 786 716 vacui
811 689 860 715 ac
877 674 1001 716 liberi
1021 673 1244 737 temporis,
1259 671 1394 713 multo
1413 672 1549 736 plura,

110 747 238 786 quam
263 741 354 773 erat
373 747 559 783 necesse,
581 732 821 773 doctissimi
843 731 1053 782 homines,
1084 730 1174 771 otio
1203 730 1339 770 nimio
1361 739 1405 770 et
1427 730 1550 785 inge-

109 789 192 830 niis
223 790 448 830 uberrimis
471 790 709 841 affluentes,
732 789 920 830 curanda
949 788 1029 829 sibi
1056 801 1147 828 esse
1177 802 1227 828 ac
1257 787 1489 842 quaerenda
1506 797 1551 828 et

109 845 409 902 investiganda
440 847 672 888 duxerunt.
732 847 846 888 Nam
883 854 1003 886 vetus
1033 845 1204 900 quidem
1237 844 1309 885 illa
1338 844 1551 895 doctrina,

108 903 256 944 eadem
268 880 458 945 t>videtur
485 914 528 945 et
551 913 664 946 lecte
686 903 886 954 faciendi,
907 915 949 944 et
982 904 1089 944 bene
1118 901 1287 943 dicendi
1319 902 1551 957 magistra3

107 974 248 1015 neque
281 961 486 1016 disjuncti
521 962 734 1012 doctores,
767 962 840 1002 sed
873 936 1004 1002 iidem
1035 969 1157 1001 erant
1188 959 1357 1001 vivendi
1389 973 1552 1024 praece-.-

110 1027 255 1073 ptores
278 1028 406 1074 atque
427 1018 624 1071 dicendi3
656 1030 703 1059 ut
725 1018 793 1059 ille
822 1018 938 1074 apud
969 1017 1211 1059 Homerum
1244 1016 1453 1066 Phoenix,
1476 1017 1551 1071 qui

109 1089 155 1115 se
177 1090 202 1115 a
225 1075 353 1116 Peleo
376 1086 497 1131 patre
518 1075 712 1117 Achilli
693 1075 846 1131 Juveni
868 1076 1073 1117 comitem
1092 1089 1183 1115 esse
1198 1073 1345 1115 datum
1367 1074 1475 1114 dicit
1495 1074 1550 1115 ad

110 1130 286 1183 bellum,
307 1144 356 1174 ut
377 1133 496 1174 illum
518 1134 707 1175 efficeret
735 1140 934 1174 oratorem
955 1132 1182 1183 verborum,
1203 1138 1456 1186 actoremque
1485 1146 1548 1172 re-

109 1204 214 1230 rum.
276 1190 359 1232 Sed
383 1201 430 1231 ut
450 1191 660 1243 homines,
681 1191 826 1231 labore
847 1189 1018 1230 assiduo
1035 1198 1078 1230 et
1099 1189 1352 1244 quotidiano
1375 1189 1547 1239 assueti,
1559 1193 1610 1232 58

110 1261 210 1288 cum
235 1249 501 1304 tempestatis
528 1263 656 1289 causa
676 1262 805 1304 opere
827 1247 1125 1303 prohibentur,
1147 1246 1200 1287 ad
1232 1245 1362 1302 pilam
1395 1260 1452 1297 56,
1475 1256 1550 1287 aut

109 1304 163 1345 ad
185 1304 307 1356 talos,
331 1313 406 1346 aut
437 1306 489 1347 ad
521 1315 699 1346 tesseras
733 1305 976 1355 conferunt,
1009 1313 1084 1345 aut
1115 1304 1246 1344 etiam
1275 1317 1437 1344 novum
1467 1303 1549 1344 sibi

110 1361 191 1417 ipsi
229 1362 414 1417 aliquem
444 1362 699 1419 excogitant
732 1363 776 1404 in
808 1362 898 1403 otio
919 1336 1094 1402 lu'dum.
1126 1361 1187 1402 sic
1219 1360 1279 1401 illi
1309 1376 1334 1401 a
1363 1360 1551 1416 negotiis

110 1419 310 1474 publiciS‚
334 1429 537 1475 tanquam
556 1421 610 1461 ab
633 1434 775 1476 opere,
795 1429 870 1461 aut
892 1419 1157 1475 temporibus
1179 1418 1358 1470 exclusi,
1377 1429 1452 1458 aut
1475 1433 1553 1460 vo-

109 1475 273 1517 luntate
296 1492 371 1518 sua
392 1477 547 1529 fetiati,
571 1486 684 1518 totos
708 1492 751 1518 se
772 1477 842 1518 alii
866 1476 919 1518 ad
942 1476 1108 1532 po‘etaS,
1122 1475 1194 1517 alii
1218 1474 1270 1516 ad
1293 1484 1550 1532 geometras,

109 1533 180 1574 alii
204 1534 257 1575 ad
279 1535 465 1575 musicos
483 1535 773 1586 contulerunt
797 1534 868 1575 alii
889 1534 1037 1584 etiam,
1059 1543 1106 1574 ut
1136 1533 1366 1597 dialectici,
1387 1547 1551 1574 novum

107 1590 221 1632 sibi
212 1591 294 1647 ipsi
317 1592 506 1633 studium
529 1592 760 1647 ludumque
782 1600 1053 1647 pepererunt,
1083 1600 1213 1646 atque
1231 1590 1275 1630 in
1298 1589 1349 1631 iis
1371 1591 1552 1642 artibus,

109 1654 207 1702 quae
241 1659 421 1705 repertae
454 1659 568 1701 sunt,
600 1660 648 1690 ut
677 1663 907 1705 puerorum
944 1657 1109 1689 mentes
1146 1648 1199 1689 ad
1237 1646 1552 1688 humanitatem

109 1706 374 1761 fingerentur
395 1715 524 1763 atque
548 1706 764 1758 virtutem,
786 1720 914 1746 omne
944 1715 1111 1761 tempus
1131 1714 1261 1760 atque
1282 1714 1431 1746 aetates
1453 1719 1549 1745 suas

110 1773 454 1806 consumserunt.
515 1764 597 1805 Sed
631 1765 746 1820 quod
778 1772 900 1804 erant
931 1763 1121 1818 quidam,
1157 1762 1274 1818 iique
1304 1762 1445 1814 multi,
1475 1752 1635 1817 quilfi

111 1828 186 1860 aut
208 1819 251 1861 in
274 1821 494 1876 republica
515 1831 691 1877 propter
712 1821 961 1885 ancipitem,
983 1835 1080 1876 quae
1102 1835 1190 1861 non
1212 1828 1355 1876 potest
1375 1834 1466 1860 esse
1487 1834 1550 1861 56-
1564 1829 1614 1866 59

103 1876 274 1931 juncta,
297 1878 482 1920 faciendi
501 1879 757 1934 dicendique
778 1878 1048 1934 sapientiam,
1071 1878 1287 1929 florerent,
1309 1885 1358 1917 ut
1377 1876 1553 1918 Themi-

113 1935 284 1986 stocles,
307 1945 355 1977 ut
387 1936 588 1987 Pericles,
620 1945 669 1978 ut
701 1935 1003 1986 Theramenes,
1034 1945 1123 1987 aut,
1145 1935 1219 1989 qui
1241 1935 1383 1976 minus
1405 1935 1488 1991 ipsi
1511 1935 1557 1977 in

112 1992 334 2048 republica
364 2004 647 2044 v,ersarentur
670 1994 742 2035 sed
775 1992 905 2048 hujus
938 2002 1082 2033 tamen
1113 1992 1307 2048 ejusdem
1330 1992 1557 2048 sapientiae

110 2049 308 2090 doctores
339 2060 495 2103 essent,
526 2060 575 2092 ut
606 2026 809 2107 G'oigias,
830 2049 1195 2114 Thrasymachus,
1219 2049 1457 2093 Isocrates:
1489 2064 1556 2090 m-

114 2107 232 2148 venti
256 2117 370 2159 sunt,
393 2109 483 2164 qui,
504 2123 603 2149 cum
625 2123 707 2165 ipsi
738 2107 937 2149 doctrina
973 2116 1017 2148 et
1051 2107 1238 2164 ingeniis
1271 2107 1556 2159 abundarent,

113 2178 140 2204 a
171 2179 215 2205 re
255 2140 399 2206 autein
438 2166 553 2207 civili
593 2175 636 2206 et
674 2181 699 2206 a
739 2165 941 2229 negotiis,
973 2141 1126 2205 animio
1148 2165 1336 2220 quodam
1370 2164 1557 2220 judicio,

113 2221 410 2274 abhorrerent,
442 2222 552 2263 hanc
583 2222 754 2264 dicendi
793 2222 1149 2263 exercitationem
1180 2222 1453 2278 exagitarent
1492 2232 1557 2263 at-

113 2293 198 2333 que
245 2289 592 2343 contemnerent3
634 2294 817 2344 quorum
848 2280 1048 2343 princeps
1079 2283 1120 2314 49
1135 2280 1333 2321 Socrates
1366 2279 1463 2330 fuit,
1506 2279 1557 2331 is,

112 2336 188 2391 qui
210 2336 404 2377 omnium
426 2337 691 2378 eruditorum
715 2337 979 2389 testimonio,
1002 2337 1221 2392 totiusque
1236 2337 1406 2392 judicio
1431 2338 1558 2378 Grae-

112 2393 209 2444 ciae,
230 2408 330 2434 cum
353 2394 594 2449 prudentia,
616 2404 660 2435 et
681 2395 892 2446 acumine,
914 2403 958 2435 et
979 2402 1217 2446 venustate,
1238 2403 1282 2435 et
1300 2394 1556 2446 subtilitate,

112 2459 206 2491 tum
228 2466 328 2492 vero
352 2451 611 2507 eloquentia,
644 2453 864 2503 varietate,
894 2451 1036 2506 copia,
1066 2466 1196 2506 quam
1227 2465 1271 2492 se
1300 2465 1485 2516 cumque
1507 2451 1553 2492 in

113 2516 280 2564 partem
309 2508 509 2561 dedisset,
539 2509 733 2550 omnium
765 2508 848 2550 fuit
877 2508 1003 2550 facile
1037 2509 1251 2565 princeps.
1312 2508 1356 2550 Is
1390 2509 1456 2561 iis,
1478 2509 1618 2565 qui60

155 2666 197 2697 49
229 2663 380 2697 Socrates
395 2665 476 2706 fuit
512 2665 589 2706 &c.]
629 2665 737 2697 Locus
760 2665 815 2697 hic
858 2670 974 2706 gatum
990 2670 1040 2696 est
1055 2666 1095 2697 ab
1110 2666 1204 2697 Aldo.
1248 2665 1398 2708 Utraque
1411 2667 1555 2699 lectione

117 2715 203 2736 varie
217 2716 250 2736 111
266 2706 355 2738 libris
367 2708 549 2739 exhibetur.
594 2709 718 2739 Pearcn
732 2718 817 2739 nova
858 2709 1039 2749 ‹onjuncta
1060 2709 1273 2758 scripsimus:
1311 2711 1340 2740 1’5·
1367 2711 1424 2751 (56.
1452 2710 1556 2749 igitur

116 2748 202 2778 ratio
218 2748 297 2778 mihi
309 2749 419 2780 durior
434 2751 502 2781 visa
513 2756 575 2788 est,
590 2761 689 2790 quam
706 2751 816 2781 volen-
859 2750 1022 2791 Socrates)
1041 2752 1094 2789 iis,
1109 2752 1164 2791 qui
1179 2753 1256 2782 lzaec.
1302 2752 1379 2782 Huc
1391 2752 1458 2782 fere
1473 2751 1558 2783 redit

114 2795 165 2819 tes
180 2789 239 2829 ipsi
263 2791 430 2822 videbunt.
473 2793 544 2832 Ego
570 2794 605 2823 in
628 2794 694 2823 fine
719 2792 816 2823 niodo
858 2792 1014 2825 Lambini
1039 2794 1135 2833 ratio,
1158 2794 1214 2835 qui
1236 2794 1381 2833 volebat,
1408 2793 1476 2828 Hic
1496 2794 1559 2827 iis,-

117 2831 243 2870 aliquid
264 2836 411 2864 tentem:
441 2835 482 2872 is,
496 2835 551 2875 qui
566 2837 643 2866 hoec.
688 2835 750 2866 Ed.
763 2834 818 2865 W.
861 2835 928 2874 qui.

115 2873 159 2904 iis
180 2883 212 2914 q.
226 2875 258 2905 11.
280 2879 397 2909 ceterae
412 2876 484 2912 edd.
511 2877 576 2913 ΜΒ.
596 2877 636 2910 Ε.
649 2878 708 2910 his.
738 2876 821 2908 Vul-

801 2925 930 2962 c02
