1945 3235
389 158 469 194 484
971 154 1250 196 BRUTUS.

389 274 565 324 quoquo
588 258 717 302 modo
740 267 923 317 poterat,
943 275 1058 319 saepe
1080 262 1267 304 dicebat.
1330 257 1483 316 Itaque
1504 259 1542 301 ei
1564 273 1712 324 paucae
1730 274 1835 303 cen*-

299 325 376 360 238
391 317 515 359 turiae
537 317 591 359 ad
612 319 882 360 consulatum
903 319 1147 361 defuerunt.
1195 318 1247 360 C.
1271 317 1424 358 Macer
1446 318 1703 358 auctoritate
1724 333 1835 360 sem-

390 389 547 474 pfro
495 375 630 432 eguit,
662 376 734 417 sed
767 375 851 417 fuit
883 385 1089 442 patronus
1125 375 1439 432 propemodum
1464 374 1835 431 diligentissimus.

442 447 537 489 uJus
570 433 604 474 si
639 433 742 484 vita,
772 434 806 474 si
834 448 994 499 umores»,
1029 435 1062 475 si
1096 433 1237 475 vultus
1268 433 1453 488 denique
1488 434 1625 473 5211011
1663 441 1837 475 omnem

386 490 841 532 commendationem
832 491 996 547 ingenii
1018 491 1255 542 evenisset,
1279 504 1417 546 maJus
1445 499 1599 531 nomen
1624 490 1668 530 in
1690 499 1836 546 patro-

384 548 452 589 nis
474 548 640 590 fuisset.
664 563 750 589 non
771 556 862 589 erat
885 549 1122 600 abundans,
1147 563 1231 590 non
1254 549 1379 605 inops
1403 557 1572 590 tamen:
1604 561 1690 588 non
1715 547 1836 589 valde

383 605 551 670 nitens,
580 619 667 646 non
704 605 830 662 plane
863 604 1038 646 horrida
1074 607 1237 648 oratio:
1278 620 1380 656 vox,
1420 613 1580 661 gestus,
1613 613 1657 646 et
1691 605 1833 646 omnis

383 663 499 704 actio
521 663 612 703 sine
634 661 802 719 lepor:e
835 671 879 704 at
908 663 951 703 in
974 662 1256 727 inveniendis,
1277 662 1675 719 componendisque
1705 662 1833 704 rebus·

382 721 465 761 mir
468 736 493 761 ·ι
522 720 766 762 accuratio:
799 729 848 761 ut
877 735 963 760 non
994 719 1120 761 facile
1153 720 1197 760 in
1230 719 1315 762 ullo
1345 720 1681 776 diligentiorem
1694 719 1835 775 majo-

382 791 558 833 remque
580 778 876 833 cognoverim,
908 777 979 818 sed
1011 791 1120 829 eam,
1143 786 1192 818 ut
1213 777 1340 818 citius
1362 777 1679 829 veteratoriam,
1701 787 1833 833 quam

384 835 616 876 oratoriam
634 835 819 876 -dicer.es
872 834 960 876 Hic
982 835 1061 876 etsi
1085 835 1216 876 etiam
1239 834 1284 875 in
1307 834 1491 890 publicis
1513 835 1652 876 causis
1676 836 1835 891 proba*-

298 878 370 935 68
386 892 525 943 batur,
548 901 690 934 tamen
723 893 765 933 in
800 892 977 958 privatis
1006 892 1280 933 illustrioiem
1303 892 1529 933 obtinebat
1557 892 1716 933 locum.
1772 891 1831 934 -.C

292 959 369 996 239
383 948 538 991 deiude
560 949 678 1000 Piso,
701 952 916 1002 statarius,
938 958 982 990 et
1004 952 1044 981 53
1059 950 1267 991 sermonis
1298 950 1448 1006 plenus
1467 953 1629 1000 orator,
1652 942 1832 992 minime

381 1005 452 1048 ille
482 1004 658 1063 quidem
692 1007 855 1049 ta1dus
872 1007 917 1048 in
952 1007 1261 1072 excogitando,
1294 1015 1590 1049 verumtamen
1623 1006 1759 1059 vultu,
1787 1015 1833 1049 et

379 1064 669 1116 simulatione,
711 1065 847 1106 multo
886 1064 1019 1106 etiam
1060 1066 1242 1116 acutior,
1279 1079 1408 1120 quam
1442 1071 1547 1116 erat,
1580 1063 1828 1107 videbatur.

379 1120 496 1164 Nam
527 1122 620 1178 ejus
655 1123 865 1178 aequalem
897 1122 978 1164 Μ’.
1002 1122 1300 1188 Glabrionem,
1335 1123 1444 1164 bene
1480 1121 1728 1163 institutum
1760 1123 1830 1165 avi

378 1179 588 1222 Scaevolae
619 1179 860 1237 diligentia,
884 1195 1027 1221 socors
1057 1181 1191 1238 ipsius
1222 1189 1376 1222 natura
1399 1179 1711 1244 negligensque
1743 1188 1828 1221 tar-

376 1237 569 1279 daverat.
631 1213 775 1279 Etiam
809 1238 858 1279 L.
879 1236 1139 1294 Torquatus,
1161 1238 1333 1294 elegans
1364 1238 1408 1278 in
1439 1213 1639 1288 dicendo,
1663 1237 1713 1278 in
1735 1238 1829 1279 exi-

376 1295 592 1336 stimando
615 1295 848 1337 admodum
873 1296 1072 1352 prudens,
1091 1305 1184 1337 toto
1207 1310 1374 1352 genere
1384 1296 1679 1360 perurbanus.
1697 1293 1828 1336 Meus

375 1363 522 1394 autem
556 1353 734 1408 aequalis
757 1352 841 1395 Cn.
864 1353 1116 1410 Pompeius,
1139 1354 1204 1395 vir
1207 1328 1287 1394 t>ad
1318 1353 1465 1394 omnia
1495 1366 1663 1393 summa
1670 1361 1827 1417 natus,

372 1410 585 1474 majorem
616 1410 787 1452 dicendi
821 1411 1001 1467 gloriam
1034 1410 1270 1462 habuisset,
1293 1410 1373 1452 nisi
1396 1424 1496 1451 eum
1526 1409 1710 1466 majoris
1733 1409 1828 1467 glo-

373 1482 449 1508 riae
473 1467 690 1526 cupiditas
712 1467 766 1509 ad
790 1468 962 1509 bellicas
984 1468 1130 1509 laudes
1152 1468 1448 1509 abstraxisset.
1503 1467 1609 1508 Erat
1630 1469 1830 1510 oratione

373 1526 475 1567 satis
493 1523 680 1589 ampluS,
704 1540 793 1566 rem
823 1525 1055 1581 prudenter
1076 1525 1276 1567 videbat:
1308 1526 1422 1567 actio
1445 1538 1546 1567 vero
1566 1525 1661 1581 ejus
1695 1525 1827 1566 habe-

375 1582 451 1624 bat
472 1591 515 1623 et
546 1597 590 1624 ln
620 1597 726 1624 voce
756 1597 963 1639 magnum
996 1581 1281 1639 splendorem,
1303 1591 1348 1623 et
1382 1583 1426 1623 in
1457 1593 1580 1624 motu
1612 1591 1823 1624 summam

285 1646 364 1681 240
375 1639 649 1696 dignitatem.
711 1616 872 1682 Noster
894 1641 998 1681 item
1021 1640 1198 1696 aequalis
1222 1638 1279 1681 D.
1304 1639 1488 1691 Silanus,
1511 1639 1688 1681 vitricus
1711 1650 1825 1692 tuus,

374 1697 505 1739 studii
529 1697 598 1739 ille
619 1690 794 1753 quidem
816 1697 971 1739 habuit
1000 1713 1087 1739 non
1117 1697 1315 1749 multum,
1338 1697 1411 1738 sed
1433 1697 1644 1738 acuminis
1665 1705 1715 1738 et
1729 1712 1824 1739 ora·-

373 1754 504 1796 tionis
528 1755 645 1796 satis.
708 1755 765 1802 Q.
791 1755 1025 1812 Pompeius
1048 1755 1102 1796 A.
1127 1755 1175 1797 F.
1197 1755 1274 1810 qui
1297 1755 1573 1811 Bithynicus
1579 1754 1720 1796 dictus
1743 1760 1823 1807 eSt‚

371 1814 413 1844 ⁵4
428 1813 618 1864 biennio,
640 1828 768 1868 quam
794 1828 884 1864 nos,
908 1813 1089 1854 fortasse
1111 1813 1264 1868 major,
1283 1827 1451 1854 summo
1474 1812 1616 1854 studio
1635 1787 1823 1864 dicendiz

368 1870 591 1926 multaque
613 1870 825 1923 doctrina,
848 1871 1091 1912 incredibili
1117 1870 1262 1912 labore
1286 1879 1416 1926 atque
1438 1870 1673 1923 industria;
1700 1845 1823 1926 quod

370 1928 478 1979 scire
512 1943 702 1984 possum.
737 1928 821 1969 fuit
853 1929 967 1970 enim
1001 1943 1172 1970 mecum
1204 1938 1247 1969 et
1279 1943 1378 1969 cum
1412 1927 1480 1968 M.
1514 1926 1687 1978 Pisone,
1719 1937 1820 1969 cum

369 1986 576 2037 amicitia,
599 1995 691 2027 tum
715 1985 882 2037 studiis,
901 1986 1372 2042 exercitationibusque
1391 1985 1666 2041 conjunctus.
1690 1984 1818 2041 hujus

370 2044 485 2084 actio
507 2059 595 2084 non
619 2044 720 2084 satis
743 2043 1078 2085 commendabat
1098 2044 1353 2085 orationem.
1385 2043 1429 2083 in
1454 2044 1542 2084 hac
1566 2043 1689 2083 enim
1706 2042 1818 2083 saris

280 2109 461 2144 241erat
484 2101 638 2157 copiae,
663 2101 720 2142 in
728 2101 800 2142 illa
820 2110 964 2142 autem
989 2100 1144 2157 leporis
1168 2115 1335 2157 parum
1397 2099 1502 2141 Erat
1523 2099 1617 2156 ejus
1639 2100 1816 2156 aequalis

235 2161 356 2198 2187
369 2157 422 2198 Ρ.
447 2157 701 2209 Autronius,
724 2173 831 2199 voce
853 2167 1071 2214 peracuta,
1093 2168 1223 2214 atque
1248 2173 1419 2223 magna,
1441 2172 1521 2198 nec
1552 2157 1634 2198 alia
1655 2166 1699 2198 r'e
1730 2155 1816 2198 ulla

326 2213 632 2272 a‘probabilisz
664 2226 708 2256 et
741 2216 789 2257 L.
814 2215 1023 2257 Octavius
1058 2216 1281 2267 Reatinus,
1303 2216 1377 2280 qui
1409 2230 1508 2257 cum
1539 2214 1695 2256 multas
1719 2213 1815 2269 jam

366 2288 516 2315 causas
538 2273 714 2324 dicei-,et
736 2273 982 2314 adolescens
1005 2282 1070 2314 est
1100 2283 1308 2314 mortuus.
1343 2274 1377 2314 is
1409 2282 1552 2314 tamen
1584 2268 1639 2313 ad
1667 2271 1815 2313 dicen-

365 2330 468 2372 dum
493 2331 694 2373 veniebat
715 2331 853 2387 magis
885 2331 1101 2382 audacter,
1124 2346 1254 2386 quam
1285 2340 1447 2388 parate.
1506 2331 1545 2361 55
1561 2328 1618 2371 Et
1636 2328 1693 2381 C.
1717 2329 1814 2370 Sta-

405 2487 446 2518 52
467 2485 750 2526 non—evertisset]
776 2486 829 2517 Sic
841 2485 983 2517 fidenter
996 2497 1066 2517 cor·
1111 2487 1232 2524 minus,
1255 2497 1354 2527 quam
1377 2485 1559 2517 videbatur.
1604 2485 1762 2516 Ceterum
1783 2485 1814 2517 si

359 2528 428 2559 rexi
452 2528 623 2568 vulg-atum
646 2534 822 2560 everteret:
844 2529 873 2558 sz'
893 2539 958 2560 mm
977 2540 1066 2560 ever·
1109 2530 1274 2569 intelligas
1296 2530 1416 2561 leniter
1435 2533 1470 2559 et
1488 2529 1558 2558 sine
1581 2532 1693 2565 motu,
1701 2529 1812 2568 magis

356 2570 601 2612 risset—majus
627 2581 742 2603 nomen
753 2570 888 2611 ficisset.
913 2581 992 2603 nam
1018 2573 1065 2604 sie
1107 2571 1294 2602 disserentis
1317 2582 1354 2602 ac
1373 2571 1584 2611 disputantis,
1598 2579 1703 2610 quam
1710 2580 1813 2610 agen-

356 2611 505 2643 latinitas
524 2615 684 2654 postulat,
701 2618 736 2644 et
759 2614 804 2644 sic
827 2623 956 2654 semper
971 2614 1062 2645 Cice.
1105 2614 1148 2644 tis
1164 2614 1261 2645 modo
1273 2615 1449 2650 dicentem,
1463 2613 1540 2643 ferri
1554 2612 1683 2643 videtur
1697 2616 1802 2653 posse.

355 2662 404 2685 ro.
447 2654 502 2685 Sic
520 2665 597 2686 mox
622 2667 650 2687 c.
674 2657 724 2688 68.
743 2661 826 2687 extr.
847 2656 1063 2689 adscendisset
1148 2659 1188 2688 54
1210 2648 1346 2693 biennio,
1362 2665 1462 2696 quam
1483 2665 1552 2692 me,
1562 2655 1715 2695 fen-tasse
1735 2661 1809 2685 ma-

354 2697 403 2729 ad
413 2699 556 2735 honores,
569 2699 786 2738 nisi—poenas
800 2699 946 2730 dedisset.
1093 2698 1170 2739 jor]
1207 2709 1237 2730 v.
1265 2699 1358 2743 Clav.
1385 2698 1418 2728 in
1438 2697 1598 2736 jbrtasse,
1628 2707 1671 2728 ne
1688 2702 1809 2728 tentes

396 2742 436 2771 53
458 2742 614 2772 sermonis
628 2743 748 2780 plenus
770 2751 806 2771 or
809 2740 834 2780 ,J
861 2740 929 2771 Cur
939 2749 1060 2772 sermo-
1090 2741 1183 2781 fere.

351 2783 549 2822 nisplenus.
547 2783 559 2805 7
578 2782 641 2814 hoc.
656 2783 785 2823 quidem
802 2783 960 2814 videture
975 2793 1057 2824 prae—
1144 2786 1184 2814 55
1209 2781 1269 2814 Ec·
1273 2781 1307 2814 C.
1324 2781 1508 2822 Staienus]
1519 2782 1573 2813 Sic
1585 2781 1735 2822 rescripsi
1745 2790 1807 2822 pro

351 2825 454 2873 ceptis
469 2824 597 2856 dicendi
610 2825 758 2856 fuissem
774 2825 865 2855 vitio.
909 2826 961 2856 An
976 2827 1056 2856 scri·
1101 2825 1276 2857 Staienus.
1299 2824 1387 2866 quod
1414 2825 1523 2856 nescio
1548 2834 1665 2864 quare
1674 2823 1810 2854 tamdiu

349 2868 416 2907 psit
445 2868 587 2908 leporis?
620 2868 707 2908 quod
732 2868 944 2907 sequentibus
973 2869 1055 2900 bene
1098 2869 1142 2899 sit
1155 2867 1349 2905 toleratum,
1366 2877 1440 2898 cum
1458 2867 1501 2898 sit
1523 2867 1697 2898 Stalenm·
1690 2875 1724 2897 ιιι
1746 2865 1805 2897 Or.

348 2911 516 2948 convenit,
530 2910 585 2940 ubi
601 2915 717 2943 acutus
732 2910 831 2942 fuisse
845 2910 978 2949 dicitur,
991 2911 1055 2944 etsi
1097 2920 1157 2953 pto
1173 2910 1310 2943 Cluent.
1324 2914 1362 2942 et
1380 2910 1471 2947 alibi,
1488 2913 1523 2940 et
1544 2912 1773 2951 propugnatur
1785 2917 1808 2939 a.
