1945 3235
460 138 758 188 ommfflAE
784 140 1146 186 PAR'riTIoNEs
1450 147 1525 182 625

83 251 204 296 facti
231 251 594 310 deprecationem,
632 248 889 316 ignoscendi
925 250 1112 314 petenda
1141 248 1266 290 venia
1296 256 1386 290 est:
1428 263 1526 304 quae

74 319 277 352 >sumetur
306 324 361 351 ex
394 311 607 367 plerisque
638 311 745 353 locis
778 306 1011 364 aequitatis
1073 305 1333 362 Expositum
1366 316 1444 357 est,
1479 316 1527 346 ut

57 368 208 429 ,potui
249 368 513 420 brevissime,
544 369 599 410 de
639 368 758 410 omni
793 363 1182 408 controversiarum
1224 378 1406 420 genere:
1444 364 1523 404 nisi

83 434 292 502 praeterea
313 434 359 466 tu
382 427 486 482 quid
508 426 701 482 requiris,

108 481 194 523 C.
210 481 258 524 F.
282 482 395 524 Illud
417 484 631 539 equidem,
651 479 802 537 quod
783 495 877 536 Jam
901 493 1034 522 unum
1055 487 1213 519 restare
1234 477 1374 529 video,
1395 453 1520 534 quale
1533 472 1604 522 38

81 537 152 589 sit,
170 554 275 581 cum
297 540 556 597 disceptatio
577 540 618 571 86
627 548 822 580 versatur
841 538 886 579 in
909 536 1095 593 scriptis.
1155 535 1207 577 C.
1224 535 1273 576 P.
1299 534 1465 576 Recte
1457 550 1520 576 in·
1536 546 1608 580 132

79 595 267 654 telligis:
297 612 348 639 eo
378 598 494 640 enim
523 597 739 652 exposito,
761 599 800 631 87
815 610 970 637 munus
1001 594 1200 652 promissi
1224 607 1354 634 omne
1375 592 1544 635 confe-1
1547 597 1655 626 5043-

78 631 199 696 ceron.
256 655 368 696 Sunt
404 655 538 710 igitur
577 654 772 712 ambigui
811 654 979 695 duobus
1020 650 1271 693 adversariis
1307 647 1563 707 praeceptaa·

76 712 343 753 communia.
386 711 580 777 Uterque
599 713 714 753 enim
739 712 849 753 hanc
872 709 1249 767 significationem,
1271 723 1357 763 qua
1382 717 1526 748 utetur

79 767 188 824 ipse,
209 769 387 824 dignam
410 769 630 825 scriptoris
653 769 895 833 prudentia
901 782 994 809 esse
1014 766 1240 808 defendet.
1266 776 1445 821 uterque
1467 765 1527 816 id,

79 825 213 880 qnod
208 827 484 869 adversarius
507 842 561 868 ex
584 827 788 883 ambigue
817 826 979 890 scripto
1001 823 1330 880 intelligendum
1350 836 1442 863 esse
1462 822 1527 862 di-

77 892 165 934 cet,
186 893 262 925 aut
282 884 531 936 absurdum,
553 894 630 926 aut
656 885 822 935 inutile,
843 892 919 925 aut
949 883 1162 938 iniquum,
1185 890 1259 923 aut
1287 890 1415 937 ‘turpe
1435 893 1529 920 esse

79 939 297 993 defendet,
318 951 393 982 aut
415 943 546 983 etiam
567 943 807 1007 discrepare
829 956 928 982 cum
949 940 1102 982 ceteris
1125 938 1311 996 scriptiS,
1333 937 1400 979 vel
1421 936 1528 979 alio-

78 1011 189 1049 rum,
222 998 289 1040 vel
318 1000 522 1052 maxime,
556 1015 588 1040 sr
620 1000 794 1056 poterit,
825 998 1045 1055 ejusdem3
1075 1010 1292 1053 quamque
1325 994 1528 1037 defendet

79 1054 188 1111 ipse,
209 1070 304 1098 eam
327 1071 416 1098 rem
439 1066 482 1098 et
504 1059 761 1099 sententiam
782 1057 978 1113 quemvis
1001 1031 1273 1113 prudentem,
1294 1061 1338 1095 et
1354 1053 1526 1109 justum

77 1111 316 1165 hominem,
348 1115 381 1155 si
413 1115 630 1173 integrum
651 1115 838 1166 daretur,
869 1115 1128 1171 scripturum
1159 1113 1306 1163 fuisse,
1328 1111 1401 1153 sed
1435 1110 1524 1167 pia-

77 1170 200 1213 nius.
232 1186 414 1227 eamque
447 1150 720 1225 sententiam,
751 1187 880 1229 quam
913 1171 1148 1228 significari
1183 1173 1222 1202 88
1237 1184 1362 1227 posse
1392 1169 1522 1219 dicet,
1540 1174 1610 1207 133

79 1227 188 1270 nihil
219 1228 377 1271 habere
409 1241 484 1272 aut
512 1232 742 1288 captionis,
773 1239 849 1273 aut
870 1230 990 1282 vitii3
1022 1228 1282 1271 contrariam
1314 1237 1458 1269 autem
1488 1226 1523 1268 si

81 1286 290 1341 probarit,
313 1287 420 1339 fore,
450 1298 499 1330 ut
530 1289 665 1331 multa
688 1290 805 1340 vitia,
835 1287 1009 1340 stulta,
999 1287 1162 1343 iniqua,
1185 1286 1400 1328 contraria
1422 1300 1526 1326 con-

79 1353 328 1399 sequantur.
390 1345 504 1387 Cum
536 1356 680 1389 autem
711 1346 825 1388 aliud
858 1346 1043 1401 scriptor
1076 1344 1256 1386 sensisse
1279 1343 1462 1408 videtur,
1483 1352 1529 1382 et
1589 1378 1592 1380 .

80 1400 196 1442 aliud
219 1403 464 1469 scripsisse:
496 1404 569 1459 qui
600 1405 762 1460 scripto
785 1404 961 1454 nitetur,
982 1417 1096 1453 eum,
1119 1416 1163 1443 re
1185 1401 1399 1467 exposita,
1421 1401 1529 1441 reei-

80 1458 246 1500 tatione
268 1461 330 1502 uti
353 1461 598 1516 oportebit3
630 1461 784 1503 deinde
812 1462 970 1502 instare
992 1460 1250 1511 adversario,
1273 1459 1441 1510 iterare,
1463 1473 1528 1498 re-

78 1530 252 1568 novare,
275 1518 555 1575 interrogare,
575 1534 682 1562 num
704 1529 778 1560 aut
799 1519 1008 1574 scriptum
1032 1526 1176 1574 neget,
1195 1526 1269 1558 ant
1290 1526 1442 1558 contra
1461 1515 1525 1556 fa-

77 1582 198 1615 ctum
222 1552 466 1617 infitietur0
507 1575 628 1628 Post,
643 1576 838 1633 judicem
864 1576 917 1617 ad
940 1576 1028 1616 vim
1051 1575 1199 1631 scripti
1224 1583 1364 1616 vocet.
1427 1573 1524 1615 Huc
1540 1579 1614 1612 134

76 1632 409 1674 confirmatione
428 1647 542 1686 usuS,
560 1635 797 1691 amplificet
812 1648 900 1675 rem
921 1633 1014 1690 lege
1035 1632 1262 1682 laudanda,
1280 1632 1525 1673 audaciam-

76 1702 162 1744 que
192 1691 389 1732 confutet
418 1691 527 1746 ejus,
548 1707 624 1748 qui
654 1707 753 1734 cum
784 1692 926 1748 palam
947 1699 1100 1733 contra
1121 1689 1286 1740 f·ece1it,
1310 1691 1438 1745 idque
1462 1690 1526 1730 fa-

80 1754 236 1798 teatur,
258 1748 370 1789 adsit
400 1757 558 1801 tamen,
581 1749 832 1805 factumque
855 1748 1073 1790 defendat.
1136 1747 1306 1789 Deinde
1336 1748 1527 1789 infirmet

79 1803 391 1858 defensionem,
413 1821 512 1848 cum
540 1807 806 1850 adversarius
838 1806 952 1848 aliud
975 1805 1176 1856 voluisse,
1199 1806 1313 1847 aliud
1346 1805 1528 1846 sensisse

80 1862 352 1928 scriptorem,
375 1863 490 1905 aliud
513 1865 731 1921 scripsisse
750 1865 880 1917 dicat,
901 1879 988 1906 non
1010 1878 1101 1905 esse
1123 1863 1361 1914 ferendum,
1378 1878 1403 1903 a
1421 1878 1529 1919 quo-

78 1934 210 1974 quam
234 1922 386 1986 potius
416 1920 563 1963 latoris
596 1937 783 1974 sensum,
805 1937 935 1978 quam
966 1938 990 1963 a
1020 1922 1129 1978 lege,
1152 1896 1376 1978 explicari.
1438 1920 1529 1962 Cur

79 1977 142 2018 ita
150 1979 396 2043 scripserit,
419 1980 453 2020 si
475 1980 536 2020 ita
559 1995 646 2021 non
677 1981 884 2022 senserit?
936 1979 1040 2031 Cur,
1062 1994 1161 2021 cum
1186 1993 1249 2031 ea,
1272 1994 1368 2034 quae
1402 1977 1530 2035 plane

78 2035 240 2091 scripta
261 2036 362 2088 sint,
385 2040 425 2072 89
437 2037 690 2095 neglexerit,
713 2053 810 2094 quae
841 2052 1052 2094 nusquam
1079 2037 1241 2093 scripta
1261 2037 1361 2088 sint,
1385 2036 1528 2093 profe-

78 2095 173 2135 rat?
214 2093 305 2135 Cur
329 2096 716 2150 prudentissimos
708 2112 750 2137 in
773 2096 1001 2137 scribendo
1024 2095 1152 2145 viros,
1175 2109 1355 2138 summae
1387 2094 1528 2135 stulti-

79 2149 153 2192 tiae
177 2161 300 2208 putet
317 2166 408 2193 esse
426 2153 720 2197 damnandos?
754 2153 872 2201 Quid
891 2152 1137 2210 impedierit
1155 2152 1424 2217 scriptorem,
1441 2167 1527 2207 quo

78 2207 223 2250 minus
245 2209 470 2267 exciperet
499 2210 618 2263 illud,
639 2211 755 2267 quod
786 2211 1066 2261 adversarius,
1090 2220 1147 2251 ta
1137 2224 1310 2265 mquam
1342 2225 1376 2250 5ι
1398 2223 1526 2251 exce-

81 2276 207 2320 ptum
239 2277 365 2319 esset,
396 2269 513 2310 90ita
543 2269 651 2310 dicit
683 2283 727 2310 se
759 2270 983 2311 secutum?
1028 2267 1187 2310 Utetm
1214 2267 1425 2324 exemplis
1456 2267 1613 2320 iis,135

77 2323 238 2378 quibus
269 2325 383 2366 idem
418 2326 626 2382 scriptor:
657 2335 746 2378 aut,
778 2327 812 2367 si
843 2327 886 2368 id
923 2340 1010 2367 non
1047 2325 1219 2382 poterit,
1250 2326 1406 2381 quibus
1437 2324 1524 2377 alii,

78 2382 197 2435 quod
218 2383 525 2439 excipiendum
558 2384 766 2440 putarint,
787 2384 1054 2449 exceperint.
1115 2383 1363 2430 Quaerenda
1391 2383 1523 2424 etiam

79 2438 192 2482 ratio
213 2450 294 2492 est,
326 2441 359 2481 si
391 2455 476 2496 qua
497 2441 658 2497 poterit
687 2442 886 2493 inveniri,
909 2455 1042 2498 quare
1071 2455 1157 2482 non
1189 2441 1244 2481 sit
1265 2451 1524 2496 exceptum:

81 2504 159 2538 aut
178 2496 328 2554 iniqua
348 2497 434 2549 lex,
456 2508 532 2540 aut
552 2499 716 2540 inutilis
737 2498 883 2541 futura
899 2500 1080 2550 dicetur,
1099 2508 1175 2539 aut
1195 2497 1279 2538 alia
1299 2511 1428 2539 causa
1449 2499 1528 2539 ob-

82 2556 366 2611 temperandi,
387 2555 472 2598 alia
491 2556 755 2614 abrogandi:
787 2556 1014 2599 dissentire
1039 2556 1269 2598 adversarii
1291 2570 1441 2597 vocem
1465 2567 1529 2597 at-

122 2699 164 2730 86
177 2700 345 2742 versatur]
364 2700 425 2731 Ed.
440 2700 525 2733 ven.
539 2704 698 2733 versetur.
868 2703 910 2736 89
931 2699 1127 2740 neglexerit]
1147 2699 1200 2730 Sic
1223 2698 1443 2736 scribendum,
1461 2708 1530 2728 non

121 2745 163 2776 87
193 2751 314 2773 munus
333 2743 502 2784 promissi]
540 2743 605 2775 Ms.
636 2744 674 2775 E.
700 2743 787 2783 quod
825 2745 991 2783 neglexie:
1017 2746 1052 2773 et
1079 2743 1125 2772 sic
1151 2741 1274 2772 habent
1302 2741 1381 2772 Mss.
1411 2742 1531 2778 nostri,

72 2786 233 2826 promisi.-
254 2785 428 2825 vulgatum
454 2792 506 2818 est
531 2787 723 2827 exquisitius
749 2791 785 2818 et
827 2785 898 2817 edd.
925 2786 1011 2817 Ven.
1039 2783 1128 2816 Med.
1159 2784 1255 2815 Junt.
1300 2784 1420 2814 Statim
1457 2788 1532 2824 post

79 2827 275 2866 elegantius.
825 2838 989 2869 nusquam
1011 2827 1098 2859 bene
1114 2826 1235 2858 Ms.1::.
1261 2835 1328 2856 non
1347 2836 1530 2868 nunquam,

121 2872 162 2900 33
190 2878 284 2910 POS-re
317 2869 417 2912 dicet]
436 2870 515 2910 ΜΙ.
541 2871 588 2904 E.
611 2871 674 2905 Ed.
700 2869 784 2903 Ven.
826 2875 865 2902 ut
879 2870 1019 2911 vulgati.
1051 2870 1117 2901 Sic
1128 2873 1164 2900 et
1177 2868 1228 2900 ed.
1242 2868 1329 2899 Ven

78 2913 168 2945 diea't.
212 2912 290 2944 Non
304 2912 430 2949 benet>
869 2916 912 2950 90
932 2915 982 2946 ita
995 2912 1090 2955 dicit]
1105 2917 1168 2944 scr.
1183 2911 1293 2945 dicat.

138 2969 247 2997 voL
267 2971 300 2998 1.
771 2971 834 2998 SS
