1945 3235
555 132 739 171 LIBER
772 131 1065 172 QUARTUS.
1447 136 1519 171 105

155 234 378 296 Expolitio
395 245 473 288 est,
494 251 593 278 cum
611 237 654 277 in
669 235 819 276 eodem
832 235 927 277 loco
944 249 1179 286 manemuS,
1199 244 1242 277 et
1259 236 1372 279 aliud
1390 245 1520 293 atque
1529 237 1602 286 42

99 295 214 338 aliud
237 297 376 338 dicere
394 295 598 337 videmur.
652 293 715 334 Ea
727 292 955 348 dupliciter
974 293 1037 343 fit,
1056 293 1090 332 si
1109 301 1183 332 aut
1200 295 1375 335 eandem
1395 295 1518 350 plane
1530 309 1580 343 54

98 366 187 393 rem
210 354 412 403 dicemus,
434 360 507 392 aut
527 351 581 391 de
598 350 745 390 eadem
768 364 826 390 re.
889 348 1079 390 Eandem
1099 364 1187 390 rem
1210 349 1413 402 dicemus,
1433 366 1521 393 non

99 410 249 451 eodem
273 409 398 451 modo
420 412 538 461 (nam
560 408 602 448 id
622 407 795 462 quidem
817 406 1055 447 obtundere
1073 406 1311 447 auditorem
1334 418 1411 458 est,
1434 423 1521 449 non

98 479 186 507 rem
208 466 416 522 expolire)
439 465 510 505 sed
542 472 818 506 commutate.
852 486 855 489 ·
881 462 1255 504 Commutabimus
1284 464 1522 519 tripliciter,

98 524 252 574 verbis,
287 522 616 578 pronuntiando,
655 520 895 561 tractando,
957 520 1108 561 Verbis
1145 520 1522 571 commutabimus,

97 595 211 630 cum,
232 594 275 620 re
308 579 436 620 semel
469 579 598 629 dicta,
631 579 800 628 iterum,
835 587 909 618 aut
939 578 1095 633 saepius
1128 577 1220 618 aliis
1247 577 1402 628 verbis,
1425 592 1522 632 quae

97 637 208 678 idem
229 636 408 685 valeant,
427 636 575 685 eadem
594 649 658 675 res
680 635 932 690 proferetur,
955 635 1035 675 hoc
1049 635 1203 676 modo:
1229 635 1405 676 Nullum
1429 638 1524 675 tan-

97 702 188 734 tum
209 702 273 734 est
295 693 546 748 periculum,
568 692 683 747 quod
696 694 862 748 sapiens
879 707 954 747 pro
978 692 1112 733 salute
1132 693 1279 747 patriae
1299 692 1523 733 vitandum

98 751 339 791 arbitretur.
401 748 513 790 Cum
555 758 706 805 agetur
729 752 748 780 2⁷
763 749 1034 790 incolumitas
1074 759 1279 804 perpetua
1312 749 1524 801 civitatis,

101 808 173 862 qui
211 807 331 848 bonis
360 807 441 847 erit
471 807 712 847 rationibus
745 807 964 862 praeditus,
985 806 1192 862 ‘profecto
1224 806 1387 847 nullum
1421 807 1522 847 vitae

95 863 322 904 discrimen
345 864 427 904 sibi
457 879 535 919 pro
568 863 750 904 fortunis
777 863 1026 920 reipublicae
1055 863 1307 920 fugiendum
1330 863 1523 920 putabit:

95 929 138 962 et
159 922 239 961 erit
261 922 304 962 in
325 935 377 962 ea
399 921 610 962 sententia
632 935 811 976 semper,
834 930 882 962 ut
906 936 981 977 pro
1004 922 1142 977 patria
1163 922 1352 962 studiose
1374 936 1525 976 quam-

96 978 160 1019 vis
192 978 233 1018 in
265 993 465 1034 magnam
493 978 723 1019 descendat
753 979 853 1019 vitae
889 979 1226 1019 dimicationem.
1288 978 1522 1020 Pronunti-

93 1035 205 1076 ando
227 1037 604 1087 commutabimus,
628 1035 661 1075 si
687 1044 776 1076 tum
799 1036 841 1076 in
865 1050 1072 1086 sermone,
1097 1045 1188 1076 tum
1207 1036 1250 1076 in
1273 1036 1523 1088 acrimonia,

93 1102 185 1133 tum
209 1093 252 1134 in
275 1092 358 1133 alio
381 1102 508 1148 atque
530 1094 612 1133 alio
628 1107 782 1148 genere
805 1094 922 1133 vocis
937 1101 1064 1148 atque
1084 1101 1244 1148 gestus,
1268 1094 1414 1134 eadem
1432 1108 1524 1134 ver-

95 1150 160 1190 bis
193 1151 514 1199 commutando,
547 1150 974 1205 3pronuntiatione1n
1016 1165 1188 1205 quoque
1227 1150 1522 1191 vehementius

93 1207 432 1248 immutabimus.
494 1206 593 1248 Hoc
634 1221 772 1262 neque
811 1207 1158 1248 commodissime
1195 1208 1324 1248 scribi
1364 1217 1520 1263 potest,

92 1278 231 1320 neque
254 1279 402 1320 parum
432 1274 495 1306 est
526 1273 735 1320 apertum.
759 1279 889 1319 quare
911 1279 996 1304 non
1027 1274 1126 1320 eget
1155 1264 1357 1320 exempli.
1418 1264 1582 1315 Ter-55

94 1322 203 1362 tium
225 1336 358 1377 genus
381 1331 445 1362 est
478 1322 844 1372 commutationis,
867 1322 982 1377 quod
1017 1322 1241 1363 tractando
1275 1322 1520 1373 conficitur,

94 1379 128 1419 si
163 1379 419 1420 sententiam
446 1379 709 1434 trajiciemus
742 1388 816 1419 aut
845 1380 898 1419 ad
924 1379 1342 1430 sermocinationem,
1365 1389 1438 1419 aut
1467 1380 1520 1420 ad

93 1436 489 1477 exsuscitationem.
551 1436 865 1477 Sermocinatio
887 1446 965 1488 est,
989 1437 1060 1489 (de
1082 1451 1166 1492 qua
1187 1437 1355 1493 planius
1378 1429 1607 1492 paullo43

91 1502 190 1549 post
209 1508 285 1533 suo
304 1493 399 1534 loco
421 1493 627 1544 dicemus,
647 1508 761 1534 nunc
784 1495 970 1534 breviter
991 1494 1043 1534 ad
1066 1494 1177 1535 hanc
1195 1509 1299 1544 rem,
1322 1495 1438 1549 quod
1457 1509 1522 1535 sa-

91 1550 146 1591 tis
161 1551 229 1600 sit,
243 1551 540 1607 attingemus,)
555 1551 598 1591 in
618 1566 702 1605 qua
720 1552 1007 1592 constituetur
1020 1551 1201 1606 alicujus
1215 1566 1409 1607 personae
1429 1566 1523 1593 ora·
1537 1571 1570 1602 b.

92 1607 154 1649 tio
177 1609 503 1649 accommodata
524 1609 577 1649 ad
600 1608 874 1663 dignitatem,
894 1608 976 1649 hoc
999 1609 1143 1660 modo,
1164 1618 1226 1660 ut,
1248 1623 1334 1664 quo
1357 1608 1524 1650 facilius

92 1679 156 1706 res
178 1665 383 1721 cognosci
408 1666 557 1721 possit,
580 1680 633 1706 ne
663 1666 716 1706 ab
739 1666 887 1706 eadem
919 1667 1131 1706 sententia
1153 1667 1422 1707 recedamus:
1449 1666 1526 1707 Sa-

90 1723 228 1778 piens,
257 1723 330 1778 qui
352 1723 498 1763 omnia
519 1723 767 1778 reipublicae
791 1738 920 1764 causa
943 1723 1214 1779 suscipienda
1236 1723 1426 1779 pericula
1446 1738 1527 1779 pu-

92 1780 218 1831 tabit,
249 1794 363 1835 saepe
384 1780 509 1835 4ipse
536 1794 680 1820 secum
715 1781 775 1820 sic
808 1780 1028 1835 loquetur:
1055 1780 1156 1821 Non
1186 1781 1293 1821 mihi
1325 1780 1419 1832 soli,
1453 1782 1527 1822 sed

93 1837 239 1886 etiam,
274 1845 402 1891 atque
436 1837 542 1878 adeo
575 1837 713 1878 multo
744 1838 903 1893 potiUS,
931 1847 1056 1879 natus
1092 1852 1185 1878 sum
1219 1838 1396 1894 patriae:
1422 1838 1526 1890 vita,

93 1908 191 1949 quae
213 1893 303 1934 fato
326 1894 520 1944 debetur,
543 1894 667 1934 saluti
691 1895 841 1950 patriae
865 1895 1138 1950 potissimum
1161 1895 1364 1936 solvatur.
1404 1893 1528 1937 Aluit

91 1951 188 1992 haec
214 1954 310 1992 me?
333 1959 423 1992 tute
453 1960 581 2006 atque
603 1951 781 1992 honeste
803 1952 1010 2007 produxit
1040 1966 1174 2008 usque
1205 1953 1258 1993 ad
1288 1950 1526 1994 hanc‘aeta-

92 2017 204 2049 tem:
227 2008 384 2049 muniit
405 2023 520 2049 meas
545 2010 732 2049 rationes
763 2009 886 2049 bonis
910 2009 1093 2065 legibus,
1120 2010 1296 2064 optimis
1318 2010 1528 2063 moribus,

91 2065 404 2107 honestissimis
427 2066 679 2121 disciplinis.
743 2066 861 2113 Quid
880 2076 958 2117 est,
981 2067 1097 2122 quod
1120 2082 1145 2107 a
1162 2081 1231 2107 me
1250 2068 1351 2107 satis
1373 2067 1412 2107 ei
1432 2082 1528 2123 per-

92 2122 198 2163 solvi
218 2123 370 2179 possit,
393 2123 505 2164 unde
528 2123 622 2163 haec
645 2133 825 2179 accepta
846 2127 971 2164 sunt?
999 2124 1116 2170 Quia
1134 2124 1228 2165 haee
1251 2124 1441 2179 loquitur
1463 2139 1529 2165 se-

89 2194 188 2221 cum
211 2180 393 2235 sapiens,
416 2195 529 2236 saepe
557 2194 639 2236 ego
671 2181 714 2221 in
745 2181 946 2236 periculis
976 2181 1226 2237 reipublicae
1250 2182 1414 2223 nullum
1436 2181 1528 2238 ipse

92 2236 331 2293 periculum
360 2237 470 2293 fugi.
534 2237 646 2279 Item
665 2247 859 2278 mutatur
879 2253 945 2279 res
967 2239 1208 2290 tractando,
1231 2240 1265 2280 si
1291 2239 1530 2282 traducitur

93 2294 150 2336 ad
176 2295 574 2347 exsuscitationem,
607 2310 706 2336 cum
728 2304 772 2336 et
792 2310 870 2337 nos
895 2296 1104 2339 commoti
1129 2296 1270 2338 dicere
1292 2296 1529 2350 videamur,

133 2443 153 2472 2
171 2441 386 2473 Incolumitas
398 2443 582 2483 perpetum]
614 2444 717 2475 Valde
733 2444 790 2474 fri-

93 2488 149 2524 get
162 2484 334 2524 epitheton
349 2490 519 2525 perpetua.
538 2486 648 2525 itaque
667 2498 687 2518 a
703 2487 790 2526 glos-

78 2529 198 2556 -satore
211 2526 358 2557 additum
370 2527 476 2558 credo.
521 2528 650 2558 Precari
665 2529 790 2560 incolu-

93 2567 244 2598 mitatem
256 2574 448 2609 perpetuam
458 2579 641 2610 possumuS‚
655 2572 710 2602 sed
723 2581 791 2609 non

92 2609 203 2681 {grimo
215 2610 321 2642 forma
335 2611 407 2642 addi
422 2613 576 2643 convenit
589 2613 651 2643 hoc
665 2613 791 2654 epithe-

135 2696 154 2723 3
191 2693 527 2736 pronunciationem]
560 2697 792 2728 Accusativum

94 2745 153 2775 pro
167 2735 267 2767 ablat.
283 2738 410 2777 reposui
425 2750 442 2768 e
455 2739 544 2769 libris
559 2749 619 2769 scr.
637 2750 688 2780 ap.
704 2739 788 2771 Oud.

82 2781 129 2808 -et
144 2779 274 2815 nostris,
289 2779 360 2810 edd.
380 2781 620 2814 1474.-Mediol.
636 2792 684 2822 pr.
702 2782 790 2821 quod

95 2819 244 2859 inprimis
252 2821 386 2852 verbum
402 2824 621 2854 vehementius
638 2825 787 2864 requirit,

92 2861 182 2902 quod
207 2862 248 2894 ad
273 2865 581 2903 pronunciationem
609 2867 789 2898 necessario

832 2444 985 2475 refertur.

874 2490 896 2518 4
910 2486 984 2526 Ipse
997 2497 1104 2518 secum
1116 2488 1162 2517 sic
1177 2487 1348 2528 loquetur]
1376 2488 1433 2520 Sic·
1445 2488 1530 2520 edidi

833 2539 851 2559 e
863 2535 1021 2569 perpetua
1035 2529 1270 2560 consuetudine
1284 2530 1481 2562 Latinorum
1496 2532 1531 2562 in

833 2571 894 2601 hac
908 2571 1024 2610 figura.
1062 2572 1152 2602 Vidit
1165 2572 1360 2610 Lambinus,
1373 2574 1427 2613 qui
1442 2573 1532 2605 addi-

835 2613 884 2644 dit
898 2615 955 2644 z'ta.
1001 2613 1088 2644 Illud
1101 2615 1267 2653 usitatim,
1282 2620 1317 2645 et
1329 2616 1458 2646 facilius
1477 2626 1532 2647 ex-

836 2655 941 2685 cidere
956 2657 1077 2696 potuit.
1123 2657 1188 2686 Pro
1206 2659 1351 2696 loquitur
1369 2659 1471 2688 etiam
1486 2659 1531 2688 lo-

835 2702 953 2737 quetur
965 2698 1014 2728 ed.
1027 2697 1161 2729 Mediol.
1173 2708 1236 2729 sec.
1249 2700 1271 2730 J
1273 2706 1346 2730 unt.
1355 2699 1441 2740 quod
1452 2709 1531 2730 sane

835 2744 970 2780 propter
984 2742 1116 2779 putabit
1130 2743 1347 2772 necessarium
1361 2747 1421 2773 est.
1465 2742 1530 2772 Lo-

831 2783 944 2822 quitur
958 2782 1118 2813 desiderat
1134 2788 1235 2823 putac
1255 2785 1306 2815 vel
1315 2790 1421 2824 putet.
1463 2784 1531 2814 De-

831 2825 918 2865 cepit
934 2824 1082 2864 librarios
1091 2825 1142 2856 vel
1154 2831 1366 2864 correctores,
1381 2825 1467 2866 quod
1480 2827 1531 2857 in-

831 2866 882 2898 fra
893 2872 943 2898 est
958 2867 1110 2907 loquitur.

1583 2646 1596 2661 ἱ
