1945 3235
674 83 862 125 LIBER
898 84 1175 124 TERTIUS.
1567 90 1647 147 39?

193 186 349 234 harum
380 190 538 237 artium
570 190 873 242 maximarum,
906 189 997 232 dies
1034 197 1078 231 et
1114 195 1265 230 noctes
1303 189 1444 233 virum
1477 206 1647 237 summa

195 246 357 296 virtute
390 259 434 290 et
467 249 695 306 prudentia
726 248 994 298 videbamus,
1030 245 1292 302 philosopho
1332 262 1431 289 cum
1469 265 1646 306 operam

194 304 329 357 daret,
357 306 414 354 Q.
437 306 726 348 Tuberonem.
784 304 846 346 At
866 305 960 361 ejus
991 303 1253 346 avunculum
1275 304 1351 345 vix
1383 305 1645 363 intelligeres

196 361 241 403 id
262 378 404 419 agere,
426 379 526 406 cum
547 372 695 420 ageret
714 364 876 414 tamen,
897 361 1169 403 Africanum.
1223 360 1314 403 Ista
1336 361 1559 405 discuntur
1581 365 1647 406 fa-

195 417 293 472 cile,
323 421 356 462 si
379 431 424 463 et
454 429 621 462 tantum
653 435 810 472 sumas,
833 429 1044 475 quantum
1066 434 1176 476 opus
1208 419 1278 470 sit,
1300 427 1345 460 et
1375 419 1548 473 habeas,
1570 423 1645 477 qui

196 477 353 520 docere
380 479 561 521 fideliter
590 479 741 534 possit,
763 488 806 518 et
837 478 946 519 scias
968 478 1100 518 ctiam
1132 477 1224 532 ipse
1254 477 1432 519 discere.
1494 477 1578 520 Sed
1611 479 1643 520 si
1657 482 1707 520 88

197 544 292 577 tota
321 537 411 577 vita
440 535 549 577 nihil
579 536 682 576 velis
715 535 831 577 aliud
862 550 1004 592 agere,
1035 535 1129 591 ipsa
1160 535 1361 575 tractatio
1384 543 1428 576 et
1459 536 1646 591 quaestio
1699 531 1702 535 ⁴

196 593 392 648 quotidie
422 597 461 628 77
474 608 529 634 ex
561 607 605 633 se
635 593 790 649 gignat
820 593 997 649 aliquid,
1021 593 1137 648 quod
1166 607 1266 633 cum
1296 592 1511 634 desidiosa
1532 594 1647 636 dele-

197 651 388 693 ctatione
410 651 610 707 vestiges,
634 651 695 692 ita
717 651 780 702 fit,
803 661 852 692 ut
872 651 1112 707 agitatione
1138 664 1280 691 rerum
1303 650 1359 691 sit
1381 651 1552 692 infinita
1572 666 1647 693 co-

199 708 354 764 gnitio,
386 708 523 750 facilis
561 723 662 750 usus
700 709 943 752 doctrinam
976 708 1220 759 confirmet,
1253 708 1483 749 mediocris
1516 723 1649 765 opera

200 765 427 818 tribuatur,
458 768 667 808 memoria
697 767 973 822 studiumque
1011 773 1275 822 permaneat.
1338 766 1466 807 Libet
1503 778 1649 809 autem

199 837 368 880 semper
402 824 591 877 discere3
623 833 672 866 ut
705 824 739 865 si
771 824 900 866 velim
934 839 1018 881 ego
1049 823 1145 865 talis
1180 823 1346 880 optime
1381 823 1541 877 ludere,
1574 834 1652 866 aut

198 880 299 937 pilae
331 882 474 924 studio
507 891 666 934 tenear,
697 882 830 923 etiam
860 883 1056 933 fortasse,
1087 881 1122 922 si
1153 881 1319 937 assequi
1350 896 1438 923 non
1472 883 1649 938 possim.

198 946 244 980 at
265 939 352 991 alii,
374 940 476 997 quia
497 941 702 997 praeclare
728 940 909 992 faciunt,
933 939 1244 990 vehementius,
1267 954 1395 995 quam
1421 954 1550 982 causa
1571 955 1650 997 po-

200 996 346 1049 stulat,
367 999 649 1050 delectantur,
672 1006 721 1039 ut
741 997 882 1040 Titius
905 998 1007 1054 pila,
1031 997 1179 1038 Brulla
1201 996 1311 1041 talis.
1374 997 1520 1045 Quare
1541 999 1711 1054 nihilso,

198 1063 278 1106 est,
298 1056 413 1111 quod
432 1057 661 1113 quisquam
682 1056 1029 1113 magnitudinem
1050 1055 1206 1096 artium
1225 1069 1279 1095 ex
1302 1070 1367 1107 eo,
1391 1056 1506 1111 quod
1530 1070 1650 1098 senes

199 1112 388 1166 discunt,
421 1115 711 1171 pertimescat.
773 1114 974 1169 Namque
1007 1122 1082 1154 aut
1118 1127 1238 1153 senes
1272 1113 1324 1154 ad
1359 1128 1428 1154 eas
1461 1129 1653 1156 accesse-

199 1180 326 1224 runt3
358 1182 433 1213 aut
463 1186 598 1229 usque
627 1172 681 1214 ad
712 1180 980 1214 senectutem
1012 1171 1056 1211 in
1090 1170 1242 1211 studiis
1273 1170 1546 1223 detinentur3
1578 1182 1655 1214 aut

201 1238 303 1271 sunt
324 1231 571 1272 tardissimi.
611 1229 697 1272 Res
719 1230 893 1286 quidem
918 1244 961 1271 se
983 1243 1078 1270 mea
1100 1228 1314 1269 sententia
1337 1229 1398 1270 sic
1421 1229 1566 1281 habet,
1589 1241 1652 1282 ut,

199 1286 282 1328 nisi
314 1289 431 1343 quod
463 1289 645 1345 quisque
673 1288 763 1330 cito
796 1288 1001 1345 potuerit,
1037 1301 1272 1342 numquam
1306 1286 1485 1328 omnino
1516 1289 1653 1343 possit

199 1346 456 1402 perdiscere.
515 1345 631 1398 Jam,
663 1346 774 1402 jam,
816 1346 958 1402 inquit
997 1344 1193 1396 Catulus,
1230 1344 1442 1401 intelligo,
1482 1344 1650 1398 Crasse,
1665 1337 1737 1387 24⁴

199 1403 304 1459 quid
324 1403 468 1446 dicas:
499 1413 544 1445 et
573 1403 745 1446 hercule
775 1404 1001 1445 assentior.
1061 1403 1176 1444 Satis
1207 1403 1333 1444 video
1357 1403 1452 1455 tibi,
1484 1403 1650 1446 homini
1664 1411 1717 1445 90

200 1460 254 1501 ad
285 1462 617 1517 perdiscendum
647 1461 872 1513 acerrimo,
903 1462 958 1503 ad
985 1476 1036 1502 ea
1057 1461 1375 1517 cognoscenda,
1398 1476 1496 1517 quae
1528 1462 1652 1513 dicis,

201 1517 333 1560 fuisse
357 1520 579 1577 temporis.
645 1519 867 1576 Pergisne,
891 1519 1032 1575 inquit
1050 1518 1245 1570 Crassus,
1266 1533 1350 1570 me,
1373 1533 1471 1574 quae
1494 1519 1654 1571 dicam,

201 1576 255 1624 de
275 1592 360 1629 me,
381 1593 469 1620 non
490 1578 543 1619 (le
565 1592 610 1619 re
641 1587 793 1634 putare
814 1577 984 1620 dicere?
1017 1576 1101 1617 Sed
1124 1576 1235 1633 jam,
1259 1576 1293 1617 si
1326 1575 1481 1633 placet,
1504 1578 1558 1619 ad
1588 1578 1655 1619 in-

201 1634 355 1677 stituta
376 1636 614 1677 redeamus.
674 1635 792 1676 Mihi
816 1650 931 1687 vero,
955 1634 1136 1676 Catulus
1159 1634 1315 1690 inquit,
1337 1634 1493 1691 placet.

259 1692 370 1734 Tum
397 1693 592 1744 Crassus,
625 1694 845 1740 Quorsum
878 1693 1012 1750 igitur
1044 1692 1140 1734 haec
1173 1701 1355 1749 spectat,
1387 1692 1542 1749 inquit,
1567 1700 1652 1735 tam
1666 1698 1714 1734 91

203 1749 350 1808 longa,
364 1761 408 1793 et
429 1762 516 1794 tam
540 1752 625 1793 alte
644 1752 827 1808 repetita
845 1751 1013 1794 oratio?
1042 1750 1112 1792 hae
1134 1750 1232 1792 duae
1256 1760 1524 1807 parteS,quae
1548 1750 1657 1792 mihi

206 1820 450 1865 supersunt,
481 1809 745 1851 illustrandae
782 1809 1006 1860 orationis,
1039 1824 1090 1850 ac
1123 1808 1256 1849 totius
1290 1808 1550 1864 eloquentiae
1583 1823 1661 1850 cu·

204 1867 436 1920 mulandae,
468 1883 648 1923 quarum
680 1868 812 1908 altera
843 1867 930 1908 dici
960 1866 1152 1923 postulat
1182 1875 1348 1917 ornate,
1378 1866 1512 1907 altera
1543 1876 1660 1922 apte,

206 1924 318 1966 hanc
340 1925 504 1968 habent
528 1926 628 1977 vim,
651 1935 700 1967 ut
731 1926 785 1966 sit
806 1939 936 1981 quam
958 1925 1150 1965 maxime
1173 1924 1385 1979 jucunda,
1407 1939 1538 1980 quam
1568 1939 1661 1965 ma·-

206 1982 325 2024 xime
355 1983 400 2024 in
432 1998 578 2025 sensus
609 1998 773 2035 eorum,
801 1983 876 2038 qui
907 1982 1104 2032 audiunt,
1128 1982 1297 2033 influat,
1319 1991 1363 2023 et
1393 1980 1660 2038 quampluri-

206 2040 290 2081 mis
313 2041 368 2082 sit
390 2042 515 2083 rebus
539 2042 763 2083 instructa.
826 2039 1169 2082 Instrumentum
1201 2050 1346 2082 autem
1367 2039 1451 2081 hoc
1474 2039 1658 2092 forense,
1671 2055 1723 2090 92

205 2097 462 2154 litigiosum,
493 2114 605 2151 acre,
643 2108 829 2141 tractum
864 2113 919 2139 ex
956 2098 1075 2154 vulgi
1112 2097 1408 2155 opinionibuS,
1447 2098 1659 2154 exiguum

208 2170 309 2197 sane
331 2167 461 2213 atque
482 2157 730 2199 mendicum
751 2166 830 2198 est.
863 2156 966 2197 illud
989 2171 1132 2197 rursus
1165 2155 1322 2212 ipsum,
1344 2156 1462 2211 quod
1485 2155 1662 2197 tradunt

208 2212 294 2264 isti,
318 2215 392 2270 qui
416 2216 675 2271 profitentur
697 2230 740 2256 se
761 2214 934 2256 dicendi
959 2214 1205 2270 magistros,
1227 2217 1364 2255 78non
1388 2212 1573 2254 multum
1595 2223 1662 2255 est

206 2273 363 2328 majrw,
395 2288 525 2328 quam
566 2273 672 2314 illud
714 2273 890 2330 vulgare
931 2287 980 2313 ac
1022 2272 1206 2312 forense.
1265 2272 1492 2328 Apparatu
1533 2271 1706 2315 nobisb.

209 2343 318 2386 opus
341 2340 419 2382 est,
442 2341 486 2372 et
515 2332 642 2372 rebus
666 2330 895 2386 exquisitis
926 2329 1118 2385 undique
1139 2338 1183 2370 et
1204 2330 1411 2381 collectis,
1433 2329 1665 2381 arcessitis,

210 2389 510 2446 comportatiS,
533 2398 581 2430 ut
603 2389 699 2439 tibi,
723 2389 885 2439 Caesar,
907 2386 1154 2428 faciendum
1176 2396 1242 2428 est
1269 2391 1310 2421 79
1323 2387 1376 2428 ad
1399 2401 1582 2439 annum3
1617 2397 1668 2428 ut

211 2459 294 2503 ego
327 2447 371 2488 in
409 2447 616 2489 aedilitate
648 2446 856 2498 laboravi,
886 2446 1003 2500 quod
1036 2445 1316 2501 quotidianiS,
1350 2453 1394 2486 et
1426 2444 1668 2487 vernaculis

254 2610 293 2642 77
316 2618 357 2638 ex
370 2618 403 2638 se
414 2609 538 2646 gignat
560 2606 701 2647 aliquid]
728 2605 849 2646 Scripsi
862 2605 916 2644 gi·
959 2608 1042 2635 vett.
1055 2613 1229 2635 consensu.

210 2655 309 2690 fimat,
331 2661 390 2691 pro
413 2651 547 2690 vulgato
560 2651 687 2688 gignit,
705 2649 793 2688 quod
806 2649 917 2678 locum
1002 2651 1043 2682 79
1066 2648 1113 2678 ad
1132 2646 1276 2687 annum]
1301 2647 1449 2687 Respicit
1462 2647 1504 2677 ad
1526 2645 1666 2677 aedilita.

214 2694 248 2724 h.
265 2693 289 2724 l.
314 2693 406 2723 nullo
429 2693 527 2724 modo
549 2692 670 2723 habere
693 2697 817 2733 potest,
841 2700 918 2720 eum
960 2694 1044 2727 tem,
1060 2690 1152 2730 cujus
1176 2700 1282 2720 annus
1296 2701 1314 2720 e
1331 2690 1403 2730 lege
1426 2689 1541 2720 annali
1562 2689 1666 2720 insta-

212 2737 335 2775 gignac
356 2736 480 2775 optime
500 2735 688 2765 conveniat.
732 2735 766 2764 Si
782 2734 853 2772 quis
868 2739 919 2763 ta·
961 2732 1037 2763 bat:
1062 2732 1104 2764 ad
1126 2733 1218 2772 cujus
1232 2732 1326 2764 ludos
1341 2737 1377 2764 et
1398 2742 1548 2768 munera,
1563 2736 1603 2761 ut
1615 2741 1667 2762 sa-

213 2789 292 2809 men
326 2777 422 2808 malit
454 2779 583 2817 gignet,
619 2787 688 2808 non
722 2785 917 2817 repugnem.
961 2775 1102 2806 tisfieret
1117 2776 1254 2816 populo,
1270 2777 1373 2806 etiam
1391 2775 1448 2805 diu
1468 2779 1546 2805 ante
1569 2778 1668 2805 erant

216 2821 303 2852 Nam
317 2826 351 2851 et
368 2821 430 2851 hoc
446 2826 572 2851 rectum
587 2825 649 2850 est.
962 2818 1177 2859 providenda,
1200 2828 1274 2857 quae
1295 2822 1455 2850 ornarent
1470 2822 1505 2849 et
1520 2815 1668 2849 illustra-

257 2867 296 2897 Te
320 2873 384 2894 non
407 2865 550 2895 mustum
564 2873 591 2894 e.
612 2861 738 2904 mqjus]
769 2862 822 2893 Sic
844 2859 916 2893 edd.
963 2866 1041 2894 rent
1056 2861 1115 2893 illa
1130 2870 1281 2894 munera.
