1945 3235
335 158 413 199 278
853 157 935 196 DE
969 157 1169 197 ORATO
1179 157 1255 197 RE

337 273 424 300 non
448 273 610 316 pugno,
632 267 774 303 utrum
807 261 863 302 sit
891 261 1056 313 melius,
1085 271 1160 303 aut
1188 262 1350 303 verius:
1384 269 1549 303 tantum
1581 261 1693 313 dico,
1722 267 1768 303 et

337 315 452 358 aliud
475 317 575 360 illud
598 332 703 370 esse,
733 328 861 375 atquc
891 319 988 371 hoc,
1019 329 1061 360 et
1095 319 1177 361 boc
1209 319 1299 360 siue
1330 318 1400 360 illo
1434 332 1646 360 summum
1677 333 1768 361 esse

338 387 478 428 posse.

255 426 326 476 55
398 430 508 472 Nam
532 431 736 488 quodjus
766 432 905 483 civile,
929 432 1096 482 Crasse,
1127 442 1212 473 tam
1246 431 1518 472 vehementer
1546 431 1768 488 amplexus

249 499 327 534 234
339 500 403 539 es;
435 488 574 538 video,
594 490 696 544 quid
727 491 879 545 egeris.
905 500 1010 539 tum,
1038 504 1167 545 quuin
1192 489 1378 538 dicebas,
1402 489 1613 530 videbam.
1675 489 1770 530 Pri-

336 558 455 586 mum
478 549 512 579 71
532 546 737 588 Scaevolae
763 558 802 587 te
823 547 993 595 dedisti,
1015 561 1140 601 quein
1164 560 1310 587 omnes
1333 560 1472 589 amare
1495 546 1768 592 meritissimo

337 616 415 657 pro
437 603 528 656 ejus
549 603 708 644 eximia
731 604 940 644 suavitate
962 603 1189 645 debemus:
1221 603 1344 657 cujus
1366 614 1498 644 artem
1521 605 1562 637 72
1574 617 1672 644 cum
1704 602 1769 643 in-

336 659 526 700 dotatam
559 675 650 701 esse
680 671 722 700 et
756 660 988 700 iuemmam
1012 660 1189 710 videres,
1213 661 1437 701 verborum
1461 675 1552 701 eam
1576 661 1677 702 dote
1706 658 1768 701 lo-

336 716 562 771 cupletasti
584 727 625 757 et
650 718 825 758 ornasti.
890 717 1055 758 Deinde
1076 717 1223 772 quod
1215 732 1255 758 ιιι
1279 731 1328 758 ca
1350 727 1393 756 tu
1423 718 1514 773 plus
1537 731 1680 773 operae
1708 716 1769 758 la-

339 773 538 827 borisque
570 788 816 815 consumsei
819 789 878 824 qs,
908 788 1005 814 cum
1037 773 1129 828 ejus
1162 774 1292 814 studii
1322 775 1400 815 tibi
1429 783 1472 815 et
1501 774 1579 816 1101
1584 784 1696 816 tator
1725 781 1771 814 et

338 831 541 885 magister
572 840 682 871 esset
715 831 847 880 domi,
872 831 1028 872 veritus
1057 845 1116 879 es,
1149 830 1227 870 nisi
1261 831 1383 871 istam
1414 841 1546 872 artem
1575 846 1632 873 or
1625 842 1769 872 tuone

249 894 323 928 235
338 901 656 942 exaggerasses,
678 902 730 928 ne
751 902 924 943 opeiam
952 884 1217 943 perdidisses.
1278 887 1360 928 Sed
1382 902 1464 943 ego
1487 902 1539 930 ne
1559 903 1657 929 cum
1688 888 1771 929 ista

335 943 508 998 quidem
532 959 576 984 ιι
582 954 621 985 te
644 958 804 999 pugno.
867 945 933 985 Sit
955 957 1054 984 sane
1086 953 1218 994 tanta,
1240 954 1443 999 quantam
1468 954 1510 985 tu
1543 945 1656 986 illam
1678 959 1770 986 esse

337 1002 415 1041 vis.
476 1000 646 1046 Etenim
678 1002 768 1042 sine
790 1001 1082 1043 controversia
1101 1010 1144 1041 ct
1173 1015 1330 1057 magna
1351 1011 1429 1052 est,
1451 1011 1495 1042 et
1522 1000 1606 1042 late
1635 1011 1769 1057 patet,

334 1066 378 1099 et
408 1058 459 1101 ad
487 1058 642 1101 multos
675 1059 874 1114 pertinet,
899 1067 941 1098 et
967 1072 1135 1099 summo
1157 1057 1199 1098 in
1228 1035 1390 1099 honoJe
1421 1072 1588 1115 semper
1610 1057 1707 1109 fuit,
1727 1067 1771 1099 et

334 1115 557 1158 clarissimi
580 1131 648 1157 cix
652 1129 695 1156 65
718 1116 755 1156 ei
782 1116 924 1157 studio
947 1115 1126 1155 vssetiam
1158 1114 1285 1157 hodie
1317 1125 1530 1171 praesunt:
1562 1115 1635 1157 sed
1657 1090 1770 1166 vi'de,

337 1172 504 1223 013556,
527 1187 602 1236 ne,
616 1173 719 1214 dum
743 1188 855 1214 nmo
878 1182 920 1214 et
944 1172 1083 1213 alieno
1105 1182 1257 1214 omatu
1279 1172 1384 1214 velis
1404 1187 1554 1214 ornare
1576 1172 1687 1228 juris
1708 1172 1774 1214 ci—·

337 1229 431 1273 vilis
454 1230 692 1281 scientiam,
716 1244 792 1271 suo
813 1243 983 1285 quoque
1005 1243 1114 1280 eam,
1136 1244 1339 1271 concesso
1360 1238 1405 1270 et
1435 1230 1591 1271 tradito
1614 1229 1770 1286 spolies

246 1294 325 1329 236
338 1296 466 1341 atque
487 1286 690 1328 denudes.
724 1287 852 1337 Nam,
872 1301 905 1328 5ι
929 1287 989 1327 ita
1008 1287 1184 1351 diceres,
1203 1287 1275 1342 qui
1291 1287 1624 1342 jurisconsultus
1645 1297 1770 1338 esset,

339 1347 482 1384 746556
511 1358 607 1385 cum
633 1354 860 1395 or·at01em,
891 1343 1080 1398 itemque
1109 1344 1179 1398 qui
1211 1353 1322 1385 esset
1341 1353 1499 1395 orator,
1525 1344 1637 1400 juris
1667 1358 1772 1386 eun-

295 1416 326 1446 b
339 1400 435 1442 dem
457 1415 548 1442 esse
568 1401 837 1443 consultum:
870 1400 1094 1464 praeclaras
1114 1401 1219 1442 duas
1248 1411 1358 1442 artes
1387 1402 1684 1452 constitueres,
1705 1410 1771 1442 at-

337 1472 422 1513 que
444 1458 553 1499 inter
577 1473 621 1499 se
651 1472 787 1522 pares,
808 1468 851 1499 et
872 1457 1063 1513 ejusdem
1091 1458 1227 1500 socias
1249 1458 1487 1514 dignitatis.
1519 1473 1632 1500 nune
1655 1472 1770 1510 vero,

329 1515 687 1569 jurisconsultum
711 1530 800 1556 5ιιι6
826 1515 905 1556 hac
927 1515 1184 1570 eloquentia,
1206 1516 1259 1558 de
1288 1530 1373 1570 qua
1393 1516 1640 1570 quaerimus,
1663 1514 1771 1558 fate-

335 1572 392 1613 ris
424 1586 514 1613 esse
555 1587 692 1628 posse,
725 1572 941 1627 fuisseque
980 1572 1210 1628 plurimos3
1256 1581 1466 1613 oratorem
1501 1586 1654 1636 negas,
1686 1572 1769 1613 nisi

336 1629 450 1669 illam
478 1629 699 1670 scientiam
728 1630 988 1679 assumseiit,
1009 1643 1099 1670 esse
1129 1643 1267 1685 posse.
1299 1629 1414 1670 75ita
1441 1638 1505 1670 est
1535 1630 1613 1670 tibi
1635 1629 1769 1685 Juris-

335 1685 586 1728 consultus
578 1701 668 1743 ipse
697 1701 770 1742 pei
800 1701 843 1728 se
875 1686 994 1737 nihil,
1019 1686 1097 1727 nisi
1129 1686 1334 1742 leguleius
1357 1686 1530 1742 quidam
1553 1697 1704 1728 cautus
1725 1695 1770 1728 et

334 1753 500 1794 acutus,
532 1758 675 1804 praeco
704 1744 938 1794 actionum,
961 1755 1111 1784 cantor
1137 1744 1430 1794 for·mula1um,
1460 1758 1616 1799 auceps
1645 1743 1770 1800 sylla-

336 1800 512 1842 barum:
546 1808 617 1842 sed
639 1801 739 1855 quia
756 1815 875 1865 saepe
898 1801 1032 1842 utitur
1050 1810 1193 1842 orator
1215 1800 1440 1842 subsidio
1422 1815 1534 1856 Juris
1556 1801 1597 1842 in
1617 1801 1771 1852 causis,

337 1857 496 1899 idcirco
528 1858 652 1898 istam
677 1873 788 1913 Juris
818 1858 1039 1900 scientiam
1070 1858 1326 1913 eloquentiae.
1357 1868 1558 1913 tanquam
1592 1858 1770 1900 ancillu-

336 1914 416 1956 lam
440 1915 822 1970 pedissequamque
839 1914 1091 1970 adjunxisti.

255 1968 324 2023 56
396 1972 524 2019 Quod
547 1987 644 2013 v·e10
664 1973 974 2035 impudentiam
997 1972 1229 2012 admiratus
1248 1986 1291 2013 es
1310 1986 1455 2013 eornm
1476 1980 1770 2027 patronorum,

251 2030 411 2086 237qui
443 2039 530 2079 aut,
554 2044 651 2070 cum
685 2044 815 2085 parva
836 2029 1061 2078 nescirent,
1087 2043 1244 2085 magna
1274 2029 1589 2084 profiterentur,
1611 2038 1686 2069 aut
1705 2043 1770 2079 ea,

338 2101 434 2141 quae
458 2087 647 2127 maxima
668 2096 808 2127 essent
831 2086 871 2127 in
894 2086 994 2141 jure
1016 2085 1147 2136 cixili,
1172 2096 1351 2127 tractare
1381 2085 1615 2127 auderent
1605 2100 1650 2127 in
1671 2100 1771 2127 cau-

377 2219 414 2249 71
442 2215 590 2246 Sem-ola»
601 2220 632 2246 te
645 2216 786 2255 dedisti]
826 2217 877 2246 Sic
890 2226 948 2255 pro
961 2214 1031 2245 ml·
1075 2215 1152 2245 Mss.
1170 2216 1289 2255 reperit
1311 2215 1426 2247 Lamb.
1442 2226 1501 2246 nee
1523 2215 1682 2256 displicet.
1717 2215 1769 2246 Sic

336 2263 414 2295 gato
427 2258 577 2288 dedidistz'
591 2258 760 2288 edidimus,
798 2258 882 2288 Nam
898 2258 942 2287 sic
958 2257 1029 2288 edd.
1075 2258 1107 2287 in
1124 2257 1211 2297 Lips.

336 2301 448 2340 primae
465 2306 542 2330 ante·
562 2300 635 2330 Ald.
649 2306 681 2331 et
698 2300 760 2330 Ms.
775 2300 842 2330 Erl.
887 2300 983 2331 Dare
999 2310 1031 2330 se
1115 2302 1155 2333 74
1178 2310 1241 2330 esse
1255 2310 1327 2330 eum
1344 2299 1403 2338 or.]
1422 2299 1558 2330 Videtur
1573 2303 1606 2330 et
1623 2299 1678 2330 hic
1691 2308 1770 2330 eun-

335 2343 435 2372 olieui
450 2342 529 2372 dicit
543 2343 668 2378 cicero,
680 2342 851 2382 prodicere
865 2352 902 2372 ae
913 2343 1029 2379 fat-ere,
1073 2341 1142 2371 dem
1165 2341 1338 2380 legendnm
1358 2352 1439 2378 6556,
1463 2347 1520 2372 aut
1542 2343 1678 2378 inverse,
1693 2350 1769 2372 eum

334 2394 406 2423 quae
419 2385 513 2415 alteri
526 2385 592 2416 sint
602 2390 707 2423 grata,
721 2389 758 2414 ut
770 2385 850 2414 dure
861 2386 1030 2425 sepopulo,
1073 2393 1138 2414 esse
1159 2394 1204 2413 or.
1231 2384 1290 2414 nisi
1315 2384 1408 2414 malis
1427 2394 1500 2414 cum
1523 2383 1585 2414 Ms.
1605 2383 1644 2414 E.
1658 2387 1690 2413 et
1707 2393 1772 2414 esse

336 2436 401 2456 non
417 2427 540 2457 dedere.
559 2437 588 2457 v.
606 2426 695 2459 Clav.
711 2427 744 2456 in
761 2427 850 2456 dure.
1073 2436 1147 2456 eum
1157 2436 1202 2456 or.
1217 2431 1254 2456 ut
1269 2430 1300 2456 et
1318 2425 1415 2456 habet
1428 2426 1478 2456 ed.
1493 2425 1580 2466 Lips.
1603 2424 1664 2456 Sed
1679 2434 1768 2462 mox,

377 2471 416 2501 72
433 2479 506 2498 cum
522 2470 701 2498 indotatam
717 2473 747 2498 et
762 2467 964 2507 incomtam]
991 2468 1029 2498 In
1072 2474 1145 2508 post
1173 2479 1237 2498 esse
1263 2470 1456 2504 consultum,
1486 2469 1606 2498 excidit
1636 2467 1747 2497 debere
1760 2479 1770 2496 .·

334 2510 474 2549 vulgatis
490 2511 618 2542 additur
632 2515 662 2541 el
677 2512 918 2543 iucomilatnm;
944 2510 1028 2548 quod
1071 2510 1156 2549 quod
1177 2515 1211 2540 et
1234 2520 1282 2541 res
1304 2514 1337 2540 et
1360 2510 1522 2541 sententia
1545 2514 1579 2540 et
1601 2509 1771 2547 sequentia

332 2553 440 2592 primo
467 2561 508 2583 ex
545 2554 720 2583 incommm
751 2553 887 2590 factum,
917 2552 1033 2583 deinde
1075 2552 1245 2591 flagitant:
1269 2551 1411 2592 ejusdem
1429 2553 1528 2582 socius
1543 2552 1725 2590 diguitatis.

335 2604 409 2624 cuni
425 2604 463 2623 eo
479 2595 511 2624 in
529 2600 621 2625 textu
636 2596 849 2632 conjunctum
866 2600 926 2625 est.
952 2595 1032 2633 Ejus
1117 2598 1156 2628 75
1177 2595 1224 2624 ita
1237 2599 1283 2625 est
1298 2594 1380 2634 titan]
1398 2594 1448 2625 Sic
1463 2595 1660 2624 correximus
1673 2594 1722 2624 ita
1737 2597 1768 2624 et

336 2637 462 2673 generis
490 2637 583 2676 plura
609 2637 758 2676 exempla
785 2647 805 2666 a
829 2637 903 2667 viris
928 2636 1032 2668 doctis
1074 2637 1143 2672 tibi,
1171 2637 1255 2676 quod
1290 2636 1476 2677 planissime
1509 2636 1664 2666 vitiosum
1694 2640 1767 2674 est3

336 2684 452 2709 notata
467 2686 555 2709 suut.
599 2679 700 2709 Recte
714 2680 785 2717 ‚jam
802 2678 921 2710 delevit
938 2679 1031 2715 Pear-
1075 2688 1150 2708 nam
1186 2678 1274 2709 aliud
1301 2683 1331 2709 et
1358 2679 1446 2718 sequi
1475 2677 1619 2715 deberet,
1646 2681 1705 2708 aut
1733 2678 1768 2709 in

334 2721 522 2759 cius,quem
539 2720 618 2751 vide.
1071 2720 1288 2760 superioribus
1321 2720 1361 2751 de
1396 2721 1506 2759 aliquo
1534 2720 1658 2750 dictum
1685 2729 1767 2756 esse,

375 2766 415 2796 73
440 2762 566 2802 etiam]
593 2761 675 2794 Edd.
703 2762 756 2792 W.
779 2771 804 2792 s.
827 2762 849 2793 l.
873 2767 907 2792 et
928 2771 957 2792 a.
979 2762 1026 2792 M.
1071 2763 1125 2801 qui
1150 2763 1196 2794 ita
1210 2764 1372 2794 sensisset.
1397 2768 1431 2793 at
1455 2766 1608 2792 neutrum
1623 2766 1684 2792 est.
1728 2761 1768 2793 In

333 2803 455 2836 habent
479 2810 521 2842 et,
545 2810 582 2836 ut
609 2805 672 2835 Ms.
701 2804 740 2834 E.
775 2804 839 2835 Sed
864 2804 1028 2834 Victorius
1070 2808 1167 2836 tanta
1194 2805 1359 2837 evidentia
1386 2804 1469 2837 nihil
1494 2804 1642 2838 dubitavi
1667 2803 1768 2838 corri-

330 2847 450 2877 edidit:
473 2848 501 2878 ei
514 2848 619 2877 ,viudin
632 2851 662 2877 et
676 2855 800 2885 semper
807 2845 1027 2886 proeszaerunt,
1071 2856 1157 2887 gere.

328 2893 360 2919 et
386 2890 488 2927 etiam
515 2890 606 2920 hodie
626 2893 794 2930 prem-une,-
819 2888 905 2930 quod
931 2894 965 2920 et
993 2889 1027 2919 in
