1914 3220
286 139 319 178 2
738 140 819 179 AD
852 139 1238 181 IIERENNIUM

286 238 425 283 multa
456 241 586 285 scisse
617 244 881 298 viderentur,
911 260 962 288 ea
993 246 1336 302 conquisierunt,
1367 261 1465 302 quae
1498 245 1640 288 ⁷nihil
1677 255 1743 289 at-

285 299 500 350 tinebant,
524 311 570 342 ut
593 316 659 342 ars
682 304 901 345 difficilior
922 304 1104 358 cognitu
1127 313 1376 360 putaretur:
1408 318 1488 345 nos
1509 313 1654 345 autem
1676 319 1743 357 ea,

285 370 386 411 quae
424 358 681 401 videbantur
711 361 763 402 ad
799 361 1010 402 rationein
1032 361 1205 402 dicendi
1241 362 1470 418 pertinere,
1494 362 1741 412 sumsimus,

285 427 373 454 non
405 416 520 456 enim
564 432 639 473 spe
673 428 879 473 qnae-stus,
913 427 989 459 aut
1021 417 1159 474 gloria
1196 418 1416 460 commodi
1452 419 1648 460 venimus
1686 419 1743 460 ad

287 472 579 525 scribendum,
607 475 974 530 quemadmodum
995 476 1153 528 ceteri3
1185 476 1258 517 sed
1278 486 1325 517 ut
1348 475 1562 517 industria
1592 483 1742 518 nostra.

286 536 374 570 tuae
410 545 573 572 morem
614 546 813 587 gemmus
841 532 1070 574 voluntati.
1131 533 1277 585 Nunc,
1311 548 1364 574 ne
1388 533 1572 575 nimium
1607 532 1741 589 longa¹

285 597 482 629 sumatur
503 589 657 638 oratio,
685 589 769 630 8de
800 603 845 630 re
867 590 1009 631 dicere
1032 590 1317 648 incipiemus3
1349 590 1382 631 si
1408 599 1450 631 te
1473 604 1608 632 unum
1632 589 1740 632 illud

283 646 595 695 monuerimus,
629 654 766 689 artem
804 647 896 688 sine
929 647 1182 689 assiduitate
1217 648 1390 689 dicendi
1425 662 1513 689 non
1551 647 1740 691 multum

276 700 456 756 juvare:
491 711 538 743 ut
561 703 791 761 intelligas,
813 703 927 746 hanc
949 705 1162 747 rationem
1192 706 1500 764 praeceptionis
1535 705 1590 746 ad
1611 718 1738 747 exer-0

226 811 228 815 ι
285 759 540 801 citationem
562 762 883 803 accommodari
907 777 932 804 0
967 772 1121 805 ortere.

236 812 270 861 2
344 816 540 858 Oratoris
583 818 779 860 officium
815 829 895 871 est,
959 835 982 861 e
1020 820 1087 861 his
1126 821 1253 862 rebus
1282 835 1409 877 posse
1447 820 1605 872 dicere,
1635 828 1736 876 qu'ae

246 884 349 920 gres
373 874 424 915 ad
457 890 582 916 usum
610 876 792 918 >civilem
824 878 1019 920 moribus
1052 893 1102 920 ae
1136 878 1305 934 legibus
1337 878 1588 920 constitutae
1619 886 1738 929 sunt,

282 945 383 972 cum
416 933 663 974 assensione
695 935 957 986 auditorum,
991 935 1135 991 quoad
1156 938 1250 991 ejus
1273 936 1365 977 fieri
1397 935 1572 992 poterit.
1631 934 1737 982 Tria

281 998 383 1029 sunt
401 1003 559 1045 genera
581 1006 821 1043 causarum,
854 1007 952 1047 quae
976 993 1166 1048 recipere
1196 993 1326 1034 debet
1355 1001 1522 1045 orat0r3
1553 993 1737 1034 demon-2

279 1047 524 1098 strativum,
558 1048 905 1101 deliberativum,
929 1049 1154 1105 judiciale.
1216 1050 1622 1092 Demonstrativum
1652 1057 1735 1103 est,

278 1105 396 1158 quod
420 1105 625 1147 tribuitur
658 1106 700 1146 in
724 1107 907 1162 alicujus
941 1117 1057 1149 certe
1087 1121 1282 1163 personae
1306 1107 1492 1158 laudem,
1528 1108 1597 1149 vel
1619 1108 1734 1150 vitu-

275 1162 546 1217 perationem
568 1179 577 1205 :
610 1164 940 1206 deliberativum
963 1174 1042 1217 est,
1065 1165 1180 1221 quod
1205 1166 1249 1206 in
1271 1164 1591 1207 consultatione
1614 1166 1733 1222 posi-

276 1231 387 1270 tum,
411 1220 542 1261 habet
565 1221 606 1261 in
632 1236 676 1262 se
699 1222 942 1264 suasionem
972 1232 1018 1264 et
1048 1223 1385 1264 dissuasionem:
1413 1222 1625 1278 judiciale
1648 1231 1730 1275 est,

275 1277 394 1331 quod
428 1278 619 1333 positum
649 1279 692 1320 in
725 1280 1035 1332 controversia,
1074 1280 1241 1321 shabet
1283 1280 1624 1332 accusationem,
1654 1287 1735 1334 aut

274 1335 536 1390 petitionem
565 1352 665 1378 cum
699 1336 966 1380 defensione.
1027 1338 1173 1389 Nunc,
1195 1353 1301 1394 quas
1325 1352 1390 1379 res
1415 1346 1630 1379 oratorem
1653 1337 1732 1379 ha-

276 1391 380 1432 bere
406 1402 619 1449 oporteat,
651 1395 930 1437 docebimus:
974 1395 1144 1447 deinde,
1177 1411 1264 1451 quo
1297 1395 1428 1437 modo
1468 1395 1544 1436 has
1579 1410 1732 1437 causas

237 1451 263 1495 3
280 1451 452 1491 tractari
475 1452 722 1505 conveniat,
745 1453 1035 1495 ostendemus.
1089 1454 1278 1510 Oportet
1298 1454 1433 1510 igitur
1453 1467 1545 1494 esse
1567 1453 1610 1494 in
1634 1468 1731 1494 ora-

276 1515 370 1548 tore
400 1508 710 1560 inventionem,
749 1510 814 1551 dis
831 1511 1095 1562 ›ositionem,
1133 1511 1439 1562 elocutionem,
1474 1511 1730 1553 memoriam

272 1574 318 1604 et
336 1566 749 1621 pronuntiationem.
811 1526 1012 1610 inventio
1045 1578 1110 1610 est
1142 1569 1413 1625 excogitatio
1443 1583 1586 1610 rerum
1608 1583 1730 1610 vera-

270 1636 367 1663 rum
407 1633 481 1663 aut
519 1625 831 1677 verisimilium,
873 1641 971 1682 quae
1006 1641 1180 1669 causam
1222 1626 1491 1683 probabilem
1531 1626 1730 1674 reddant,

274 1678 519 1737 Dispositio
541 1692 605 1722 est
638 1684 744 1724 ordo
778 1694 821 1724 et
853 1684 1103 1726 distributio
1126 1698 1294 1737 rerum3
1324 1699 1422 1740 quae
1441 1684 1726 1735 demonstrat,

221 1736 255 1769 b.
273 1738 391 1793 quid,
405 1740 563 1794 quibus
577 1740 619 1781 in
634 1740 740 1782 locis
760 1741 815 1782 sit
828 1742 1144 1783 collocandum.
1177 1741 1378 1783 Elocutio
1392 1750 1458 1783 est
1470 1741 1727 1789 idoneorum

269 1796 502 1838 verborum
534 1805 578 1838 et
609 1800 922 1840 sententiarum
955 1800 1008 1841 ad
1036 1800 1332 1841 inventionem
1359 1799 1726 1845 accommodatio,

264 1850 491 1895 &lemelia
511 1865 578 1896 est
598 1855 723 1897 firma
755 1860 792 1888 10
812 1857 945 1899 animi
969 1872 1111 1901 rerum
1141 1867 1186 1898 et
1206 1858 1436 1898 verborum
1464 1866 1509 1898 et
1538 1856 1726 1914 disposia

267 1911 400 1952 tionis
439 1913 677 1969 perceptio.
751 1913 1058 1963 Pronuntiatio
1097 1924 1162 1956 est
1200 1915 1334 1966 vocis,
1379 1915 1536 1967 vultus,
1575 1923 1726 1971 gestus

266 1969 508 2011 moderatio
531 1986 632 2012 cum
655 1982 891 2015 venustate.
936 1972 1050 2014 Haec
1071 1973 1220 2015 omnia
1241 1973 1379 2014 tribus
1401 1974 1528 2014 rebus
1551 1972 1722 2028 assequi

266 2027 522 2082 poterimus,
553 2036 658 2080 arte,
689 2029 948 2082 imitatione,
986 2031 1315 2072 exercitatione.
1390 2029 1474 2071 Ars
1511 2038 1583 2072 est
1609 2045 1722 2086 prae-

264 2084 427 2140 ceptio,
449 2100 546 2141 quae
570 2086 644 2127 dat
666 2097 829 2128 certam
851 2089 967 2130 viam
989 2089 1287 2144 rationemque
1316 2087 1505 2130 dicendi.
1568 2086 1725 2130 Imita-⁸

265 2141 328 2182 tio
351 2152 430 2194 est,
454 2158 540 2199 qua
561 2143 822 2200 impellimur
852 2159 951 2187 cum
974 2146 1173 2202 diligenti
1198 2146 1378 2197 ratione,
1409 2155 1459 2187 ut
1476 2145 1720 2201 aliquorum

265 2198 424 2241 similes
457 2201 500 2242 in
520 2201 704 2243 dicendo
730 2206 764 2235 11
782 2202 962 2244 velimus
982 2217 1088 2245 esse.
1132 2202 1404 2245 Exercitatio
1435 2212 1502 2244 est
1523 2203 1720 2246 assiduus

263 2269 364 2297 usus
387 2259 743 2314 consuetudoque
765 2260 952 2302 dicendi.
1115 2258 1119 2263 ’
1467 2288 1469 2292 «

321 2314 544 2363 Quoniam
562 2317 697 2373 igitur
718 2317 1059 2360 demonstratum
1091 2325 1170 2371 est,
1196 2333 1302 2375 quas
1326 2333 1477 2360 causas
1502 2324 1720 2369 oratorem

298 2467 320 2497 7
338 2463 438 2495 Nihil
457 2465 668 2505 attinebant]
708 2465 770 2496 Ed.
799 2468 889 2500 1474.
923 2467 971 2498 ad
1011 2476 1080 2497 non
1104 2469 1154 2496 est
1174 2467 1395 2498 necessarium
1419 2467 1495 2499 addi
1519 2469 1556 2499 in
1575 2478 1625 2504 κ’,-
1648 2479 1718 2502 non

257 2515 330 2536 rem
348 2508 556 2539 attinebant:
579 2509 668 2548 quod
690 2518 769 2539 sane
793 2509 890 2539 facile
915 2519 967 2540 ar·
1009 2512 1124 2551 putavi
1139 2509 1373 2550 recipiendum.

259 2549 387 2579 rideat:
414 2547 479 2580 {sed
507 2551 586 2590 quia
609 2556 644 2581 et
669 2551 719 2582 ed.
748 2551 837 2582 Med.
865 2551 967 2583 habet
1056 2555 1093 2583 10
1106 2552 1246 2591 Animal]
1265 2552 1342 2582 Non
1360 2551 1468 2593 placet
1482 2552 1546 2584 hoc
1560 2553 1715 2586 verbum:

259 2592 308 2621 ad
326 2594 528 2632 propositum
564 2594 720 2632 attineat,
749 2594 964 2632 intelligitur,
1008 2595 1087 2634 quia
1101 2604 1169 2625 non
1183 2595 1403 2625 necessarium
1417 2599 1480 2632 est,
1499 2600 1534 2626 et
1549 2605 1617 2626 non
1631 2597 1716 2630 bene
1784 2616 1785 2619 =

259 2643 329 2664 esse
345 2634 408 2664 ista
422 2645 440 2665 e
455 2635 570 2674 glossis
593 2641 683 2667 nata.
730 2637 831 2666 Nihil
843 2639 964 2668 attinet
1005 2638 1073 2667 coit
1085 2643 1140 2668 tot
1154 2637 1318 2676 genitivis·
1342 2637 1422 2667 Mox
1432 2637 1576 2668 alterum
1586 2643 1617 2669 et
1626 2639 1715 2672 male
1752 2638 1754 2640 ’

258 2676 305 2706 sic
325 2677 520 2718 simpliciter
541 2678 624 2709 dixit
642 2686 677 2709 et
700 2678 861 2710 Horatius
877 2679 914 2715 C.
934 2683 963 2717 l,
1006 2680 1165 2711 omissum
1179 2680 1213 2710 in
1231 2679 1303 2709 edd.
1319 2679 1408 2710 Med.
1422 2680 1496 2711 Ald.

262 2721 312 2755 19,
338 2721 384 2750 19.
1053 2725 1087 2752 11
1116 2722 1287 2762 Velimus]
1327 2722 1458 2752 Primus
1486 2722 1576 2754 dedit
1595 2723 1713 2762 Aldus,

301 2764 319 2792 8
334 2760 390 2793 De
404 2772 441 2792 re
458 2762 588 2803 dicere]
614 2763 694 2793 Cod.
720 2763 810 2804 Lips.
835 2763 966 2795 omittit
1007 2765 1088 2796 Mss.
1104 2765 1210 2797 nostri
1223 2769 1258 2796 et
1270 2765 1340 2802 alii,
1354 2764 1436 2795 item
1444 2765 1516 2797 edd.
1529 2776 1578 2806 pr.
1588 2766 1715 2804 habent

256 2803 373 2835 dicere.
417 2805 478 2836 Ed.
497 2808 588 2839 1474.
604 2805 695 2836 addit
708 2807 790 2847 ipsa.
1004 2809 1187 2846 valeamus,
1217 2808 1314 2848 idque
1341 2808 1441 2848 recipi
1467 2809 1540 2838 vult
1558 2808 1711 2840 Oudend.

299 2850 319 2879 9
334 2847 471 2887 Haben]
511 2847 593 2878 Edd.
626 2851 716 2882 1474.
744 2849 834 2880 Med.
862 2849 959 2880 June
1005 2850 1069 2880 Sed
1094 2861 1154 2881 nec
1173 2850 1254 2882 satis
1277 2851 1420 2881 latinum
1439 2855 1490 2881 est
1509 2851 1573 2882 hoe
1599 2858 1712 2890 sensu,

256 2888 383 2920 addunt
396 2890 433 2920 iu
445 2900 488 2921 se.
502 2891 580 2930 quia
592 2891 638 2923 sic
646 2893 720 2932 jam
734 2892 912 2933 praecessit,
925 2897 962 2925 et
1005 2902 1066 2925 nee
1079 2894 1236 2926 convenit
1247 2892 1345 2926 verbo
1358 2894 1572 2936 impellimur.
