1945 3235
689 118 880 158 LIBER
913 119 1152 158 PRIMUS.
1565 121 1640 156 ‘261

194 222 332 280 Atqui
362 239 450 266 non
481 224 620 266 defuit
648 223 729 266 illis
761 223 969 280 patronis,
1000 223 1141 278 inquit
1165 222 1358 273 Crassus,
1380 220 1640 277 eloquentia,

191 295 333 337 neque
360 283 531 324 dicendi
561 281 670 323 ratio
701 292 776 323 aut
801 281 941 336 copia,
973 280 1045 321 sed
1071 280 1183 335 juris
1214 279 1352 319 civilis
1384 280 1636 334 prudentia:

189 340 307 393 quod
329 340 434 381 alter
457 339 564 395 plus,
590 339 734 396 16lege
755 338 940 394 agendo,
961 339 1151 393 petebat,
1173 350 1302 392 quani
1325 347 1533 390 quantum
1564 337 1635 379 lex

187 396 236 436 in
280 411 374 438 ΧΠ.
404 396 560 438 tabulis
602 397 876 452 permiserat3
912 395 1027 450 quod
1067 409 1162 436 cuni
1198 394 1468 449 impetrasset
1505 408 1634 436 causa

189 454 386 496 caderet:
418 454 524 495 alter
544 454 740 508 iniquum
763 454 944 509 putabat
973 452 1067 508 plus
1090 466 1234 492 seeum
1257 451 1344 506 agi,
1365 464 1493 504 quam
1515 453 1631 504 quod

186 521 280 552 erat
300 512 345 552 in
367 512 560 552 actione:
591 526 731 566 neque
751 511 1035 566 intelligebat,
1058 510 1090 550 si
1115 510 1175 550 ita
1195 518 1306 549 esset
1328 518 1488 556 actum,
1511 507 1630 548 litem

183 568 473 610 adversarium
495 568 776 624 perditurum.

838 568 984 615 Quid?
1016 567 1081 608 his
1114 567 1262 623 paucis
1284 565 1449 615 diebus,
1471 566 1713 621 nonne,37

182 626 309 667 nobis
335 627 428 667 17in
451 625 653 666 tribunali
679 627 735 673 Q.
762 626 975 682 Pompeii,
998 625 1195 681 praetoris
1217 622 1385 673 urbani,
1407 621 1629 664 familiaris
1645 638 1718 672 163

183 683 335 734 nostri,
359 683 620 734 sedentibus,
642 683 772 725 homo
795 698 850 725 ex
878 697 1057 724 numero
1080 682 1337 722 disertorum
1369 679 1631 735 postulabat,

184 747 234 780 ut
254 739 330 790 illi,
353 740 465 781 unde
487 749 716 796 peteretur,
741 749 862 782 vetus
884 750 1013 796 atque
1039 739 1198 780 usitata
1219 738 1421 794 exceptio
1444 737 1632 789 daretur,

184 810 333 839 CUJUS
379 811 611 839 PECUNIAE
657 813 769 840 Dlns
824 800 1055 840 FUISSET?
1106 797 1222 852 quod
1264 795 1461 852 petitoris
1503 810 1633 836 causa

179 866 478 911 comparatum
500 871 606 907 esse,
628 871 714 897 non
737 857 1032 912 intelligebat:
1064 864 1112 895 ut
1134 855 1167 895 si
1191 853 1260 895 ille
1292 853 1501 894 infitiator
1530 867 1632 909 pro-

178 911 323 953 basset
345 912 502 967 judici,
524 925 624 956 ante
656 915 835 970 petitam
862 928 954 954 esse
984 912 1228 969 pecuniam,
1250 926 1379 967 quam
1401 920 1513 951 esset
1535 926 1628 952 coe-

177 977 255 1025 pta
275 970 436 1021 deberi,
459 972 619 1027 petitor
647 987 790 1013 rursus
811 986 910 1013 cum
941 980 1120 1027 peteret,
1141 970 1401 1025 exceptione
1423 967 1626 1009 exclude-

177 1036 309 1078 retur,
345 1042 479 1080 QUOD
515 1043 576 1070 EA
613 1042 701 1070 RES
739 1033 840 1070 ¹81N
879 1041 1126 1070 JUDICIUM
1164 1040 1331 1068 ANTEA
1363 1039 1624 1067 VENISSET.

176 1085 296 1131 Quid
317 1100 421 1142 ergo
444 1086 527 1127 hoc
549 1087 639 1127 fieri
663 1087 843 1143 turpius,
865 1095 940 1127 aut
972 1085 1057 1126 dici
1082 1093 1240 1140 potest,
1262 1098 1391 1139 quam
1413 1098 1527 1134 eum,
1549 1084 1622 1139 qui
1639 1087 1713 1123 169

173 1140 287 1184 hanc
318 1158 544 1198 personam
576 1144 825 1200 susceperit,
848 1152 897 1184 ut
928 1143 1163 1184 amicorum
1185 1141 1499 1183 controversias
1522 1156 1624 1182 cau-

175 1214 329 1255 sasque
373 1210 554 1252 tueatur,
597 1201 892 1243 laborantibus
935 1209 1169 1250 succurrat,
1212 1199 1339 1255 aegris
1386 1198 1623 1250 medeatur,

174 1257 359 1299 afflictos
391 1259 569 1309 excitet,
596 1258 709 1300 hune
740 1260 784 1300 in
815 1258 1005 1299 minimis
1028 1257 1377 1311 tenuissimisque
1403 1256 1529 1296 rebus
1560 1256 1623 1297 ita

173 1313 276 1366 labi,
315 1325 363 1356 ut
400 1316 493 1357 aliis
531 1316 811 1367 miserandus,
853 1316 946 1356 aliis
990 1315 1229 1356 irridendus
1262 1328 1353 1354 esse
1395 1313 1620 1356 videatur?

171 1370 386 1428 Equidem
409 1374 699 1429 propinquum
719 1384 929 1424 nostrum,
954 1373 1005 1414 P.
1026 1372 1244 1422 Crassum,
1268 1372 1388 1412 illum
1409 1370 1620 1422 Divitem,
1636 1378 1711 1417 170

173 1431 319 1471 ³9cum
350 1430 496 1471 multis
529 1431 622 1472 aliis
654 1432 780 1473 rebus
802 1432 1043 1488 elegantem
1076 1430 1299 1471 hominem
1330 1439 1373 1469 et
1403 1438 1620 1479 ornatum,

169 1493 262 1528 tum
284 1489 503 1545 praecipue
524 1489 569 1531 in
593 1489 675 1530 hoc
698 1489 923 1531 ferendum
944 1497 988 1530 et
1011 1487 1272 1529 laudandum
1294 1496 1415 1543 putO,
1438 1489 1478 1518 90
1489 1487 1622 1542 quod,

214 1602 251 1632 16
284 1603 354 1642 lege
378 1602 529 1642 agenda]
561 1603 650 1634 Alias
677 1603 872 1644 simpliciter

167 1642 299 1682 dicitur,
315 1647 393 1684 plus
408 1650 533 1685 petere,
548 1656 648 1685 quam
664 1648 716 1676 Iex
731 1648 871 1686 permit-

167 1687 220 1717 tit.
265 1687 395 1718 Addidit
412 1690 482 1724 leg-e
503 1689 640 1726 agendo,
664 1690 871 1720 concinnita-

164 1728 209 1758 tis
235 1739 344 1767 causa,
367 1735 402 1760 et
427 1735 465 1760 ut
492 1731 700 1762 manifestior
725 1732 871 1763 stultitia

166 1769 311 1802 hominis
326 1777 421 1803 esset.
813 1786 817 1788 ’

209 1816 245 1848 17
261 1815 297 1844 in
310 1815 471 1845 tribunali
492 1815 698 1855 sedentibus]
724 1815 865 1857 Nempe,

163 1854 199 1885 in
235 1857 371 1887 consilio
407 1858 570 1898 praetoriS,
600 1859 656 1896 qui
692 1867 866 1890 assessores

163 1897 239 1928 'mdc
253 1899 426 1939 paullatim
441 1900 532 1930 dicti.
547 1910 576 1929 v.
590 1900 681 1929 Clav.

207 1944 244 1971 18
267 1943 302 1972 in
314 1941 485 1982 judicium
503 1946 603 1972 antea
618 1942 778 1982 venisset]
798 1943 863 1974 Ms.

160 1982 201 2013 E.
224 1988 302 2014 ante
322 1995 386 2015 non
403 1986 548 2015 venisset.
592 1985 692 2015 Male.
714 1995 791 2015 nam
813 1991 864 2016 est

158 2026 332 2057 manifeste
346 2029 486 2067 e.1·ceptio
500 2019 729 2068 reijudicatae,
744 2037 808 2067 qua
823 2029 862 2066 is,

157 2068 245 2098 unde
267 2071 404 2109 petitur,
420 2074 537 2100 contra
550 2070 725 2109 petitorem
741 2071 861 2108 utitur,

156 2110 214 2149 qui
235 2117 313 2142 ante
332 2112 425 2143 litem
451 2112 602 2153 perdidit,
621 2113 698 2151 quia
719 2113 861 2152 petierat

156 2158 248 2190 ante,
284 2165 381 2193 quain
418 2154 485 2185 dies
521 2155 694 2184 solutionis
733 2154 858 2187 fuisset.

157 2194 286 2236 Nempe
301 2197 346 2227 sic
361 2197 441 2228 olim
456 2201 528 2228 erat
544 2203 710 2237 receptum
729 2197 762 2227 in
775 2197 859 2236 foro,

155 2242 206 2275 ut,
221 2238 247 2268 si
264 2240 387 2279 petitor
400 2245 524 2270 temere
539 2244 573 2270 et
589 2240 696 2270 alieno
708 2243 858 2279 tempore

157 2289 225 2310 rem
241 2280 276 2311 in
283 2282 448 2321 judicium
463 2282 659 2319 deduxisset,
675 2287 709 2313 et
728 2283 858 2315 actione

156 2323 336 2361 cecidisset,
352 2335 411 2355 nec
434 2333 548 2365 postea
564 2335 659 2363 agere
682 2330 804 2365 posset,
819 2331 858 2356 ut

157 2364 276 2396 docent
291 2367 473 2398 Justiniani
496 2367 728 2398 Institutiones
743 2367 782 2397 L.
798 2368 854 2398 IV.

153 2418 182 2437 c.
201 2411 249 2439 13.
263 2409 302 2439 de
316 2410 563 2450 exceptionibus,
579 2409 620 2439 ad
634 2420 729 2449 quein
745 2409 856 2441 locum

154 2459 222 2480 rem
237 2451 377 2492 explicat
388 2452 496 2492 plane,
509 2451 660 2489 dilucide,
671 2456 767 2491 atque
777 2457 853 2492 apte

153 2491 195 2522 ad
229 2493 317 2524 hune
345 2494 512 2525 Ciceronis
548 2495 658 2525 locum
687 2495 852 2534 Cujacius.

154 2534 218 2564 Sed
245 2536 303 2567 illa
328 2538 482 2568 severitas
501 2537 587 2576 juris
615 2547 635 2567 a
661 2537 852 2568 Justiniano

151 2577 282 2609 mollita
305 2582 367 2616 est,
393 2584 431 2610 ut
458 2580 502 2609 ibi
526 2579 607 2610 dicit
629 2580 706 2620 ipse.
753 2580 853 2611 Plura

149 2620 300 2659 exempla
313 2622 497 2660 negationis
512 2623 546 2652 in
558 2621 680 2652 talibus
696 2621 746 2652 vel
760 2622 850 2653 addi-

149 2665 195 2690 tae
209 2662 260 2692 vel
274 2663 394 2694 demtae
407 2669 530 2695 temere
548 2670 709 2695 notarunt
719 2665 802 2695 lCti.
817 2675 848 2696 v.

145 2703 232 2734 infra
247 2705 287 2735 ad
303 2706 419 2736 Partit.
433 2717 480 2737 or.
497 2718 524 2737 c.
541 2710 593 2738 ⁶28.

194 2748 231 2780 19
253 2757 328 2778 cum
356 2758 400 2779 m.
423 2750 499 2779 aliis
523 2751 618 2780 rebus
644 2749 718 2790 &e.]
747 2749 851 2780 Deest

146 2789 182 2818 in
208 2789 430 2828 sequentibus,
458 2792 546 2830 quod
573 2793 746 2833 particulae
772 2802 848 2822 cum

147 2831 353 2871 respondeat.
385 2833 490 2864 Credo
506 2839 578 2865 tum
591 2834 758 2871 excidisse,
773 2839 850 2875 post

143 2878 319 2906 ornatum:
341 2879 412 2906 tum
428 2877 593 2918 proecz'pue
607 2878 645 2909 in
663 2877 721 2909 hoc
729 2876 850 2919 feren-

913 1604 994 1633 dum
1016 1608 1047 1633 et
1075 1605 1096 1633 l.
1118 1612 1153 1643 p.
1176 1602 1238 1632 nisi
1260 1611 1337 1632 cum
1358 1600 1430 1632 edd.
1445 1611 1494 1640 pr.
1516 1601 1622 1642 parti-

914 1646 998 1676 oulae
1026 1656 1100 1677 cum
1137 1646 1317 1675 substituas
1345 1648 1386 1674 et.
1431 1643 1495 1673 Sed
1536 1644 1619 1675 illud

914 1688 1048 1718 melius:
1093 1687 1286 1726 videturque
1324 1690 1508 1716 correctum
1549 1696 1619 1717 esse

913 1740 1000 1768 cum,
1016 1730 1103 1770 quod
1117 1731 1146 1760 ei
1167 1729 1248 1760 nihil
1272 1730 1308 1759 in
1330 1739 1418 1768 seqq.
1444 1729 1618 1776 responde-

911 1773 977 1804 bat.
1023 1773 1174 1803 Pearcius
1206 1777 1321 1802 tamen
1353 1776 1384 1802 et
1421 1772 1555 1811 recepit,
1583 1776 1619 1801 et

910 1815 1034 1846 addidit
1048 1816 1169 1845 iterum
1184 1819 1262 1845 ante
1273 1815 1446 1854 prcecipue.
1482 1813 1533 1844 Et
1549 1823 1617 1844 non

909 1860 988 1889 satis
1003 1858 1170 1893 convenit,
1190 1858 1267 1896 quia
1289 1856 1438 1887 Divitem
1453 1856 1550 1888 illum
1565 1862 1616 1887 est

908 1910 1107 1939 cognomen,
1125 1909 1266 1939 quocum
1289 1899 1460 1938 sequentia
1478 1908 1546 1929 non
1560 1909 1616 1929 co-

906 1943 1066 1981 pulantur
1081 1943 1138 1973 ita.
1184 1940 1437 1981 Proferendum
1454 1940 1540 1971 idem
1564 1952 1614 1972 re-

906 1987 1017 2024 posuit
1028 1983 1230 2025 effiaerendam
1241 1998 1251 2016 ‚·
1268 1984 1323 2014 sed
1325 1983 1510 2023 serendum
1526 1984 1612 2015 idem

905 2027 1071 2066 significat
1093 2027 1180 2068 apud
1200 2027 1404 2063 Ciceronem,
1420 2032 1535 2066 estque
1557 2037 1612 2058 ex-

905 2070 1068 2108 quisitiuS.

947 2115 987 2143 20
1009 2112 1094 2152 qaod
1119 2121 1195 2141 cum
1226 2109 1375 2141 Seoevoloe
1387 2110 1461 2150 fin]
1501 2110 1610 2143 Locus

903 2154 1062 2185 difficilis:
1086 2155 1172 2184 unde
1187 2154 1326 2184 varietas
1342 2154 1492 2184 lectionis
1510 2155 1545 2184 in
1567 2154 1608 2186 li-

903 2197 978 2228 bris.
995 2207 1070 2227 cum
1087 2195 1354 2236 Seoez'oloefi·atri
1368 2196 1439 2226 edd.
1455 2207 1502 2236 pr.
1518 2198 1605 2236 quod

903 2240 999 2270 nihili
1027 2244 1087 2270 est.
1126 2239 1207 2269 Vitii
1242 2249 1320 2269 sane
1355 2238 1478 2278 aliquid
1505 2239 1603 2271 inest.

902 2282 988 2312 Puto
1004 2282 1158 2312 excidisse
1173 2285 1219 2312 est
1230 2294 1239 2310 :
1261 2282 1478 2320 quod-esset,
1492 2283 1606 2313 solitus

901 2329 948 2355 est
962 2326 991 2355 ei
1007 2334 1152 2365 persoepe
1174 2324 1290 2354 dicere.
1336 2324 1376 2354 In
1400 2323 1504 2354 verbis
1528 2335 1605 2356 cum

901 2366 956 2397 Sc.
968 2367 1089 2408 frater
1102 2371 1193 2403 esset,
1209 2365 1383 2406 respicitur
1401 2366 1442 2396 ad
1463 2366 1605 2406 gloriam

899 2410 1119 2440 Soaevolarum
1135 2414 1170 2439 et
1192 2408 1363 2439 scientiam
1379 2409 1465 2448 juris
1485 2409 1601 2442 civilis.

898 2452 969 2482 Etsi
1005 2457 1113 2482 tantae
1148 2451 1320 2490 dignitatis
1347 2456 1419 2481 erat
1456 2451 1602 2483 Scaevola

896 2494 1010 2533 frater,
1025 2500 1139 2525 tamen
1153 2494 1183 2523 ei
1205 2503 1289 2533 saepe
1311 2493 1395 2523 dixit
1410 2494 1468 2524 &c.
1511 2495 1601 2526 Tum

895 2537 994 2567 verba
1020 2538 1071 2566 illi
1098 2537 1167 2566 arti
1201 2535 1294 2566 valde
1323 2536 1415 2566 olent
1443 2536 1599 2575 glossam.

895 2579 1000 2619 Quale
1014 2580 1102 2609 enim
1119 2583 1182 2616 est,
1197 2578 1232 2608 in
1245 2580 1323 2618 jure
1337 2578 1423 2608 civili
1440 2588 1507 2609 non
1522 2584 1597 2620 pot-

892 2626 943 2651 est
957 2621 1143 2652 satisfacere
1151 2621 1220 2659 juri
1234 2621 1345 2651 civili?
1370 2621 1433 2651 Sed
1447 2622 1473 2651 si
1488 2622 1596 2652 deleas

892 2664 957 2694 ista
970 2665 1079 2701 verba,
1094 2664 1207 2694 onmia
1221 2663 1302 2693 bene
1317 2673 1350 2693 se
1365 2663 1500 2694 habent.
1530 2664 1596 2695 Res

894 2706 975 2736 mihi
990 2707 1038 2737 ita
1051 2706 1182 2736 evidens
1195 2709 1258 2741 est,
1272 2709 1312 2735 ut
1326 2716 1365 2736 ea
1379 2706 1471 2736 uncis
1490 2707 1596 2737 inelu-

893 2749 1001 2779 serim.
1046 2749 1198 2788 Denique
1230 2749 1320 2778 haec:
1356 2749 1442 2788 quod
1466 2749 1596 2788 quidem

891 2791 1184 2831 llic—consecutus,
1198 2791 1234 2822 in
1247 2790 1436 2832 parenthesi
1449 2799 1529 2823 sunt
1542 2801 1596 2823 ae·

892 2833 1053 2875 cipienda.

842 2923 910 2962 53
