1945 3235
602 124 788 162 LIBER
814 124 1140 162 SECUNDUS.
1520 130 1596 165 299

153 243 273 285 streS,
297 243 389 274 tum
411 231 464 273 ad
494 228 762 272 scribendam
798 228 1024 269 historiam
1056 229 1246 269 maxime
1276 243 1319 269 se
1351 229 1594 286 applicave-

150 301 266 332 runt.
329 291 528 344 Namque
562 295 605 327 et
640 285 912 326 Herodotum
946 285 1081 336 illum,
1111 286 1184 340 qui
1222 287 1418 341 princeps
1457 302 1592 342 genus

148 349 234 390 hoc
267 348 451 397 ornavit,
474 347 514 385 in
549 343 688 384 causis
722 343 828 384 nihil
863 343 1041 383 omnino
1064 352 1277 382 versatum
1311 357 1400 383 esse
1422 345 1591 400 accepi-

151 421 261 446 muS.
292 405 410 460 atqui
441 412 562 443 tanta
593 411 658 441 est
687 400 946 455 eloquentia,
981 409 1028 440 ut
1059 413 1128 439 me
1160 399 1349 454 quidem,
1380 412 1588 454 quantum

148 478 232 519 ego
263 462 416 504 Graece
445 459 604 514 scripta
636 457 873 513 intelligere
897 471 1084 512 possum,
1107 470 1369 512 magnopere
1390 456 1589 499 delectet.

151 520 208 562 Et
230 529 327 576 post
348 518 466 558 illum
487 514 761 570 Thucydides
784 529 932 555 omnes
955 514 1125 555 dicendi
1157 513 1355 563 artificio,
1379 528 1474 555 mea
1495 529 1588 555 sen-
1603 522 1650 556 56

150 578 298 627 tentia,
321 575 446 616 facile
470 574 596 614 vicit:
629 572 702 626 qui
733 573 793 612 ita
815 573 963 613 creber
996 581 1060 612 est
1093 585 1233 611 rerum
1264 571 1518 626 frequentia,
1543 581 1591 613 ut

149 636 377 676 verborum
406 644 541 687 prope
576 643 803 669 numerum
827 630 1132 670 sententiarum
1156 643 1334 669 numero
1357 643 1592 684 consequa-

149 700 240 733 tur:
272 691 333 731 ita
365 702 490 744 porro
528 687 669 727 verbis
702 697 841 743 aptus,
873 695 917 727 et
943 701 1126 742 pressus,
1158 694 1205 725 ut
1235 687 1413 737 nescias,
1448 695 1590 728 utrum

152 763 215 790 res
238 747 444 796 oratione,
469 759 522 786 an
540 745 670 784 verba
687 743 909 785 sententiis
934 744 1212 784 illustrentur.
1244 742 1378 798 Atqui
1402 758 1456 784 ne
1478 743 1593 784 hunc

148 805 337 862 quidem,
373 816 636 859 quamquam
664 811 729 842 est
758 803 801 843 in
836 801 1056 857 republica
1089 810 1296 851 versatus,
1329 816 1382 841 ex
1415 816 1592 842 numero

148 862 392 918 accepin'ms
422 874 588 909 eorum,
622 859 745 914 35qui
779 874 928 900 causas
961 859 1239 899 dictitarunt:
1272 868 1313 899 et
1349 860 1426 899 hos
1460 859 1590 900 libros

149 929 241 960 tum
265 918 484 974 scripsisse
509 917 682 967 dicitur,
716 932 814 957 cum
848 932 873 957 a
906 916 1125 973 republica
1156 926 1358 967 1·emotUS,
1382 926 1525 971 atque,
1550 917 1591 958 id

149 977 266 1033 quod
289 977 456 1032 optimo
480 975 637 1029 cuique
651 973 833 1015 Athenis
856 975 1049 1015 accidere
1066 973 1237 1014 solitum
1255 983 1333 1023 est,
1356 974 1398 1014 in
1413 974 1591 1015 exilium

150 1035 298 1091 pulsus
335 1044 460 1074 esset.
524 1032 655 1072 Hunc
687 1040 943 1073 consecutus
978 1040 1042 1072 est
1081 1031 1333 1086 Syracusius
1370 1031 1590 1083 Philistus,
1605 1038 1656 1076 57

150 1093 241 1148 qui,
265 1106 363 1132 cum
390 1090 590 1145 Dionysii
607 1090 776 1144 tyranni
800 1089 1155 1130 familiarissimus
1175 1099 1298 1140 esset,
1313 1089 1449 1129 otium
1470 1105 1595 1130 suum

150 1149 390 1191 consumsit
428 1149 471 1188 in
507 1147 685 1187 historia
717 1147 956 1197 scribenda,
990 1146 1264 1201 maximeque
1296 1146 1596 1202 Thucydidem

150 1216 230 1258 est,
264 1207 376 1247 sicut
422 1205 527 1246 mihi
560 1204 742 1254 videtur,
777 1204 984 1244 imitatus.
1049 1203 1206 1244 Postea
1241 1218 1355 1254 vcro,
1388 1205 1508 1259 quasi
1542 1220 1597 1246 ex

150 1263 386 1305 clarissima
419 1261 600 1303 rhetoris
623 1261 811 1312 officina,
834 1261 919 1302 duo
953 1270 1206 1317 praestantes
1241 1261 1433 1317 ingenio,
1456 1261 1598 1303 Theo-

152 1336 336 1378 pompus
372 1330 416 1361 et
450 1319 664 1375 EphoruS,
696 1319 751 1359 ab
786 1318 976 1360 Isocrate
1002 1319 1211 1375 magistro
1245 1319 1432 1374 impulsi,
1464 1334 1508 1359 se
1543 1320 1597 1361 ad

154 1379 375 1420 historiam
397 1376 693 1418 contulerunt:
727 1391 874 1417 causas
894 1375 1071 1417 omnino
1091 1391 1324 1432 numquam
1343 1376 1596 1432 attigerunt.

155 1435 355 1491 Denique
376 1435 504 1475 etiam
529 1449 553 1474 a
575 1433 851 1490 philosophia
872 1435 1090 1490 profectus
1112 1434 1311 1490 princeps
1328 1433 1595 1490 Xenophon,
1615 1441 1681 1490 14,

152 1493 398 1534 Socraticus
421 1491 505 1543 ille,
530 1501 627 1547 post
649 1491 702 1532 ab
723 1490 956 1532 Aristotele
979 1491 1278 1542 Callisthenes,
1300 1506 1443 1532 comes
1463 1492 1596 1534 Alex·
1610 1512 1658 1546 53

152 1551 289 1602 andri,
332 1550 504 1606 scripsit
541 1549 788 1591 historiam:
820 1557 864 1589 et
899 1548 970 1589 hic
1010 1549 1184 1604 quidem
1225 1549 1440 1590 rhetorico
1474 1565 1599 1606 paene

153 1623 297 1649 more:
330 1607 399 1648 ille
421 1618 564 1648 autem
599 1606 806 1662 superior,
836 1606 997 1647 leniore
1029 1606 1217 1662 quodam
1251 1621 1356 1647 sono
1387 1615 1452 1647 est
1483 1623 1600 1660 usus,

154 1675 199 1706 et
219 1666 293 1721 qni
320 1664 440 1705 illum
469 1664 680 1720 impetum
712 1665 894 1705 oratoris
925 1678 1011 1704 non
1044 1664 1220 1715 habeat3
1253 1664 1483 1706 vehemens
1514 1665 1602 1706 for-

156 1733 267 1763 tasse
289 1722 445 1772 minus,
477 1722 548 1762 sed
571 1721 790 1776 aliquanto
814 1731 956 1762 tamen
986 1731 1065 1772 est,
1088 1731 1136 1762 ut
1158 1722 1263 1762 mihi
1286 1722 1460 1776 quidem
1486 1723 1602 1765 vide-

156 1791 240 1830 tur,
262 1778 442 1820 dulcior.
483 1777 695 1819 Minimus
718 1787 821 1819 natu
844 1779 995 1819 horum
1021 1779 1214 1820 omnium
1237 1778 1443 1831 Timaeus,
1466 1786 1602 1836 qnan-

156 1847 248 1878 tum
270 1847 411 1878 autem
429 1835 626 1890 judicare
660 1851 848 1892 possum,
878 1836 1007 1892 longe
1038 1837 1366 1888 eruditissimus,
1388 1847 1430 1877 et
1459 1852 1600 1879 rerum

156 1894 283 1950 copia
315 1904 358 1935 et
394 1893 699 1934 sententiarum
737 1894 944 1934 varietate
977 1894 1385 1945 abundantissimus,
1425 1905 1468 1936 et
1507 1896 1602 1951 ipsa

156 1951 474 2007 compositione
508 1951 735 1991 verborum
770 1965 856 1991 non
890 1951 1125 2007 impolitus,
1157 1966 1360 2007 magnam
1396 1952 1600 2007 eloquen-

157 2010 261 2050 tiam
284 2009 336 2050 ad
361 2008 633 2049 scribendum
656 2007 815 2059 attulit,
848 2009 919 2049 sed
942 2008 1106 2049 nullum
1130 2023 1252 2049 usum
1276 2008 1505 2051 forensem.

216 2066 328 2107 Haec
351 2080 450 2107 cum
484 2065 553 2106 ille
585 2065 780 2116 dixisset,
805 2065 921 2112 Quid
955 2075 1033 2117 est,
1055 2067 1210 2122 inquit,
1236 2066 1404 2119 Catule,
1428 2067 1662 2114 Caesa1·?59

156 2124 230 2165 ubi
256 2133 369 2174 sunt,
391 2123 464 2179 qui
488 2123 729 2164 Antonium
753 2122 908 2164 Graece
941 2133 1102 2179 negant
1132 2124 1265 2166 scire?
1297 2134 1404 2180 quot
1426 2124 1600 2166 histori-

158 2196 232 2222 cos
255 2181 518 2222 nominavit?
549 2195 678 2235 quam
699 2181 908 2222 scienter?
931 2196 1059 2236 quam
1080 2183 1250 2237 proprie
1269 2182 1322 2222 de
1341 2197 1603 2238 unoquoque

157 2238 300 2281 dixit?
333 2238 385 2279 Id
420 2238 677 2288 mehercule,
711 2238 852 2294 inquit
886 2238 1080 2290 Catulus,
1114 2240 1344 2290 admirans,
1377 2239 1480 2281 illud
1507 2241 1602 2295 jam

158 2295 303 2337 mirari
322 2295 486 2346 desino,
508 2295 623 2350 quod
646 2295 782 2336 multo
815 2295 954 2352 magis
987 2306 1087 2337 ante
1119 2297 1320 2347 mirabar,
1344 2296 1473 2348 hunc,
1503 2313 1604 2339 cum

157 2353 254 2394 haec
276 2353 474 2403 nesciret,
497 2353 539 2393 in
562 2353 744 2393 dicendo
775 2368 900 2408 posse
925 2362 1108 2395 tantum.
1170 2353 1321 2409 Atqui,
1346 2354 1514 2406 Catule,
1538 2355 1602 2395 in-
1615 2377 1646 2408 p.
1666 2371 1737 2403 11⁴.

159 2411 253 2465 quit
274 2410 506 2461 Antonius,
527 2424 612 2450 non
636 2424 718 2465 ego
743 2410 971 2451 utilitatem
990 2411 1176 2466 aliquam
1199 2411 1251 2451 ad.
1274 2412 1502 2453 dicendum
1527 2427 1601 2453 au-
1614 2420 1645 2441 ³·

159 2468 512 2523 cupans,horu1n
545 2467 691 2518 libros,
713 2477 756 2508 et
784 2468 1011 2508 nonnullos
1043 2469 1164 2518 alios,
1199 2469 1271 2509 sed
1303 2469 1601 2510 delectationis

161 2539 303 2576 causa,
322 2540 420 2566 cum
443 2535 508 2565 est
530 2526 682 2576 otium,
704 2525 845 2581 legere
868 2525 997 2566 soleo.
1061 2526 1179 2572 Quid
1201 2540 1305 2582 ergo
1324 2529 1413 2569 est?
1444 2527 1600 2568 36fate-
1615 2536 1666 2570 60

203 2639 244 2668 35
264 2639 319 2678 qui
342 2648 457 2669 causas
484 2639 706 2679 dictitamus]
732 2638 859 2679 Accipi-
903 2639 1046 2670 ctionem
1058 2639 1184 2670 tollunt
1196 2640 1265 2671 edd.
1277 2640 1328 2671 W.
1343 2651 1368 2671 S.
1383 2641 1405 2671 l.
1419 2647 1453 2672 et
1468 2652 1497 2672 a.
1509 2641 1601 2681 Lips.

161 2679 283 2709 endum
296 2679 394 2710 estde
408 2685 480 2711 toto
495 2690 634 2720 genere,
653 2691 719 2711 non
730 2681 770 2712 ad
781 2688 859 2712 aeta-
903 2691 970 2712 non
988 2683 1082 2713 bene.
1106 2692 1183 2712 nam
1206 2692 1319 2713 sensus
1343 2684 1391 2714 ita
1412 2684 1603 2714 commodus

164 2726 233 2751 tem
256 2722 354 2761 ipsius
377 2720 599 2753 referendum:
623 2723 703 2754 alias
723 2733 790 2754 esse
807 2724 862 2754 de-
904 2724 1029 2754 nullus:
1054 2725 1087 2754 in
1105 2725 1165 2754 hac
1181 2725 1391 2756 distinctione
1406 2731 1517 2762 autem
1530 2735 1603 2756 sen-

162 2764 255 2794 beret
265 2764 475 2795 dictitarent.-
490 2774 689 2804 quamquam
701 2767 864 2806 scriptura
905 2776 960 2797 sus
983 2772 1050 2797 est:
1075 2767 1203 2797 fatebor
1232 2769 1290 2809 (sc.
1314 2778 1382 2798 non
1409 2769 1443 2798 iu
1469 2778 1507 2798 eo
1535 2777 1605 2799 csse

164 2814 246 2845 MSS,
268 2820 308 2846 ut
335 2815 403 2846 Erl,
427 2810 572 2848 dictita—f,
599 2822 740 2857 utroque
765 2817 863 2848 modo
907 2809 1031 2845 onmia,
1057 2816 1116 2840 aut
1143 2809 1236 2840 valde
1265 2810 1443 2849 multumz)
1470 2809 1526 2840 sed
1547 2810 1608 2840 ali—

167 2856 365 2896 1egjp0oest‚
908 2851 987 2890 quid
1007 2858 1122 2882 tamen
1144 2852 1242 2889 inest,
1267 2853 1353 2891 quod
1375 2853 1490 2893 prosit,
1509 2852 1606 2891 idque

208 2898 250 2931 36
259 2898 412 2940 fatebor,-
432 2902 560 2943 aliquid
572 2901 710 2943 tamem]
736 2902 864 2934 Distin,
907 2893 1124 2925 similitudine
1138 2901 1218 2935 apta
1231 2894 1427 2928 declaratur.
1467 2895 1606 2927 Fatebor
