1945 3235
372 175 444 221 19'2·
814 178 895 221 DE
928 183 1306 224 INVENTIONE

309 290 361 327 70
375 284 564 327 Intentio
584 295 662 346 cst,
685 286 785 329 Non
807 291 1014 345 oportuit.
1064 289 1271 345 Depulsio
1293 297 1370 340 est,
1395 289 1616 346 Oportuit.
1659 294 1792 341 Quae..

371 343 454 383 stio
476 353 553 393 est,
577 345 897 400 oportueritne.
960 346 1089 387 Ratio
1110 354 1189 396 est,
1213 345 1318 387 Eam
1350 347 1463 387 enim
1486 362 1540 388 ex
1564 348 1674 391 bello
1697 351 1791 406 glo-

367 400 475 441 riam
499 400 654 442 virtute
678 402 932 457 peperimus,
951 416 998 444 ut
1016 403 1107 457 ejus
1130 411 1290 444 aeterna
1311 404 1495 459 insignia
1517 406 1696 460 posteris
1714 403 1804 449 no?

368 456 464 497 stris
484 457 718 513 relinquere
741 458 954 501 vellemus.
999 459 1237 500 Infirmatio
1259 470 1336 510 est,
1356 447 1560 501 Attamen
1583 470 1789 505 aeternum

367 512 687 555 inimicitiarum
720 526 1045 557 monumentum
1077 515 1234 571 Grajos
1255 517 1307 557 de
1331 517 1476 571 Grajis
1498 527 1683 560 statuere
1703 534 1791 563 non

365 579 551 626 oportet.
610 571 829 614 ,ludit-atio
862 583 940 623 cst,
972 573 1083 614 Cum
1110 587 1287 614 summae
1321 574 1490 614 virtutis
1524 574 1790 618 celebrandas

365 641 492 668 causa
517 628 638 682 Graji
662 628 714 668 de
737 628 882 685 Grajis
902 638 1107 671 aeternum
1128 630 1448 671 inimicitiarum
1462 640 1790 675 monumentum

365 685 604 734 statuerint,
624 693 806 738 rectene,
828 701 880 727 an
903 695 1053 727 contra
1074 685 1266 727 fecerint.
1316 687 1442 728 Hanc
1462 687 1558 728 ideo
1581 689 1790 732 rationem

366 742 640 795 subjecimus,
673 752 721 782 ut
754 743 836 785 hoc
866 758 1005 785 causae
1040 757 1174 798 genus
1208 744 1362 799 ipsum,
1401 745 1453 785 de
1487 759 1572 799 quo
1604 745 1788 801 agimus,

364 809 707 855 cognosceretur.
769 801 880 842 Nam
904 801 936 841 si
971 814 1064 841 eam
1095 800 1476 856 supposuissemus,
1498 816 1582 856 qua
1611 802 1790 845 tortasse

364 857 429 896 usi
467 866 588 907 sunt3
623 857 720 897 Non
751 858 862 898 euim
880 857 1012 912 juste,
1042 871 1179 911 neque
1213 857 1280 913 pie
1314 858 1470 898 bellum
1500 858 1711 913 gessistis:
1743 859 1788 905 in

365 912 612 953 relationem
654 914 844 954 criminis
885 914 1190 964 delaberemur‚
1221 914 1273 954 de
1305 929 1390 969 qua
1422 925 1519 970 post
1550 915 1787 971 loquemur.

365 969 606 1025 Utrumque
639 979 782 1011 autem
815 985 954 1012 causae
989 984 1122 1026 genus
1162 970 1205 1010 in
1243 971 1353 1012 hanc
1388 986 1559 1012 eausam
1600 973 1788 1015 incidere

362 1027 632 1083 perspicuum
657 1037 734 1068 est.
797 1026 847 1068 In
871 1027 980 1068 hanc
1012 1028 1403 1082 argumentationes
1424 1042 1476 1068 ex
1502 1029 1651 1070 iisdem
1683 1029 1786 1071 locis

362 1084 579 1125 sumenda:
611 1094 724 1134 sunt,
754 1094 881 1140 atque
915 1084 955 1125 in
989 1097 1160 1124 causam
1194 1084 1465 1139 negotialem,
1494 1100 1579 1140 qua
1605 1086 1657 1127 de
1689 1097 1788 1128 ante

301 1141 525 1181 71dictum
548 1151 626 1182 cst.
688 1142 824 1182 Locos
846 1152 986 1182 autem
1011 1155 1257 1182 comumnes
1291 1150 1334 1181 ct
1365 1155 1419 1181 ex
1453 1156 1582 1183 causa
1609 1142 1715 1198 ipsa,
1752 1145 1786 1185 si

362 1198 461 1253 quid
484 1198 609 1239 inerit
631 1198 938 1254 indignationis
970 1207 1043 1238 aut
1064 1198 1398 1252 conquestionis,
1421 1207 1464 1238 et
1491 1212 1545 1238 ex
1570 1198 1682 1253 juris
1704 1201 1786 1242 uti-

363 1255 496 1306 litate,
518 1264 560 1296 et
590 1265 742 1296 natura
774 1255 930 1295 multos
953 1264 996 1296 et
1025 1268 1174 1310 graves
1207 1269 1370 1295 sumere
1393 1254 1554 1306 licebit,
1584 1265 1628 1296 et
1648 1271 1786 1312 opor-

278 1311 349 1359 524
362 1312 484 1363 tebit,
508 1312 539 1352 si
572 1327 711 1353 causae
742 1312 929 1367 dignitas
964 1312 1177 1353 videbitur
1207 1311 1435 1367 postulare.
1471 1312 1599 1353 Nunc
1625 1327 1787 1355 assum,-

366 1369 493 1409 tivam
520 1378 681 1424 partem
699 1369 955 1424 juridicialis
977 1368 1307 1409 consideremus.
1708 1391 1710 1394 ·

420 1425 668 1467 Assumtiva
698 1427 829 1482 igitur
860 1436 947 1466 tum
974 1426 1145 1476 dicitur,
1175 1440 1270 1465 cuin
1304 1425 1442 1480 ipsum
1473 1439 1528 1466 ex
1559 1440 1602 1467 se
1624 1426 1786 1469 factum

364 1483 535 1538 probari
573 1497 659 1524 non
701 1492 868 1538 potest;
910 1483 1051 1538 aliquo
1090 1491 1232 1522 autem
1273 1482 1375 1522 foris
1417 1482 1622 1537 adjuncto
1660 1498 1788 1541 argu·

365 1549 510 1580 mento
533 1540 789 1580 defenditur.
852 1539 956 1594 Ejus
979 1549 1117 1595 partes
1148 1549 1247 1579 sunt
1267 1549 1475 1593 quatuor;
1506 1541 1786 1596 comparatio,

304 1600 352 1635 72
369 1596 516 1637 relatio
539 1596 743 1647 criminis,
766 1597 948 1637 remotio
978 1595 1183 1646 criminis,
1205 1595 1442 1636 concessio,
1503 1596 1785 1652 Comparatio

362 1663 440 1704 est,
463 1668 560 1695 cum
588 1653 759 1708 aliquod
790 1652 968 1703 factum,
991 1652 1105 1708 quod
1137 1666 1210 1708 per
1244 1667 1286 1692 se
1316 1653 1453 1708 ipsum
1488 1668 1574 1694 non
1611 1654 1666 1694 sit
1688 1669 1786 1710 pro-

362 1711 565 1761 bandum,
598 1720 641 1751 et
672 1725 726 1751 ex
758 1725 824 1762 eo,
847 1710 969 1765 cujus
1000 1710 1040 1750 id
1064 1724 1192 1750 eausa
1224 1708 1386 1750 factum
1420 1718 1498 1761 est,
1527 1710 1784 1752 defenditur.

362 1766 424 1807 Ea
455 1777 520 1808 est
551 1768 822 1823 hujusmodi:
866 1767 1053 1814 Quidam
1088 1766 1333 1822 imperator,
1367 1781 1466 1807 cum
1504 1767 1558 1808 ab
1591 1767 1785 1810 hostibus

357 1824 744 1875 circumsideretur,
764 1839 900 1880 neque
930 1823 1118 1880 effugere
1140 1823 1226 1863 ullo
1248 1823 1376 1864 modo
1400 1837 1557 1878 posset,
1579 1824 1785 1880 depactus

357 1890 422 1921 est
447 1896 546 1922 eum
575 1881 650 1933 eis,
683 1890 731 1922 ut
760 1896 877 1922 arma
908 1891 951 1922 et
984 1880 1291 1936 impedimenta
1319 1879 1588 1935 relinqueret,
1627 1881 1784 1923 milites

357 1938 580 1980 educeret:
605 1939 748 1993 itaque
770 1938 897 1980 fecit:
921 1938 1048 1979 armis
1069 1947 1113 1978 et
1134 1937 1453 1993 impedimentis
1474 1937 1654 1989 amissis,
1676 1953 1786 1994 prae-

357 2004 421 2036 ter
453 2009 571 2051 spem
601 1995 758 2036 milites
791 1995 1074 2037 conservavit.
1133 1993 1373 2035 Accusatur
1402 1993 1653 2049 majestatis.
1712 1994 1785 2038 In-

359 2053 491 2093 currit
513 2052 597 2093 huc
619 2052 837 2094 definitio:
872 2053 955 2093 Sed
986 2066 1062 2092 nos
1092 2051 1208 2092 hunc
1239 2051 1396 2102 locum,
1418 2050 1470 2091 de
1492 2065 1578 2106 quo
1599 2051 1783 2107 agimus,

296 2113 345 2150 73
361 2109 690 2150 consideremus.
754 2108 944 2150 Intentio
966 2118 1044 2159 est,
1068 2107 1169 2148 Non
1191 2107 1384 2162 oportuit
1405 2121 1522 2148 arma
1539 2115 1582 2148 et
1602 2108 1785 2164 impedi-

359 2176 504 2206 menta
536 2165 786 2220 relinquere.
847 2165 1057 2222 Depulsio
1086 2173 1164 2214 est,
1199 2164 1421 2220 Oportuit.
1484 2164 1682 2210 Quaestio
1704 2173 1784 2216 est,

360 2221 696 2278 Oportueritne?
720 2222 850 2263 Ratio
872 2231 950 2273 est,
974 2221 1140 2262 Milites
1161 2221 1276 2262 enim
1290 2235 1437 2262 omnes
1455 2221 1678 2276 perissent.
1710 2220 1784 2263 In·-

357 2280 543 2320 firmatio
574 2288 651 2330 est,
683 2290 755 2320 aut
793 2278 1110 2334 conjecturaliS,
1143 2277 1243 2318 Non
1277 2278 1516 2334 periissent,
1547 2286 1622 2321 aut
1653 2277 1785 2321 altera

356 2336 672 2392 conjecturaliS,
702 2336 802 2377 Non
837 2337 933 2377 ideo
969 2335 1125 2377 fecisti.
1189 2334 1255 2375 Ex
1287 2335 1443 2390 quibus
1486 2343 1586 2376 sunt
1611 2334 1785 2390 judica-

360 2394 510 2444 tiones,
531 2393 845 2435 periissentne?
875 2402 932 2444 et,
958 2392 1117 2433 Ideone
1140 2390 1316 2434 fecerit?
1347 2401 1421 2432 aut
1443 2391 1538 2432 haec
1559 2406 1783 2446 compara-

356 2450 459 2501 tiva,
492 2450 614 2505 cujus
649 2465 764 2491 nunc
798 2449 1054 2506 indigemus,
1085 2448 1146 2489 At
1174 2449 1289 2491 enim
1323 2449 1453 2490 satius
1483 2447 1568 2489 fuit
1587 2448 1784 2504 amittere

355 2507 527 2558 milites,
570 2522 697 2562 quam
732 2522 849 2548 arma
887 2515 930 2548 et
963 2506 1269 2562 impedimenta
1300 2505 1496 2546 hostibus
1533 2503 1788 2546 concedere:

311 2570 344 2600 b.
360 2562 425 2604 Ex
448 2579 533 2619 qua
548 2564 762 2619 judicatio
785 2565 988 2614 nascitur,
1012 2563 1125 2604 Cum
1146 2577 1294 2604 ornnes
1326 2561 1503 2618 perituri
1525 2561 1696 2612 milites,
1718 2575 1784 2603 es-

358 2630 464 2671 sent,
488 2621 567 2661 nisi
590 2621 642 2661 ad
666 2621 777 2662 hanc
799 2621 1043 2677 pactionem
1078 2619 1307 2670 venissent,
1338 2627 1480 2659 utrum
1503 2618 1634 2659 satius
1653 2617 1784 2659 fuerit

295 2678 343 2714 74
357 2677 552 2718 amittere
574 2677 743 2728 milites,
756 2693 808 2718 an
829 2679 881 2719 ad
899 2678 1011 2719 hanc
1029 2676 1322 2717 conditionem
1334 2675 1503 2716 venire?
1523 2674 1624 2716 Hoc
1641 2689 1781 2716 causae

356 2748 491 2790 genus
524 2748 579 2774 ex
616 2734 681 2775 his
706 2734 810 2775 locis
841 2738 881 2766 85
896 2734 1067 2776 tractari
1103 2733 1336 2789 oportebit,
1366 2742 1409 2772 et
1438 2731 1641 2776 adhibere
1667 2739 1780 2788 eete-

348 2843 452 2873 doctis
471 2844 617 2884 spurium
639 2849 793 2884 putatum
816 2854 876 2874 nec
888 2843 979 2874 valde
994 2853 1042 2874 re·
1086 2843 1152 2873 bris
1166 2846 1200 2873 et
1215 2841 1256 2872 ad
1271 2841 1416 2872 Herenn.
1432 2844 1620 2871 occurrunt.

347 2895 501 2925 pugnem.
525 2886 587 2916 Sed
600 2891 712 2916 tamen
726 2886 933 2916 definitiones
945 2886 1042 2922 tales,
1130 2887 1169 2915 85
1197 2884 1354 2915 Tractart
1377 2884 1531 2923 oportebit
1560 2887 1592 2913 et
1616 2881 1707 2920 adh]
1745 2881 1779 2914 Si

347 2931 413 2957 no‘n
433 2928 524 2958 valde
539 2929 739 2966 necessariae,
753 2928 872 2969 passim
890 2928 923 2958 in
937 2927 988 2958 his
1002 2928 1040 2958 li·
1082 2926 1228 2958 dedimus
1239 2936 1257 2957 e
1271 2926 1396 2956 duobus
1411 2925 1502 2956 libris
1513 2924 1598 2956 Oud.
1607 2928 1642 2955 et
1655 2923 1700 2955 sic
1709 2932 1779 2954 cor-
