1945 3235
583 145 769 187 LIBER
804 145 1133 184 SECUNDUS.
1495 150 1572 189 365

131 250 218 304 illa,
252 267 349 309 quae
386 252 675 309 suspicionem
709 258 754 292 et
789 249 951 291 crimen
984 248 1190 299 efficient,
1222 257 1458 304 contraque
1495 264 1574 291 nos

118 321 272 362 erunt,
307 311 461 352 acriter
496 322 813 365 persequamur,
844 315 887 347 et
919 305 1130 361 quidquid
1164 306 1337 361 poterit,
1375 307 1574 349 detraha-

118 381 251 410 -musz
284 382 338 409 ne
374 367 491 418 illud,
520 366 633 421 quod
668 364 861 414 Crassus,
894 363 928 404 si
961 362 1134 418 quaudo
1161 363 1249 412 fiat,
1273 363 1464 418 perfidia,
1486 379 1573 406 non

118 425 318 467 ,stultitia
350 425 441 466 fieri
474 433 613 480 putat,
646 432 694 464 ut
725 436 865 464 causae
900 434 1146 470 noceamus,
1173 420 1356 461 accidat.
1389 434 1488 461 nam
1520 422 1574 463 ad

134 496 346 524 summam
370 482 501 523 totius
523 495 664 522 causae
684 479 884 535 pertinet,
899 487 1038 527 caute,
1057 491 1108 517 an
1129 486 1293 526 contra,
1307 477 1575 519 demonstra-

115 568 118 570 -
137 548 180 580 ta
202 554 266 581 res
289 540 368 590 sit3
398 539 514 594 quod
537 537 676 578 omnis
698 535 906 576 orationis
927 534 1101 590 reliquae
1125 533 1221 575 fons
1243 544 1308 574 est
1329 536 1531 576 narratio.

190 596 407 652 Sequitur,
428 605 478 636 ut
497 609 626 636 causa
647 601 846 650 ponatur,
870 592 912 632 in
935 607 1021 647 quo
1046 591 1276 633 videndum
1298 601 1377 642 est,
1399 592 1504 646 quid
1528 593 1655 635 i11331

132 653 468 695 controversiam
504 651 663 692 veniat.
724 649 835 691 Tum
868 649 1138 706 suggerenda
1170 658 1269 690 sunt
1303 648 1574 691 firmamenta

131 725 272 752 causae
305 710 554 765 conjuncte,
574 718 618 750 et
647 707 914 748 infirmandis
948 707 1189 757 contrariis,
1222 715 1266 747 et
1298 707 1383 747 tuis
1416 707 1575 748 confir-

132 767 314 808 mandis.
337 781 522 822 namque
545 781 630 807 una
659 766 703 806 in
735 765 875 807 causis
908 765 1017 805 ratio
1050 764 1246 819 quaedam
1278 773 1344 804 est
1365 764 1457 820 ejus
1480 780 1575 806 ora-

132 825 278 876 tionis,
300 839 398 880 quae
417 825 470 865 ad
494 824 760 880 probandam
784 822 1201 878 argumentationem
1227 822 1354 863 valet.
1416 821 1480 862 Ea
1501 837 1576 863 au-

132 891 218 924 tem
240 891 285 923 et
305 881 679 923 confirmationem
702 888 746 921 et
767 880 1142 936 reprehensionem
1165 879 1343 934 quaerit:
1378 879 1451 920 sed
1474 880 1576 935 quia

131 953 271 995 neque
303 939 556 995 reprehendi
589 953 687 994 quae
720 946 872 979 contra
910 938 1127 987 dicuntur,
1158 944 1352 993 possunt,
1386 937 1467 977 nisi
1502 947 1577 979 tua

131 997 376 1047 confirmes,
399 1011 538 1052 neque
564 995 661 1037 haec
683 995 944 1043 confirmari,
971 995 1051 1035 nisi
1082 993 1153 1035 illa
1180 994 1480 1049 reprehendas,
1509 995 1575 1036 id-

131 1055 248 1096 circo
281 1054 377 1095 haec
410 1066 454 1094 et
484 1064 652 1103 natura,
684 1062 728 1093 et
762 1052 960 1103 utilitate,
984 1062 1027 1092 et
1051 1052 1309 1092 tractatione
1338 1052 1574 1107 conjuncta

129 1121 245 1153 sunt.
308 1112 467 1153 Omnia
488 1121 632 1152 autem
652 1109 950 1152 concludenda
983 1109 1233 1164 plerumque
1255 1109 1380 1149 rebus
1410 1117 1658 1165 augen-33‘2

130 1170 212 1220 dis,
234 1168 301 1210 vel
322 1169 631 1210 inflammando
646 1168 811 1223 judice,
835 1166 900 1207 vel
920 1166 1189 1222 mitigando:
1222 1167 1451 1221 omniaque
1472 1182 1573 1208 cum

131 1227 424 1284 superioribus
446 1226 653 1267 orationis
675 1225 796 1274 locis,
820 1234 911 1264 tum
934 1225 1124 1264 maxime
1145 1232 1356 1275 extremo,
1378 1225 1431 1265 ad
1454 1239 1575 1265 men-

131 1293 196 1325 tes
222 1284 424 1340 judicum
454 1298 584 1339 quam
613 1283 804 1323 maxime
831 1282 1156 1338 permovendaS,
1186 1290 1230 1322 et
1260 1281 1313 1322 ad
1343 1281 1573 1324 utilitatem

129 1352 322 1384 nostram
344 1341 573 1392 vocandas,
595 1339 856 1382 conferenda
877 1348 991 1380 sunt.

192 1399 346 1454 Neque
375 1413 475 1440 sane
501 1398 595 1455 jam
629 1413 758 1438 causa
788 1397 957 1438 videtur
987 1410 1094 1447 esse,
1127 1410 1203 1437 cur
1235 1409 1505 1437 secernamus
1526 1404 1662 1440 ea333

131 1466 365 1514 praecepta,
394 1471 491 1511 quae
521 1456 574 1498 de
603 1454 874 1496 suasionibus
905 1454 1111 1495 tradenda
1131 1462 1247 1505 sunt,
1269 1463 1343 1494 aut
1364 1453 1577 1496 laudatio-

130 1515 274 1556 nibus.
309 1524 409 1555 sunt
437 1513 552 1554 enim
585 1512 789 1569 pleraque
821 1512 1088 1553 communia:
1123 1511 1196 1552 sed
1227 1520 1370 1552 tamen
1400 1512 1578 1553 suadere

131 1571 310 1628 aliquid,
332 1580 407 1613 aut
426 1571 686 1621 dissuadere,
709 1569 974 1626 gravissimae
998 1568 1105 1611 mihi
1129 1568 1298 1610 videtur
1319 1583 1410 1610 esse
1432 1584 1578 1625 perso-

117 1643 216 1671 >nae.
261 1629 376 1670 Nam
394 1638 439 1670 et
460 1628 664 1685 sapientis
686 1636 765 1678 est,
787 1627 1014 1668 consilium
1034 1625 1252 1682 explicare
1275 1640 1397 1667 suum
1415 1628 1467 1667 de
1486 1641 1578 1669 ma-

132 1687 263 1728 ximis
286 1688 438 1738 rebus3
469 1696 513 1727 et
536 1685 719 1736 honesti,
742 1694 785 1726 et
807 1685 971 1735 diserti,
998 1693 1047 1725 ut
1070 1692 1214 1724 mente
1237 1684 1477 1739 providere,
1501 1699 1576 1725 au-

131 1745 335 1785 ctoritate
356 1744 553 1801 probare,
577 1743 773 1784 orat-ione
802 1741 1057 1798 persuadere
1089 1741 1241 1797 possit.
1301 1740 1445 1797 Atque
1479 1741 1574 1783 haec
1589 1737 1657 1786 82

133 1802 178 1843 in
201 1810 351 1843 senatu
370 1801 536 1842 minore
557 1809 766 1857 apparatu
788 1800 957 1855 agenda
975 1807 1099 1841 sunt:
1131 1802 1170 1833 77
1184 1798 1354 1854 sapiens
1376 1800 1490 1840 enim
1509 1809 1575 1841 est

132 1859 387 1901 consilium:
418 1858 651 1913 multisque
672 1857 766 1898 aliis
788 1857 959 1898 dicendi
982 1856 1284 1911 relinquendus
1307 1856 1440 1898 locus.
1500 1857 1575 1898 Vi-

133 1917 265 1958 tanda
285 1916 417 1957 etiam
438 1919 477 1950 78
492 1915 657 1971 ingenii
679 1914 982 1956 ostentationis
1001 1913 1205 1970 suspicio.
1268 1913 1436 1957 Concio
1457 1914 1576 1970 capit
1587 1924 1664 1959 334

133 1989 307 2015 omnem
329 1974 419 2015 vim
441 1973 663 2024 orationis,
686 1982 730 2013 et
748 1972 1021 2028 gravitatem,
1049 1971 1388 2026 varietatemque
1409 1972 1576 2013 deside-

132 2040 213 2073 rat.
276 2031 393 2087 Ergo
416 2031 460 2072 in
491 2030 708 2071 suadendo
730 2033 770 2064 79
782 2029 890 2070 nihil
911 2038 976 2070 est
997 2028 1246 2084 optabilius,
1279 2044 1409 2084 quam
1431 2029 1576 2085 digni-

133 2098 213 2130 tas.
231 2103 330 2131 nam
354 2089 428 2144 qui
450 2088 730 2129 {mutilitatem
755 2095 892 2142 putat,
915 2101 1002 2128 non
1024 2086 1128 2141 quid
1150 2086 1340 2129 maxime
1359 2086 1463 2127 velit
1480 2102 1577 2128 sua-

118 2161 218 2198 ·sor,
240 2147 312 2188 sed
342 2146 446 2201 quid
480 2146 696 2186 interdum
725 2145 864 2201 magis
895 2154 1112 2199 sequatur,
1144 2144 1300 2185 videt.-
1337 2144 1479 2186 Nemo
1511 2154 1620 2186 esth.

132 2204 263 2255 enim,
294 2204 535 2260 praesertim
557 2204 600 2244 in
624 2212 710 2244 tam
733 2201 848 2243 clara
868 2203 1060 2253 civitate,
1094 2201 1199 2256 quin
1222 2210 1346 2257 putet
1367 2211 1576 2258 expeten-

133 2261 233 2302 dam
273 2262 464 2302 maxime
500 2261 784 2317 dignitatem:
818 2260 891 2302 sed
933 2259 1069 2301 vincit
1111 2258 1274 2300 utilitas
1309 2259 1578 2316 plerumque,

130 2333 233 2360 cum
267 2319 414 2360 sub‘est
446 2318 515 2360 ille
549 2319 692 2369 timor,
713 2332 764 2358 ea
794 2317 1006 2374 neglecta,
1031 2331 1083 2358 ne
1114 2316 1374 2372 dignitatem
1401 2317 1577 2372 quidem

133 2390 259 2432 posse
281 2375 470 2416 retineri.
531 2374 838 2417 Controversia
859 2384 1001 2415 autem
1027 2375 1138 2414 inter
1159 2373 1383 2415 hominum
1406 2384 1576 2415 senten·
1586 2388 1664 2424 335

130 2435 231 2484 tias,
253 2443 328 2474 aut
346 2434 388 2474 in
412 2433 484 2473 illo
503 2442 582 2483 est,
601 2443 743 2473 utrum
760 2432 816 2472 sit
838 2432 1007 2473 utilius:
1040 2441 1115 2471 aut
1132 2432 1278 2481 etiam,
1297 2445 1396 2471 cum
1414 2432 1457 2473 id
1473 2447 1577 2473 con-

136 2491 267 2544 venit,
289 2500 493 2542 certatur,
521 2501 666 2532 utrum
699 2489 914 2531 honestati
944 2488 1104 2546 potius,
1135 2502 1189 2529 an
1220 2487 1398 2529 utilitati
1422 2504 1579 2531 consu-

134 2659 174 2679 ει
188 2647 321 2685 Aldina,
335 2657 369 2680 m
379 2657 443 2687 qua
455 2647 536 2678 vitio
549 2656 725 2688 operarum
737 2646 836 2678 litera
880 2645 1042 2676 Pearcius.
1057 2645 1123 2676 Ms.
1139 2645 1180 2676 E.
1190 2646 1334 2684 ingeniis
1345 2647 1580 2678 ostentationis.

134 2702 152 2722 ι·
166 2690 320 2721 excidisse
331 2689 476 2721 videtur:
501 2699 704 2729 quamquam
725 2690 771 2720 sie
785 2694 836 2720 est
878 2687 978 2727 Vulg.
993 2689 1016 2718 i.
1032 2690 1326 2727 ostentationisque.

136 2734 170 2764 in
187 2733 250 2763 Ms.
266 2732 304 2762 E.
322 2737 358 2763 et
368 2732 507 2763 fortasse
519 2733 624 2762 etiam
640 2732 674 2762 in
696 2731 780 2762 aliis.
922 2734 963 2765 79
985 2732 1070 2761 nihil
1092 2735 1137 2762 est
1160 2731 1346 2771 optabilius]
1376 2731 1397 2761 i.
1419 2741 1449 2762 e.
1475 2730 1580 2771 magis

176 2778 215 2809 77
239 2776 368 2814 sapiens
381 2785 408 2806 e.
425 2785 450 2806 e.
466 2774 663 2814 consilium]
692 2774 773 2805 Haec
787 2775 837 2804 in·
879 2771 1090 2812 deligendum
1105 2778 1140 2804 et
1154 2773 1371 2813 sequendum.

133 2818 239 2848 sititia
255 2823 348 2857 puto,
363 2823 398 2848 et
411 2828 429 2848 e
444 2817 576 2848 Seholio
593 2824 678 2847 orta.
919 2819 961 2846 80
982 2817 1163 2847 utilitatem
1174 2815 1302 2855 putat]
1329 2815 1416 2855 Quia
1430 2815 1580 2856 sequitur

177 2863 217 2893 78
239 2860 364 2899 ingenii
379 2859 614 2898 ostentationis]
646 2859 699 2889 Sic
713 2857 764 2888 ed.
780 2857 832 2889 W.
876 2866 908 2888 n.
933 2868 964 2897 q.
986 2867 1030 2889 m.
1053 2868 1085 2888 v.
1105 2867 1232 2894 suasor,
1254 2856 1509 2900 intelligendum
1528 2862 1579 2889 eut

136 2907 171 2933 et
199 2901 280 2933 Mss.
308 2902 453 2942 quidam,
484 2903 580 2942 idque
597 2907 696 2933 secte
732 2899 835 2932 edidit
878 2899 917 2931 de
934 2900 1075 2931 rhetoris
1091 2901 1258 2942 opinione.
1498 2920 1500 2922 v
