1945 3235
319 150 372 187 24
795 146 878 186 AD
913 146 1294 189 HERENNIUM

319 261 438 292 mus:
461 258 504 291 et
522 258 596 292 aut
610 252 797 309 aliquam
812 253 1164 304 fictamffabulam
1183 255 1226 296 in
1241 253 1507 297 adversarios
1524 253 1769 311 afferemuS,

318 321 449 363 quam
479 308 673 353 dicamus
706 310 908 352 omnibus
941 312 985 353 in
1016 327 1089 354 ore
1119 327 1236 364 esse3
1267 322 1343 354 aut
1371 326 1520 353 verum
1551 329 1767 369 rumorem

319 365 687 424 proferemus‚qui
712 367 792 408 illis
815 368 976 424 aliquid
991 370 1270 426 turpitudinis
1285 369 1600 426 asterat‚neque
1622 382 1768 416 tamen

317 422 357 463 ci
379 424 541 470 rumori
558 440 634 466 nos
653 426 781 467 fidem
803 427 959 468 habere
977 427 1196 479 dicemus3
1218 427 1316 469 ideo
1335 428 1451 484 quod
1473 429 1614 484 quivis
1633 429 1769 472 homo

317 480 456 538 possit
488 484 685 536 quemvis
717 491 885 540 turpem
923 484 976 526 de
1009 485 1204 541 quolibet
1231 499 1450 527 rumorem
1483 485 1690 543 proferre,
1722 495 1770 530 et

318 537 552 580 confictam
576 540 767 582 fabulam
801 541 1024 598 dissipare.
1085 542 1380 586 Veruntamen
1411 544 1445 584 si
1469 558 1616 586 rumor
1636 545 1770 586 vehe-
1798 568 1801 570 ·

316 606 484 637 menter
506 598 743 654 probabilis
765 613 856 640 esse
879 599 1110 651 videbitur,
1124 601 1467 657 argumentando
1486 599 1615 644 famae
1634 601 1767 645 fidem

317 653 556 709 poterimus
579 657 804 712 abrogare.
866 656 998 703 Quod
1020 666 1063 698 et
1084 658 1341 700 difficillima
1370 668 1565 701 tractatu,
1578 668 1645 702 est
1661 675 1769 702 con-

318 711 490 752 stitutio
521 713 843 768 conjecturaliS,
873 724 917 756 et
949 715 992 756 in
1023 716 1133 756 veris
1164 717 1305 757 causis
1336 717 1574 773 saepissime
1603 719 1769 759 36trac-

316 770 449 810 tanda
478 779 557 822 est,
576 785 628 812 eo
659 771 911 827 diligentius
943 786 1091 814 omnes
1122 773 1216 829 ejus
1248 784 1390 830 partes
1413 776 1671 831 perscrutati
1695 790 1768 817 su-

315 841 436 879 mus3
469 836 517 868 ut
539 842 592 869 ne
621 829 802 884 parvula
824 829 1000 885 quidem
1023 831 1286 872 titubatione
1307 840 1383 872 aut
1414 832 1654 874 offensione
1685 833 1768 874 im·

317 885 576 941 pediremur,
612 887 647 926 si
680 886 733 927 ad
765 886 877 928 hanc
918 888 1132 930 rationem
1174 889 1496 946 praeceptionis,
1535 890 1766 932 assiduita-

268 931 304 986 9
320 954 405 983 tem
429 943 754 985 exercitationis
776 947 815 978 37
830 945 1293 987 accommodassemus.
1327 947 1367 988 N
1373 962 1456 989 unc
1479 948 1532 989 ad
1555 947 1766 1004 legitimae

257 1003 304 1038 13
319 1001 643 1042 constitutionis
667 1011 809 1058 partes
839 1010 1121 1044 transeamus.
1183 1003 1297 1045 Cum
1321 1004 1519 1046 voluntas
1542 1005 1767 1062 scriptoris

316 1072 417 1099 cum
449 1059 611 1114 scripto
642 1059 849 1101 dissidere
879 1059 1111 1112 videbitur,
1145 1060 1180 1102 si
1211 1076 1237 1102 a
1266 1061 1429 1117 scripto
1458 1062 1667 1114 dicemus,
1698 1063 1769 1104 his

314 1115 422 1157 locis
460 1126 647 1168 utemur,
690 1116 928 1158 secundum
964 1118 1281 1161 narrationem:
1314 1120 1504 1176 primum
1543 1121 1768 1177 scriptoris

312 1173 657 1216 collaudatione:
689 1174 846 1216 deinde
865 1175 1014 1231 scripti
1034 1176 1311 1218 recitatione:
1336 1176 1492 1218 deinde
1510 1186 1768 1234 percuncta-

313 1231 446 1281 tione,
470 1232 686 1273 scirentne
715 1233 947 1274 adversarii
972 1234 1013 1274 id
1037 1233 1247 1290 scriptum
1270 1233 1401 1275 fuisse
1423 1235 1467 1276 in
1490 1234 1601 1292 lege,
1622 1235 1768 1279 autin

312 1298 588 1341 testamento,
608 1299 683 1331 aut
705 1290 746 1331 in
768 1290 1062 1347 stipulatione,
1086 1292 1218 1333 autin
1238 1292 1434 1348 quolibet
1447 1289 1625 1349 scripto,
1648 1293 1767 1349 quod

309 1346 414 1387 38ad
446 1362 541 1388 eam
575 1362 665 1388 rcm
699 1348 938 1404 pertineat:
970 1348 1127 1390 deinde
1156 1350 1403 1401 collatione,
1426 1350 1530 1406 quid
1554 1351 1767 1408 scriptum

309 1404 380 1456 sit,
412 1405 515 1460 quid
550 1405 781 1446 adversarii
813 1420 858 1447 se
889 1405 1042 1447 fecisse
1075 1407 1250 1459 dicaut;
1279 1408 1384 1463 quid
1411 1407 1609 1463 judicem
1643 1407 1766 1464 sequi

307 1463 556 1514 conveniat,
577 1471 721 1504 utrum
744 1463 802 1514 id,
825 1464 942 1519 quod
974 1464 1205 1521 diligenter
1224 1465 1511 1522 perscriptum
1535 1466 1605 1518 sit,
1628 1481 1682 1508 an
1705 1466 1766 1518 id,

308 1520 425 1575 quod
460 1530 587 1561 acute
622 1521 677 1561 sit
707 1522 1037 1577 excogitatum:
1071 1522 1226 1564 deinde
1257 1537 1307 1564 ea
1330 1523 1558 1574 sententia,
1587 1538 1684 1579 quae
1708 1524 1766 1565 ab

308 1578 562 1619 adversariis
585 1578 641 1618 sit
662 1580 929 1633 excogitata,
952 1589 995 1620 et
1027 1580 1189 1636 scripto
1212 1582 1438 1631 attributa,
1460 1589 1768 1623 contemnetur

306 1644 352 1676 et
382 1635 695 1678 infirmabitur.'
750 1635 921 1678 Deinde
951 1647 1185 1692 quaeretur,
1215 1638 1320 1694 quid
1351 1638 1391 1679 ei
1423 1638 1630 1690 obfuerit,
1653 1639 1688 1680 si
1720 1638 1766 1681 id

307 1693 516 1734 voluisset
547 1694 805 1745 adscribere,
836 1709 941 1735 num
973 1709 1058 1736 non
1083 1697 1275 1751 potuerit
1305 1696 1531 1752 perscribi.
1592 1695 1767 1738 Deinde

306 1751 480 1792 anobis
513 1752 729 1794 sententia
759 1752 1009 1808 reperietur,
1041 1762 1085 1794 et
1116 1767 1246 1794 causa
1276 1753 1534 1809 proferetur,
1557 1768 1689 1809 quare
1720 1753 1766 1796 id

306 1810 491 1865 scriptor
512 1811 705 1860 senserit,
729 1810 845 1864 quod
866 1810 1142 1866 perscripsit:
1175 1820 1219 1852 et
1235 1811 1766 1868 demonstrabiturtscrip-

306 1875 399 1908 tum
436 1866 539 1907 iliud
562 1881 654 1908 esse
677 1867 880 1919 dilucide,
904 1868 1106 1919 breviter,
1136 1869 1382 1920 commode,
1406 1868 1613 1925 perfecte,
1645 1878 1767 1911 certa.

304 1939 404 1964 cum
432 1924 614 1965 ratione.
679 1924 851 1966 Deinde
884 1925 1085 1981 exempla
1115 1925 1402 1981 proferentur,
1433 1942 1532 1983 quae
1559 1941 1639 1978 res,
1662 1941 1765 1970 cum

304 1982 358 2022 ab
391 1982 646 2023 adversariis
667 1986 708 2018 39
723 1984 937 2024 sententia
968 1992 1013 2024 et
1044 1983 1243 2025 voluntas
1275 1984 1514 2036 afferretur,
1545 1999 1571 2026 a
1600 1984 1766 2040 scripto

304 2039 451 2096 potius
477 2039 691 2094 judicatae
726 2048 840 2080 sunt.
903 2040 1075 2082 Deinde
1105 2041 1371 2092 ostendetur,
1395 2056 1525 2097 quam
1548 2041 1766 2098 periculo-

305 2111 400 2137 sum
437 2097 492 2138 sit
524 2112 547 2137 a
578 2098 741 2153 scripto
784 2098 998 2139 recedere.
1062 2097 1204 2140 Locus
1237 2100 1482 2140 communis
1514 2108 1581 2140 est
1610 2108 1766 2142 contra

304 2169 419 2206 eum,
443 2156 532 2210 qui,
548 2169 647 2196 cum
670 2155 871 2206 fateatur,
892 2170 936 2196 se
956 2164 1110 2197 contra
1128 2156 1187 2207 id,
1206 2157 1322 2211 quod
1344 2157 1511 2212 legibus
1531 2157 1763 2209 sancitum,

306 2223 380 2253 aut
407 2222 668 2254 testamento
691 2213 979 2269 perscriptum
1003 2213 1074 2264 sit,
1098 2212 1266 2264 fecisse,
1299 2224 1444 2254 tamen
1467 2214 1572 2255 facti
1595 2223 1765 2270 quaer-at

226 2261 620 2311 lOdefensionem.
681 2270 721 2310 A
744 2271 959 2311 sententia
980 2271 1042 2311 sic
1065 2270 1273 2312 dicemus.
1336 2271 1532 2313 Primum
1567 2271 1765 2313 laudabi-

249 2334 296 2367 14
310 2343 404 2370 mus
435 2327 657 2385 scriptoris
690 2328 1049 2383 commoditatem
1072 2338 1203 2384 atque
1226 2329 1502 2382 brevitatem,
1525 2330 1643 2385 quod
1666 2340 1764 2371 tan-

344 2454 386 2485 36
410 2453 605 2485 Tractanda
617 2453 690 2493 est]
716 2453 782 2485 Ms.
808 2453 901 2485 Cort.
922 2453 1011 2485 delet
1096 2455 1137 2484 38
1160 2453 1216 2484 Ad
1239 2464 1315 2485 eam
1343 2465 1414 2485 rem
1441 2453 1638 2495 pertineam]
1664 2454 1762 2488 Edidi

301 2501 361 2534 est,
379 2496 467 2536 quod
481 2507 548 2528 non
564 2497 726 2537 displicet.

344 2542 383 2572 37
399 2539 768 2579 Aecommodassemus]
786 2538 1012 2579 SicMss-plu-

302 2591 352 2612 tos
367 2587 401 2611 et
423 2582 494 2612 edd.
513 2593 560 2622 pr.
585 2592 686 2621 usquc
703 2582 743 2612 ad
763 2582 897 2612 Aldum.
943 2581 1012 2612 lta-

301 2634 365 2663 que
384 2625 566 2665 recepimus
592 2635 652 2664 pro
671 2624 808 2656 vulcam
834 2633 1012 2654 accommo-

302 2668 470 2697 duremus.
498 2666 629 2706 Nempe
650 2667 869 2706 intelligimus
885 2666 924 2697 de
937 2677 1010 2698 ora.

300 2714 386 2746 tore,
403 2710 459 2749 qui
475 2708 515 2739 ad
528 2708 616 2739 hanc
631 2710 794 2739 rationem
810 2718 843 2739 se
862 2710 1009 2740 exercuit

300 2752 444 2782 assidue:
460 2761 528 2782 non
538 2751 577 2781 de
589 2752 826 2782 exercitatione
840 2752 922 2792 ipsa,
932 2757 1007 2782 tan-

299 2804 398 2833 quam
427 2799 526 2831 esset,
555 2795 803 2825 accommodare
834 2794 1006 2825 vellemus.

299 2836 388 2867 Nam
411 2836 570 2866 titubatio
593 2841 626 2866 et
649 2835 786 2867 offensio
810 2846 876 2867 non
900 2842 950 2866 est
974 2838 1007 2867 iu

298 2879 550 2916 exercitatione,
579 2879 635 2909 sed
669 2880 705 2909 in
745 2884 824 2911 actu
862 2879 1006 2919 dicendi,

300 2931 376 2952 cum
391 2931 514 2953 caussae
528 2928 685 2962 aguntur.

1053 2496 1386 2536 cumGraevquuffln
1400 2496 1763 2537 etOudend.sequitu1-‚
1799 2526 1802 2530 ,

1054 2548 1141 2575 eam,
1166 2549 1224 2579 pro
1247 2540 1397 2575 eandem,
1421 2538 1508 2579 quod
1529 2543 1579 2569 est
1602 2539 1762 2571 alienum.

1055 2580 1096 2611 In
1119 2581 1169 2611 ed.
1194 2586 1308 2612 nostra
1333 2581 1420 2612 Med.
1442 2586 1493 2612 est
1519 2582 1604 2621 quod
1623 2582 1670 2611 ad
1689 2591 1763 2612 rem

1050 2624 1219 2663 pertineat
1228 2638 1238 2657 ;
1255 2624 1342 2664 quod
1357 2630 1391 2653 et
1404 2624 1525 2656 melius
1539 2629 1631 2664 puto.
1655 2623 1762 2656 Iidem

1053 2665 1246 2697 maluerunt
1262 2667 1452 2706 pertinebit,
1479 2666 1566 2705 quod
1589 2671 1640 2697 est
1654 2667 1760 2698 etiam

1052 2709 1086 2738 in
1102 2708 1228 2739 duobus
1250 2709 1371 2739 nostris
1391 2714 1427 2739 et
1449 2708 1500 2739 cd.
1523 2709 1620 2740 aunt.
1663 2708 1762 2742 Nihil

1052 2750 1193 2781 interest
1206 2750 1247 2781 ad
1261 2761 1406 2782 sensum.

1093 2796 1134 2827 39
1150 2793 1321 2824 Sententia
1337 2798 1368 2824 et
1379 2796 1531 2825 voluntas
1545 2791 1757 2836 afferretur]

1053 2835 1171 2866 Delevi
1186 2837 1380 2867 redderetur
1400 2841 1476 2877 post
1489 2838 1662 2867 sententia.
1690 2836 1763 2867 Ab·-

1051 2882 1103 2908 est
1125 2889 1144 2908 a
1171 2878 1235 2909 Ms.
1251 2878 1341 2920 Lips.
1357 2884 1391 2909 ct
1407 2878 1517 2910 Guelf.
1532 2879 1588 2911 sed
1607 2879 1675 2912 alia
1687 2889 1761 2911 ma-

1051 2929 1098 2952 nu
1112 2922 1200 2954 inter
1214 2921 1319 2954 lineas
1331 2923 1507 2965 scriptum.
