<?xml version="1.0" encoding="UTF-8"?>
<!DOCTYPE html PUBLIC "-//W3C//DTD XHTML 1.0 Transitional//EN"
    "http://www.w3.org/TR/xhtml1/DTD/xhtml1-transitional.dtd">
<html xmlns="http://www.w3.org/1999/xhtml" xml:lang="en" lang="en">
 <head>
  <title>
</title>
<meta http-equiv="Content-Type" content="text/html;charset=utf-8" />
  <meta name='ocr-system' content='tesseract 3.04.00' />
  <meta name='ocr-capabilities' content='ocr_page ocr_carea ocr_par ocr_line ocrx_word'/>
</head>
<body>
  <div class='ocr_page' id='page_1' title='image "./operaomnia01ciceuoft/operaomnia01ciceuoft_0484.png"; bbox 0 0 1945 3235; ppageno 0'>
   <div class='ocr_carea' id='block_1_1' title="bbox 323 104 1255 144">
    <p class='ocr_par' dir='ltr' id='par_1_1' title="bbox 323 104 1255 144">
     <span class='ocr_line' id='line_1_1' title="bbox 323 104 1255 144; baseline 0.004 -4"><span class='ocrx_word' id='word_1_1' title='bbox 323 105 405 141; x_wconf 78' lang='lat'><strong>412</strong></span> <span class='ocrx_word' id='word_1_2' title='bbox 849 104 929 143; x_wconf 91' lang='lat' dir='ltr'><strong>DE</strong></span> <span class='ocrx_word' id='word_1_3' title='bbox 962 105 1255 144; x_wconf 88' lang='lat' dir='ltr'><strong>ORATORE</strong></span> 
     </span>
    </p>
   </div>
   <div class='ocr_carea' id='block_1_2' title="bbox 192 207 1770 1300">
    <p class='ocr_par' dir='ltr' id='par_1_2' title="bbox 192 207 1770 1294">
     <span class='ocr_line' id='line_1_2' title="bbox 325 207 1767 264; baseline 0 -14"><span class='ocrx_word' id='word_1_4' title='bbox 325 209 506 250; x_wconf 83' lang='lat' dir='ltr'>blicam:</span> <span class='ocrx_word' id='word_1_5' title='bbox 543 207 644 249; x_wconf 90' lang='lat' dir='ltr'><strong>nolo</strong></span> <span class='ocrx_word' id='word_1_6' title='bbox 671 215 819 250; x_wconf 81' lang='lat' dir='ltr'><strong>stercus</strong></span> <span class='ocrx_word' id='word_1_7' title='bbox 855 210 977 252; x_wconf 77' lang='lat' dir='ltr'><strong>curia:</strong></span> <span class='ocrx_word' id='word_1_8' title='bbox 1011 210 1094 251; x_wconf 88' lang='lat' dir='ltr'><strong>dici</strong></span> <span class='ocrx_word' id='word_1_9' title='bbox 1121 208 1375 252; x_wconf 82' lang='lat' dir='ltr'>Glauciam.</span> <span class='ocrx_word' id='word_1_10' title='bbox 1408 207 1604 264; x_wconf 85' lang='lat' dir='ltr'><strong>quamvis</strong></span> <span class='ocrx_word' id='word_1_11' title='bbox 1634 208 1689 250; x_wconf 87' lang='lat' dir='ltr'><strong>sit</strong></span> <span class='ocrx_word' id='word_1_12' title='bbox 1709 208 1767 250; x_wconf 88' lang='lat' dir='ltr'><strong>si-</strong></span> 
     </span>
     <span class='ocr_line' id='line_1_3' title="bbox 326 265 1765 323; baseline 0 -17"><span class='ocrx_word' id='word_1_13' title='bbox 326 266 441 316; x_wconf 86' lang='lat' dir='ltr'><strong>mile,</strong></span> <span class='ocrx_word' id='word_1_14' title='bbox 465 276 607 306; x_wconf 83' lang='lat' dir='ltr'><strong>tamen</strong></span> <span class='ocrx_word' id='word_1_15' title='bbox 629 277 693 307; x_wconf 88' lang='lat' dir='ltr'><strong>est</strong></span> <span class='ocrx_word' id='word_1_16' title='bbox 717 267 757 307; x_wconf 89' lang='lat' dir='ltr'><strong>in</strong></span> <span class='ocrx_word' id='word_1_17' title='bbox 785 277 965 322; x_wconf 85' lang='lat' dir='ltr'><strong>utroque</strong></span> <span class='ocrx_word' id='word_1_18' title='bbox 993 267 1197 309; x_wconf 82' lang='lat' dir='ltr'><strong>deformis</strong></span> <span class='ocrx_word' id='word_1_19' title='bbox 1225 266 1435 323; x_wconf 82' lang='lat' dir='ltr'>cogitatio</span> <span class='ocrx_word' id='word_1_20' title='bbox 1458 265 1765 307; x_wconf 85' lang='lat' dir='ltr'><strong>similitudinis.</strong></span> 
     </span>
     <span class='ocr_line' id='line_1_4' title="bbox 192 322 1770 388; baseline -0.001 -24"><span class='ocrx_word' id='word_1_21' title='bbox 192 338 224 369; x_wconf 82' lang='lat' dir='ltr'>p</span> <span class='ocrx_word' id='word_1_22' title='bbox 245 329 313 358; x_wconf 80' lang='lat'><strong>158</strong></span> <span class='ocrx_word' id='word_1_23' title='bbox 329 323 444 364; x_wconf 87' lang='lat' dir='ltr'><strong>Nolo</strong></span> <span class='ocrx_word' id='word_1_24' title='bbox 475 338 566 364; x_wconf 83' lang='lat' dir='ltr'><strong>esse</strong></span> <span class='ocrx_word' id='word_1_25' title='bbox 599 335 672 364; x_wconf 85' lang='lat' dir='ltr'><strong>aut</strong></span> <span class='ocrx_word' id='word_1_26' title='bbox 699 324 852 388; x_wconf 73' lang='lat' dir='ltr'><strong>majus,</strong></span> <span class='ocrx_word' id='word_1_27' title='bbox 885 340 1011 380; x_wconf 80' lang='lat' dir='ltr'><strong>quam</strong></span> <span class='ocrx_word' id='word_1_28' title='bbox 1046 339 1109 365; x_wconf 83' lang='lat' dir='ltr'><strong>ies</strong></span> <span class='ocrx_word' id='word_1_29' title='bbox 1142 324 1342 380; x_wconf 81' lang='lat' dir='ltr'>postulet,</span> <span class='ocrx_word' id='word_1_30' title='bbox 1377 323 1602 378; x_wconf 79' lang='lat' dir='ltr'><em>Tempestas</em></span> <span class='ocrx_word' id='word_1_31' title='bbox 1630 322 1770 363; x_wconf 81' lang='lat' dir='ltr'><strong>comis·</strong></span> 
     </span>
     <span class='ocr_line' id='line_1_5' title="bbox 282 380 1766 436; baseline -0.001 -14.943"><span class='ocrx_word' id='word_1_32' title='bbox 282 380 516 422; x_wconf 39' lang='lat' dir='ltr'><strong>&amp;sationis-</strong></span> <span class='ocrx_word' id='word_1_33' title='bbox 546 392 621 422; x_wconf 86' lang='lat' dir='ltr'><strong>aut</strong></span> <span class='ocrx_word' id='word_1_34' title='bbox 652 382 808 431; x_wconf 81' lang='lat' dir='ltr'><strong>minus,</strong></span> <span class='ocrx_word' id='word_1_35' title='bbox 834 381 1072 423; x_wconf 75' lang='lat' dir='ltr'><strong>Comissatio</strong></span> <span class='ocrx_word' id='word_1_36' title='bbox 1096 382 1354 436; x_wconf 76' lang='lat' dir='ltr'><strong>tempestatis·</strong></span> <span class='ocrx_word' id='word_1_37' title='bbox 1415 380 1530 422; x_wconf 84' lang='lat' dir='ltr'><strong>Nolo</strong></span> <span class='ocrx_word' id='word_1_38' title='bbox 1561 394 1652 420; x_wconf 87' lang='lat' dir='ltr'><strong>esse</strong></span> <span class='ocrx_word' id='word_1_39' title='bbox 1673 393 1766 420; x_wconf 86' lang='lat' dir='ltr'><strong>ver-</strong></span> 
     </span>
     <span class='ocr_line' id='line_1_6' title="bbox 326 436 1770 495; baseline 0 -17"><span class='ocrx_word' id='word_1_40' title='bbox 326 439 429 479; x_wconf 89' lang='lat' dir='ltr'><strong>bum</strong></span> <span class='ocrx_word' id='word_1_41' title='bbox 452 440 677 495; x_wconf 81' lang='lat' dir='ltr'><strong>angustius</strong></span> <span class='ocrx_word' id='word_1_42' title='bbox 703 439 758 489; x_wconf 90' lang='lat' dir='ltr'><strong>id,</strong></span> <span class='ocrx_word' id='word_1_43' title='bbox 780 439 893 494; x_wconf 90' lang='lat' dir='ltr'><strong>quod</strong></span> <span class='ocrx_word' id='word_1_44' title='bbox 924 439 1175 480; x_wconf 84' lang='lat' dir='ltr'><strong>translatum</strong></span> <span class='ocrx_word' id='word_1_45' title='bbox 1199 439 1268 489; x_wconf 85' lang='lat' dir='ltr'><strong>sit,</strong></span> <span class='ocrx_word' id='word_1_46' title='bbox 1289 441 1469 494; x_wconf 80' lang='lat' dir='ltr'><strong>35qua1n</strong></span> <span class='ocrx_word' id='word_1_47' title='bbox 1492 436 1642 478; x_wconf 84' lang='lat' dir='ltr'><strong>fuisset</strong></span> <span class='ocrx_word' id='word_1_48' title='bbox 1665 436 1770 478; x_wconf 83' lang='lat' dir='ltr'><strong>illud</strong></span> 
     </span>
     <span class='ocr_line' id='line_1_7' title="bbox 325 493 1770 552; baseline -0.001 -16"><span class='ocrx_word' id='word_1_49' title='bbox 325 496 546 552; x_wconf 89' lang='lat' dir='ltr'><strong>proprium</strong></span> <span class='ocrx_word' id='word_1_50' title='bbox 579 512 629 537; x_wconf 82' lang='lat' dir='ltr'><strong>ac</strong></span> <span class='ocrx_word' id='word_1_51' title='bbox 660 511 808 537; x_wconf 88' lang='lat' dir='ltr'><strong>suum:</strong></span> <span class='ocrx_word' id='word_1_52' title='bbox 841 496 1036 552; x_wconf 80' lang='lat' dir='ltr'><strong>quidnam</strong></span> <span class='ocrx_word' id='word_1_53' title='bbox 1066 505 1137 547; x_wconf 85' lang='lat' dir='ltr'><strong>est,</strong></span> <span class='ocrx_word' id='word_1_54' title='bbox 1159 496 1350 538; x_wconf 69' lang='lat' dir='ltr'><strong>obsecro?</strong></span> <span class='ocrx_word' id='word_1_55' title='bbox 1381 494 1482 552; x_wconf 75' lang='lat' dir='ltr'><strong>quid</strong></span> <span class='ocrx_word' id='word_1_56' title='bbox 1510 502 1548 536; x_wconf 86' lang='lat' dir='ltr'><strong>te</strong></span> <span class='ocrx_word' id='word_1_57' title='bbox 1563 493 1674 536; x_wconf 79' lang='lat' dir='ltr'><strong>adiri</strong></span> <span class='ocrx_word' id='word_1_58' title='bbox 1693 494 1770 535; x_wconf 87' lang='lat' dir='ltr'><strong>ab-</strong></span> 
     </span>
     <span class='ocr_line' id='line_1_8' title="bbox 324 551 1769 608; baseline -0.002 -14"><span class='ocrx_word' id='word_1_59' title='bbox 324 551 481 594; x_wconf 71' lang='lat' dir='ltr'><strong>nutas?</strong></span> <span class='ocrx_word' id='word_1_60' title='bbox 512 554 661 594; x_wconf 84' lang='lat' dir='ltr'><strong>melius</strong></span> <span class='ocrx_word' id='word_1_61' title='bbox 693 563 818 603; x_wconf 84' lang='lat' dir='ltr'><strong>esset,</strong></span> <span class='ocrx_word' id='word_1_62' title='bbox 840 561 963 603; x_wconf 80' lang='lat' dir='ltr'><strong>zetas,</strong></span> <span class='ocrx_word' id='word_1_63' title='bbox 988 554 1192 608; x_wconf 73' lang='lat' dir='ltr'><em>prohibes,</em></span> <span class='ocrx_word' id='word_1_64' title='bbox 1215 554 1430 595; x_wconf 79' lang='lat' dir='ltr'><strong>absterres:</strong></span> <span class='ocrx_word' id='word_1_65' title='bbox 1461 552 1667 608; x_wconf 80' lang='lat' dir='ltr'><strong>quoniam</strong></span> <span class='ocrx_word' id='word_1_66' title='bbox 1699 551 1769 592; x_wconf 82' lang='lat' dir='ltr'><strong>iile</strong></span> 
     </span>
     <span class='ocr_line' id='line_1_9' title="bbox 326 607 1768 667; baseline -0.002 -16"><span class='ocrx_word' id='word_1_67' title='bbox 326 611 511 661; x_wconf 81' lang='lat' dir='ltr'><strong>dixerat,</strong></span> <span class='ocrx_word' id='word_1_68' title='bbox 533 610 706 652; x_wconf 75' lang='lat' dir='ltr'><strong>361llico</strong></span> <span class='ocrx_word' id='word_1_69' title='bbox 740 611 843 658; x_wconf 76' lang='lat' dir='ltr'><strong>istic,</strong></span> <span class='ocrx_word' id='word_1_70' title='bbox 867 625 915 652; x_wconf 79' lang='lat' dir='ltr'><strong>ne</strong></span> <span class='ocrx_word' id='word_1_71' title='bbox 944 611 1133 667; x_wconf 81' lang='lat' dir='ltr'><strong>contagio</strong></span> <span class='ocrx_word' id='word_1_72' title='bbox 1162 626 1249 653; x_wconf 85' lang='lat' dir='ltr'><strong>mea</strong></span> <span class='ocrx_word' id='word_1_73' title='bbox 1287 611 1413 662; x_wconf 78' lang='lat' dir='ltr'><strong>bonis,</strong></span> <span class='ocrx_word' id='word_1_74' title='bbox 1435 609 1629 652; x_wconf 79' lang='lat' dir='ltr'><strong>umbrave</strong></span> <span class='ocrx_word' id='word_1_75' title='bbox 1649 607 1768 649; x_wconf 79' lang='lat' dir='ltr'><strong>obsit.</strong></span> 
     </span>
     <span class='ocr_line' id='line_1_10' title="bbox 241 665 1770 723; baseline -0.002 -14"><span class='ocrx_word' id='word_1_76' title='bbox 241 675 313 710; x_wconf 88' lang='lat'><strong>165</strong></span> <span class='ocrx_word' id='word_1_77' title='bbox 326 667 471 723; x_wconf 84' lang='lat' dir='ltr'><strong>Atque</strong></span> <span class='ocrx_word' id='word_1_78' title='bbox 490 669 636 718; x_wconf 85' lang='lat' dir='ltr'><strong>etiam,</strong></span> <span class='ocrx_word' id='word_1_79' title='bbox 659 669 692 708; x_wconf 87' lang='lat' dir='ltr'><strong>si</strong></span> <span class='ocrx_word' id='word_1_80' title='bbox 719 682 901 718; x_wconf 80' lang='lat' dir='ltr'><strong>v·e1eare‚</strong></span> <span class='ocrx_word' id='word_1_81' title='bbox 925 683 976 708; x_wconf 90' lang='lat' dir='ltr'><strong>ne</strong></span> <span class='ocrx_word' id='word_1_82' title='bbox 1001 668 1141 723; x_wconf 84' lang='lat' dir='ltr'><strong>paullo</strong></span> <span class='ocrx_word' id='word_1_83' title='bbox 1171 669 1317 709; x_wconf 89' lang='lat' dir='ltr'><strong>durior</strong></span> <span class='ocrx_word' id='word_1_84' title='bbox 1340 667 1561 709; x_wconf 78' lang='lat' dir='ltr'><strong>tianslatio</strong></span> <span class='ocrx_word' id='word_1_85' title='bbox 1592 680 1683 707; x_wconf 85' lang='lat' dir='ltr'><strong>esse</strong></span> <span class='ocrx_word' id='word_1_86' title='bbox 1707 665 1770 706; x_wconf 94' lang='lat' dir='ltr'><strong>vi-</strong></span> 
     </span>
     <span class='ocr_line' id='line_1_11' title="bbox 324 700 1769 782; baseline -0.001 -16"><span class='ocrx_word' id='word_1_87' title='bbox 324 726 492 775; x_wconf 85' lang='lat' dir='ltr'><strong>deatur,</strong></span> <span class='ocrx_word' id='word_1_88' title='bbox 520 700 752 766; x_wconf 81' lang='lat' dir='ltr'><strong>mollienda</strong></span> <span class='ocrx_word' id='word_1_89' title='bbox 771 736 850 776; x_wconf 89' lang='lat' dir='ltr'><strong>est,</strong></span> <span class='ocrx_word' id='word_1_90' title='bbox 873 728 911 759; x_wconf 77' lang='grc'><strong>37</strong></span> <span class='ocrx_word' id='word_1_91' title='bbox 929 725 1162 781; x_wconf 65' lang='lat' dir='ltr'><strong>praeposito</strong></span> <span class='ocrx_word' id='word_1_92' title='bbox 1186 740 1300 782; x_wconf 88' lang='lat' dir='ltr'><strong>saepe</strong></span> <span class='ocrx_word' id='word_1_93' title='bbox 1326 727 1482 767; x_wconf 78' lang='lat' dir='ltr'><strong>verzbo</strong></span> <span class='ocrx_word' id='word_1_94' title='bbox 1515 735 1563 766; x_wconf 86' lang='lat' dir='ltr'><strong>ut</strong></span> <span class='ocrx_word' id='word_1_95' title='bbox 1589 724 1624 765; x_wconf 90' lang='lat' dir='ltr'><strong>si</strong></span> <span class='ocrx_word' id='word_1_96' title='bbox 1648 723 1769 775; x_wconf 89' lang='lat' dir='ltr'><strong>olim,</strong></span> 
     </span>
     <span class='ocr_line' id='line_1_12' title="bbox 326 781 1768 838; baseline -0.001 -15"><span class='ocrx_word' id='word_1_97' title='bbox 326 782 393 824; x_wconf 88' lang='grc' dir='ltr'><strong>Μ.</strong></span> <span class='ocrx_word' id='word_1_98' title='bbox 419 783 586 824; x_wconf 77' lang='lat' dir='ltr'><strong>Catone</strong></span> <span class='ocrx_word' id='word_1_99' title='bbox 608 792 794 833; x_wconf 77' lang='lat' dir='ltr'><strong>mortun,</strong></span> <span class='ocrx_word' id='word_1_100' title='bbox 812 782 1014 837; x_wconf 76' lang='lat' dir='ltr'><strong>pupillum</strong></span> <span class='ocrx_word' id='word_1_101' title='bbox 1037 792 1231 824; x_wconf 81' lang='lat' dir='ltr'><strong>sena-tum</strong></span> <span class='ocrx_word' id='word_1_102' title='bbox 1255 784 1350 838; x_wconf 86' lang='lat' dir='ltr'><strong>quis</strong></span> <span class='ocrx_word' id='word_1_103' title='bbox 1373 783 1568 824; x_wconf 85' lang='lat' dir='ltr'><strong>relictum</strong></span> <span class='ocrx_word' id='word_1_104' title='bbox 1591 781 1768 832; x_wconf 88' lang='lat' dir='ltr'><strong>diceret,</strong></span> 
     </span>
     <span class='ocr_line' id='line_1_13' title="bbox 323 838 1768 896; baseline -0.001 -16"><span class='ocrx_word' id='word_1_105' title='bbox 323 839 465 896; x_wconf 79' lang='grc' dir='ltr'>Ρ·ιυ110</span> <span class='ocrx_word' id='word_1_106' title='bbox 490 840 663 892; x_wconf 81' lang='lat' dir='ltr'><strong>durius3</strong></span> <span class='ocrx_word' id='word_1_107' title='bbox 696 841 776 889; x_wconf 86' lang='lat' dir='ltr'><strong>sin,</strong></span> <span class='ocrx_word' id='word_1_108' title='bbox 799 847 844 880; x_wconf 88' lang='lat' dir='ltr'><strong>ut</strong></span> <span class='ocrx_word' id='word_1_109' title='bbox 878 840 937 881; x_wconf 78' lang='lat' dir='ltr'><strong>ita</strong></span> <span class='ocrx_word' id='word_1_110' title='bbox 968 839 1666 896; x_wconf 73' lang='lat' dir='ltr'><strong>dicam‚pz1pillum,38aliquanto</strong></span> <span class='ocrx_word' id='word_1_111' title='bbox 1687 838 1768 879; x_wconf 92' lang='lat' dir='ltr'><strong>mi-</strong></span> 
     </span>
     <span class='ocr_line' id='line_1_14' title="bbox 323 897 1770 948; baseline -0.001 -10"><span class='ocrx_word' id='word_1_112' title='bbox 323 898 422 938; x_wconf 87' lang='lat' dir='ltr'><strong>tius.</strong></span> <span class='ocrx_word' id='word_1_113' title='bbox 476 897 649 938; x_wconf 77' lang='lat' dir='ltr'><strong>Etenim</strong></span> <span class='ocrx_word' id='word_1_114' title='bbox 680 898 922 938; x_wconf 86' lang='lat' dir='ltr'><strong>verecunda</strong></span> <span class='ocrx_word' id='word_1_115' title='bbox 953 899 1085 939; x_wconf 89' lang='lat' dir='ltr'><strong>debet</strong></span> <span class='ocrx_word' id='word_1_116' title='bbox 1115 912 1205 939; x_wconf 85' lang='lat' dir='ltr'><strong>esse</strong></span> <span class='ocrx_word' id='word_1_117' title='bbox 1236 897 1472 948; x_wconf 82' lang='lat' dir='ltr'><strong>tianslatio,</strong></span> <span class='ocrx_word' id='word_1_118' title='bbox 1503 909 1552 938; x_wconf 85' lang='lat' dir='ltr'><strong>ut</strong></span> <span class='ocrx_word' id='word_1_119' title='bbox 1582 897 1770 938; x_wconf 86' lang='lat' dir='ltr'><strong>deducta</strong></span> 
     </span>
     <span class='ocr_line' id='line_1_15' title="bbox 324 953 1767 1011; baseline -0.001 -16"><span class='ocrx_word' id='word_1_120' title='bbox 324 954 366 995; x_wconf 88' lang='lat' dir='ltr'><strong>in</strong></span> <span class='ocrx_word' id='word_1_121' title='bbox 400 954 585 996; x_wconf 85' lang='lat' dir='ltr'><strong>alienum</strong></span> <span class='ocrx_word' id='word_1_122' title='bbox 623 955 781 1006; x_wconf 85' lang='lat' dir='ltr'><strong>locum,</strong></span> <span class='ocrx_word' id='word_1_123' title='bbox 804 970 890 995; x_wconf 90' lang='lat' dir='ltr'><strong>non</strong></span> <span class='ocrx_word' id='word_1_124' title='bbox 926 955 1110 1006; x_wconf 86' lang='lat' dir='ltr'><strong>irruisse,</strong></span> <span class='ocrx_word' id='word_1_125' title='bbox 1133 966 1262 1011; x_wconf 84' lang='lat' dir='ltr'><strong>atque</strong></span> <span class='ocrx_word' id='word_1_126' title='bbox 1291 965 1337 996; x_wconf 89' lang='lat' dir='ltr'><strong>ut</strong></span> <span class='ocrx_word' id='word_1_127' title='bbox 1371 955 1578 1010; x_wconf 81' lang='lat' dir='ltr'><strong>precaiio,</strong></span> <span class='ocrx_word' id='word_1_128' title='bbox 1600 969 1686 996; x_wconf 87' lang='lat' dir='ltr'><strong>nou</strong></span> <span class='ocrx_word' id='word_1_129' title='bbox 1710 953 1767 1004; x_wconf 91' lang='lat' dir='ltr'><strong>vi,</strong></span> 
     </span>
     <span class='ocr_line' id='line_1_16' title="bbox 238 1010 1768 1057; baseline -0.004 0"><span class='ocrx_word' id='word_1_130' title='bbox 238 1023 310 1057; x_wconf 87' lang='lat'><strong>166</strong></span> <span class='ocrx_word' id='word_1_131' title='bbox 325 1013 489 1053; x_wconf 78' lang='lat' dir='ltr'><strong>venisse</strong></span> <span class='ocrx_word' id='word_1_132' title='bbox 513 1013 720 1053; x_wconf 85' lang='lat' dir='ltr'><strong>videatur.</strong></span> <span class='ocrx_word' id='word_1_133' title='bbox 774 1012 936 1054; x_wconf 83' lang='lat' dir='ltr'><strong>Modus</strong></span> <span class='ocrx_word' id='word_1_134' title='bbox 959 1023 1101 1054; x_wconf 84' lang='lat' dir='ltr'><strong>autem</strong></span> <span class='ocrx_word' id='word_1_135' title='bbox 1126 1013 1264 1054; x_wconf 87' lang='lat' dir='ltr'><strong>nullus</strong></span> <span class='ocrx_word' id='word_1_136' title='bbox 1287 1023 1352 1054; x_wconf 85' lang='lat' dir='ltr'><strong>est</strong></span> <span class='ocrx_word' id='word_1_137' title='bbox 1373 1010 1624 1053; x_wconf 84' lang='lat' dir='ltr'><strong>florentior</strong></span> <span class='ocrx_word' id='word_1_138' title='bbox 1615 1025 1658 1052; x_wconf 83' lang='lat' dir='ltr'><strong>ln</strong></span> <span class='ocrx_word' id='word_1_139' title='bbox 1681 1011 1768 1052; x_wconf 90' lang='lat' dir='ltr'><strong>sin-</strong></span> 
     </span>
     <span class='ocr_line' id='line_1_17' title="bbox 321 1068 1766 1126; baseline 0 -16"><span class='ocrx_word' id='word_1_140' title='bbox 321 1070 433 1126; x_wconf 84' lang='lat' dir='ltr'><strong>gulis</strong></span> <span class='ocrx_word' id='word_1_141' title='bbox 457 1071 613 1121; x_wconf 85' lang='lat' dir='ltr'><strong>verbis,</strong></span> <span class='ocrx_word' id='word_1_142' title='bbox 636 1073 676 1105; x_wconf 85' lang='lat'><strong>39</strong></span> <span class='ocrx_word' id='word_1_143' title='bbox 689 1085 766 1111; x_wconf 90' lang='lat' dir='ltr'><strong>nec</strong></span> <span class='ocrx_word' id='word_1_144' title='bbox 789 1070 861 1125; x_wconf 90' lang='lat' dir='ltr'><strong>qui</strong></span> <span class='ocrx_word' id='word_1_145' title='bbox 886 1070 1167 1126; x_wconf 83' lang='lat' dir='ltr'><strong>plusluminis</strong></span> <span class='ocrx_word' id='word_1_146' title='bbox 1192 1070 1343 1111; x_wconf 71' lang='lat' dir='ltr'><strong>afferat</strong></span> <span class='ocrx_word' id='word_1_147' title='bbox 1363 1069 1565 1111; x_wconf 88' lang='lat' dir='ltr'><strong>orationi.</strong></span> <span class='ocrx_word' id='word_1_148' title='bbox 1636 1069 1663 1095; x_wconf 68' lang='lat'><strong>²¹¹³</strong></span> <span class='ocrx_word' id='word_1_149' title='bbox 1737 1068 1766 1095; x_wconf 70' lang='lat'><strong>&#39;¹‘</strong></span> 
     </span>
     <span class='ocr_line' id='line_1_18' title="bbox 322 1126 1767 1184; baseline -0.001 -16"><span class='ocrx_word' id='word_1_150' title='bbox 322 1128 436 1168; x_wconf 70' lang='lat' dir='ltr'><strong>Nam</strong></span> <span class='ocrx_word' id='word_1_151' title='bbox 471 1128 588 1178; x_wconf 90' lang='lat' dir='ltr'><strong>illud,</strong></span> <span class='ocrx_word' id='word_1_152' title='bbox 625 1129 739 1183; x_wconf 92' lang='lat' dir='ltr'><strong>quod</strong></span> <span class='ocrx_word' id='word_1_153' title='bbox 775 1143 828 1168; x_wconf 90' lang='lat' dir='ltr'><strong>ex</strong></span> <span class='ocrx_word' id='word_1_154' title='bbox 866 1128 949 1169; x_wconf 88' lang='lat' dir='ltr'><strong>hoc</strong></span> <span class='ocrx_word' id='word_1_155' title='bbox 980 1143 1137 1184; x_wconf 79' lang='lat' dir='ltr'><strong>geneie</strong></span> <span class='ocrx_word' id='word_1_156' title='bbox 1170 1129 1362 1184; x_wconf 87' lang='lat' dir='ltr'><strong>profluit,</strong></span> <span class='ocrx_word' id='word_1_157' title='bbox 1384 1142 1473 1168; x_wconf 89' lang='lat' dir='ltr'><strong>non</strong></span> <span class='ocrx_word' id='word_1_158' title='bbox 1505 1137 1569 1168; x_wconf 87' lang='lat' dir='ltr'><strong>est</strong></span> <span class='ocrx_word' id='word_1_159' title='bbox 1605 1126 1648 1167; x_wconf 87' lang='lat' dir='ltr'><strong>in</strong></span> <span class='ocrx_word' id='word_1_160' title='bbox 1681 1140 1767 1167; x_wconf 89' lang='lat' dir='ltr'><strong>uno</strong></span> 
     </span>
     <span class='ocr_line' id='line_1_19' title="bbox 319 1183 1765 1242; baseline -0.001 -16"><span class='ocrx_word' id='word_1_161' title='bbox 319 1187 452 1226; x_wconf 85' lang='lat' dir='ltr'><strong>verbo</strong></span> <span class='ocrx_word' id='word_1_162' title='bbox 486 1185 706 1236; x_wconf 82' lang='lat' dir='ltr'><strong>translato,</strong></span> <span class='ocrx_word' id='word_1_163' title='bbox 743 1186 816 1226; x_wconf 87' lang='lat' dir='ltr'><strong>sed</strong></span> <span class='ocrx_word' id='word_1_164' title='bbox 853 1200 907 1226; x_wconf 83' lang='lat' dir='ltr'><strong>ex</strong></span> <span class='ocrx_word' id='word_1_165' title='bbox 939 1185 1134 1242; x_wconf 80' lang='lat' dir='ltr'><strong>pluribus</strong></span> <span class='ocrx_word' id='word_1_166' title='bbox 1171 1185 1435 1227; x_wconf 85' lang='lat' dir='ltr'><strong>continuatis</strong></span> <span class='ocrx_word' id='word_1_167' title='bbox 1477 1183 1765 1235; x_wconf 85' lang='lat' dir='ltr'><strong>connectitur,</strong></span> 
     </span>
     <span class='ocr_line' id='line_1_20' title="bbox 321 1243 1307 1300; baseline 0 -16"><span class='ocrx_word' id='word_1_168' title='bbox 321 1253 369 1283; x_wconf 90' lang='lat' dir='ltr'><strong>ut</strong></span> <span class='ocrx_word' id='word_1_169' title='bbox 398 1243 511 1284; x_wconf 88' lang='lat' dir='ltr'><strong>aliud</strong></span> <span class='ocrx_word' id='word_1_170' title='bbox 535 1244 717 1294; x_wconf 84' lang='lat' dir='ltr'><strong>dicatur,</strong></span> <span class='ocrx_word' id='word_1_171' title='bbox 739 1243 854 1284; x_wconf 84' lang='lat' dir='ltr'><strong>aliud</strong></span> <span class='ocrx_word' id='word_1_172' title='bbox 877 1243 1207 1300; x_wconf 76' lang='lat' dir='ltr'><strong>intelligendum</strong></span> <span class='ocrx_word' id='word_1_173' title='bbox 1227 1244 1307 1286; x_wconf 79' lang='lat' dir='ltr'><strong>sit:</strong></span> 
     </span>
    </p>
   </div>
   <div class='ocr_carea' id='block_1_3' title="bbox 474 1339 671 1345">
    <p class='ocr_par' dir='ltr' id='par_1_3' title="bbox 474 1339 671 1345">
     <span class='ocr_line' id='line_1_21' title="bbox 474 1339 671 1345; baseline 0 0"><span class='ocrx_word' id='word_1_174' title='bbox 474 1339 671 1345; x_wconf 95' lang='lat' dir='ltr'><strong> </strong></span> 
     </span>
    </p>
   </div>
   <div class='ocr_carea' id='block_1_4' title="bbox 475 1319 1602 1419">
    <p class='ocr_par' dir='ltr' id='par_1_4' title="bbox 475 1319 1602 1419">
     <span class='ocr_line' id='line_1_22' title="bbox 671 1319 1172 1366; baseline 0.002 -13"><span class='ocrx_word' id='word_1_175' title='bbox 671 1319 812 1366; x_wconf 82' lang='lat' dir='ltr'><strong><em>-Neque</em></strong></span> <span class='ocrx_word' id='word_1_176' title='bbox 830 1331 884 1354; x_wconf 85' lang='lat' dir='ltr'><strong>me</strong></span> <span class='ocrx_word' id='word_1_177' title='bbox 900 1320 1025 1366; x_wconf 76' lang='lat' dir='ltr'><strong>patiar</strong></span> <span class='ocrx_word' id='word_1_178' title='bbox 1042 1320 1172 1354; x_wconf 78' lang='lat' dir='ltr'><strong>iterum</strong></span> 
     </span>
     <span class='ocr_line' id='line_1_23' title="bbox 475 1369 1602 1419; baseline -0.001 -12"><span class='ocrx_word' id='word_1_179' title='bbox 475 1372 537 1407; x_wconf 79' lang='lat' dir='ltr'><strong>Ad</strong></span> <span class='ocrx_word' id='word_1_180' title='bbox 554 1383 664 1407; x_wconf 86' lang='lat' dir='ltr'><strong>unum</strong></span> <span class='ocrx_word' id='word_1_181' title='bbox 675 1371 860 1419; x_wconf 80' lang='lat' dir='ltr'><strong>scopulum</strong></span> <span class='ocrx_word' id='word_1_182' title='bbox 875 1377 908 1407; x_wconf 86' lang='lat' dir='ltr'><strong>et</strong></span> <span class='ocrx_word' id='word_1_183' title='bbox 925 1372 1035 1408; x_wconf 85' lang='lat' dir='ltr'><strong>telum</strong></span> <span class='ocrx_word' id='word_1_184' title='bbox 1054 1372 1202 1407; x_wconf 74' lang='lat' dir='ltr'><strong>classem</strong></span> <span class='ocrx_word' id='word_1_185' title='bbox 1217 1369 1396 1407; x_wconf 82' lang='lat' dir='ltr'><strong>Achivum</strong></span> <span class='ocrx_word' id='word_1_186' title='bbox 1413 1370 1602 1419; x_wconf 84' lang='lat' dir='ltr'><strong>offendere.</strong></span> 
     </span>
    </p>
   </div>
   <div class='ocr_carea' id='block_1_5' title="bbox 319 1436 607 1493">
    <p class='ocr_par' dir='ltr' id='par_1_5' title="bbox 319 1436 607 1493">
     <span class='ocr_line' id='line_1_24' title="bbox 319 1436 607 1493; baseline 0.007 -15"><span class='ocrx_word' id='word_1_187' title='bbox 319 1436 466 1493; x_wconf 83' lang='lat' dir='ltr'>Atque</span> <span class='ocrx_word' id='word_1_188' title='bbox 489 1438 607 1490; x_wconf 88' lang='lat' dir='ltr'><strong>illud,</strong></span> 
     </span>
    </p>
   </div>
   <div class='ocr_carea' id='block_1_6' title="bbox 415 1513 1669 1616">
    <p class='ocr_par' dir='ltr' id='par_1_6' title="bbox 423 1513 1656 1616">
     <span class='ocr_line' id='line_1_25' title="bbox 423 1513 1523 1564; baseline 0.003 -16"><span class='ocrx_word' id='word_1_189' title='bbox 423 1513 550 1552; x_wconf 79' lang='lat' dir='ltr'><strong>Erras,</strong></span> <span class='ocrx_word' id='word_1_190' title='bbox 568 1525 692 1549; x_wconf 79' lang='lat' dir='ltr'><strong>erras:</strong></span> <span class='ocrx_word' id='word_1_191' title='bbox 726 1525 810 1550; x_wconf 80' lang='lat' dir='ltr'><strong>nam</strong></span> <span class='ocrx_word' id='word_1_192' title='bbox 826 1515 1064 1550; x_wconf 74' lang='lat' dir='ltr'><strong><em>exsultantem</em></strong></span> <span class='ocrx_word' id='word_1_193' title='bbox 1081 1519 1127 1556; x_wconf 84' lang='lat' dir='ltr'><strong>te,</strong></span> <span class='ocrx_word' id='word_1_194' title='bbox 1144 1518 1178 1550; x_wconf 84' lang='lat' dir='ltr'><strong>et</strong></span> <span class='ocrx_word' id='word_1_195' title='bbox 1193 1515 1439 1564; x_wconf 80' lang='lat' dir='ltr'><strong>praefidentem</strong></span> <span class='ocrx_word' id='word_1_196' title='bbox 1456 1515 1523 1552; x_wconf 68' lang='lat' dir='ltr'><strong>tibi</strong></span> 
     </span>
     <span class='ocr_line' id='line_1_26' title="bbox 415 1565 1669 1616; baseline 0.003 -16.029"><span class='ocrx_word' id='word_1_197' title='bbox 415 1565 637 1614; x_wconf 80' lang='lat' dir='ltr'><strong>Repriment</strong></span> <span class='ocrx_word' id='word_1_198' title='bbox 647 1566 780 1602; x_wconf 76' lang='lat' dir='ltr'><strong>vulidae</strong></span> <span class='ocrx_word' id='word_1_199' title='bbox 792 1567 849 1614; x_wconf 82' lang='lat' dir='ltr'><strong>leo</strong></span> <span class='ocrx_word' id='word_1_200' title='bbox 852 1579 911 1602; x_wconf 86' lang='lat' dir='ltr'><strong>um</strong></span> <span class='ocrx_word' id='word_1_201' title='bbox 926 1567 1080 1607; x_wconf 62' lang='lat' dir='ltr'><strong>habenae,</strong></span> <span class='ocrx_word' id='word_1_202' title='bbox 1100 1572 1210 1615; x_wconf 83' lang='lat' dir='ltr'><strong>atque</strong></span> <span class='ocrx_word' id='word_1_203' title='bbox 1228 1569 1372 1616; x_wconf 80' lang='lat' dir='ltr'><strong>imperii</strong></span> <span class='ocrx_word' id='word_1_204' title='bbox 1387 1569 1552 1604; x_wconf 79' lang='lat' dir='ltr'><strong>insistent</strong></span> <span class='ocrx_word' id='word_1_205' title='bbox 1561 1565 1669 1615; x_wconf 80' lang='lat' dir='ltr'><strong>J&#39;ugo</strong></span> 
     </span>
    </p>
   </div>
   <div class='ocr_carea' id='block_1_7' title="bbox 235 1631 1825 1979">
    <p class='ocr_par' dir='ltr' id='par_1_7' title="bbox 235 1631 1825 1979">
     <span class='ocr_line' id='line_1_27' title="bbox 235 1631 1766 1691; baseline 0.003 -19"><span class='ocrx_word' id='word_1_206' title='bbox 235 1644 310 1683; x_wconf 79' lang='lat'><strong>167</strong></span> <span class='ocrx_word' id='word_1_207' title='bbox 324 1631 476 1674; x_wconf 85' lang='lat' dir='ltr'><strong>Sumta</strong></span> <span class='ocrx_word' id='word_1_208' title='bbox 507 1647 551 1674; x_wconf 90' lang='lat' dir='ltr'><strong>re</strong></span> <span class='ocrx_word' id='word_1_209' title='bbox 584 1633 728 1685; x_wconf 90' lang='lat' dir='ltr'><strong>simili,</strong></span> <span class='ocrx_word' id='word_1_210' title='bbox 758 1635 888 1675; x_wconf 81' lang='lat' dir='ltr'><strong>velba</strong></span> <span class='ocrx_word' id='word_1_211' title='bbox 915 1634 1006 1690; x_wconf 82' lang='lat' dir='ltr'><strong>ejus</strong></span> <span class='ocrx_word' id='word_1_212' title='bbox 1046 1635 1104 1676; x_wconf 90' lang='lat' dir='ltr'><strong>rei</strong></span> <span class='ocrx_word' id='word_1_213' title='bbox 1148 1635 1324 1691; x_wconf 83' lang='lat' dir='ltr'><strong>piopria</strong></span> <span class='ocrx_word' id='word_1_214' title='bbox 1361 1635 1564 1691; x_wconf 83' lang='lat' dir='ltr'><strong>deinceps</strong></span> <span class='ocrx_word' id='word_1_215' title='bbox 1601 1634 1645 1675; x_wconf 91' lang='lat' dir='ltr'><strong>in</strong></span> <span class='ocrx_word' id='word_1_216' title='bbox 1676 1648 1766 1676; x_wconf 89' lang='lat' dir='ltr'><strong>rem</strong></span> 
     </span>
     <span class='ocr_line' id='line_1_28' title="bbox 236 1689 1768 1756; baseline 0.001 -26"><span class='ocrx_word' id='word_1_217' title='bbox 236 1701 306 1749; x_wconf 71' lang='lat'><strong>46)</strong></span> <span class='ocrx_word' id='word_1_218' title='bbox 322 1689 448 1731; x_wconf 82' lang='lat' dir='ltr'><strong>aiiam</strong></span> <span class='ocrx_word' id='word_1_219' title='bbox 493 1694 561 1743; x_wconf 86' lang='lat' dir='ltr'><strong>(ut</strong></span> <span class='ocrx_word' id='word_1_220' title='bbox 601 1691 720 1756; x_wconf 84' lang='lat' dir='ltr'><strong>dixi)</strong></span> <span class='ocrx_word' id='word_1_221' title='bbox 757 1692 1085 1733; x_wconf 26' lang='lat' dir='ltr'><strong>transmeruntur</strong></span> <span class='ocrx_word' id='word_1_222' title='bbox 1148 1692 1225 1734; x_wconf 87' lang='lat' dir='ltr'><strong>Est</strong></span> <span class='ocrx_word' id='word_1_223' title='bbox 1269 1693 1351 1734; x_wconf 88' lang='lat' dir='ltr'><strong>hoc</strong></span> <span class='ocrx_word' id='word_1_224' title='bbox 1391 1707 1599 1749; x_wconf 82' lang='lat' dir='ltr'><strong>magnum</strong></span> <span class='ocrx_word' id='word_1_225' title='bbox 1641 1706 1768 1733; x_wconf 84' lang='lat' dir='ltr'><strong>orna-</strong></span> 
     </span>
     <span class='ocr_line' id='line_1_29' title="bbox 320 1749 1766 1807; baseline 0.001 -19"><span class='ocrx_word' id='word_1_226' title='bbox 320 1758 514 1789; x_wconf 86' lang='lat' dir='ltr'><strong>mentum</strong></span> <span class='ocrx_word' id='word_1_227' title='bbox 538 1749 761 1799; x_wconf 81' lang='lat' dir='ltr'><strong>orationis,</strong></span> <span class='ocrx_word' id='word_1_228' title='bbox 782 1750 823 1790; x_wconf 91' lang='lat' dir='ltr'><strong>in</strong></span> <span class='ocrx_word' id='word_1_229' title='bbox 843 1765 930 1805; x_wconf 93' lang='lat' dir='ltr'><strong>quo</strong></span> <span class='ocrx_word' id='word_1_230' title='bbox 961 1750 1202 1791; x_wconf 82' lang='lat' dir='ltr'><strong>obscuritas</strong></span> <span class='ocrx_word' id='word_1_231' title='bbox 1225 1750 1433 1807; x_wconf 84' lang='lat' dir='ltr'><strong>fugienda</strong></span> <span class='ocrx_word' id='word_1_232' title='bbox 1453 1759 1532 1791; x_wconf 82' lang='lat' dir='ltr'><strong>est.</strong></span> <span class='ocrx_word' id='word_1_233' title='bbox 1592 1749 1766 1791; x_wconf 80' lang='lat' dir='ltr'><strong>Etenim</strong></span> 
     </span>
     <span class='ocr_line' id='line_1_30' title="bbox 318 1805 1768 1865; baseline 0.001 -20"><span class='ocrx_word' id='word_1_234' title='bbox 318 1820 374 1846; x_wconf 81' lang='lat' dir='ltr'><strong>ex</strong></span> <span class='ocrx_word' id='word_1_235' title='bbox 400 1805 482 1846; x_wconf 87' lang='lat' dir='ltr'><strong>hoc</strong></span> <span class='ocrx_word' id='word_1_236' title='bbox 506 1821 660 1862; x_wconf 80' lang='lat' dir='ltr'><strong>genere</strong></span> <span class='ocrx_word' id='word_1_237' title='bbox 695 1807 805 1848; x_wconf 87' lang='lat' dir='ltr'><strong>fiunt</strong></span> <span class='ocrx_word' id='word_1_238' title='bbox 835 1822 898 1858; x_wconf 82' lang='lat' dir='ltr'><strong>ea,</strong></span> <span class='ocrx_word' id='word_1_239' title='bbox 921 1823 1018 1863; x_wconf 84' lang='lat' dir='ltr'><strong>quae</strong></span> <span class='ocrx_word' id='word_1_240' title='bbox 1042 1808 1246 1849; x_wconf 86' lang='lat' dir='ltr'><strong>dicuntur</strong></span> <span class='ocrx_word' id='word_1_241' title='bbox 1268 1808 1517 1865; x_wconf 75' lang='lat' dir='ltr'><strong>aenigmata.</strong></span> <span class='ocrx_word' id='word_1_242' title='bbox 1578 1808 1680 1850; x_wconf 89' lang='lat' dir='ltr'><strong>Non</strong></span> <span class='ocrx_word' id='word_1_243' title='bbox 1702 1815 1768 1848; x_wconf 88' lang='lat' dir='ltr'><strong>est</strong></span> 
     </span>
     <span class='ocr_line' id='line_1_31' title="bbox 317 1864 1768 1917; baseline 0.001 -14"><span class='ocrx_word' id='word_1_244' title='bbox 317 1873 462 1904; x_wconf 86' lang='lat' dir='ltr'><strong>autem</strong></span> <span class='ocrx_word' id='word_1_245' title='bbox 486 1864 529 1904; x_wconf 92' lang='lat' dir='ltr'><strong>in</strong></span> <span class='ocrx_word' id='word_1_246' title='bbox 556 1865 685 1905; x_wconf 87' lang='lat' dir='ltr'><strong>verbo</strong></span> <span class='ocrx_word' id='word_1_247' title='bbox 710 1865 861 1906; x_wconf 89' lang='lat' dir='ltr'><strong>modus</strong></span> <span class='ocrx_word' id='word_1_248' title='bbox 886 1865 972 1916; x_wconf 85' lang='lat' dir='ltr'><strong>hic,</strong></span> <span class='ocrx_word' id='word_1_249' title='bbox 995 1867 1065 1907; x_wconf 87' lang='lat' dir='ltr'><strong>sed</strong></span> <span class='ocrx_word' id='word_1_250' title='bbox 1096 1866 1139 1906; x_wconf 90' lang='lat' dir='ltr'><strong>in</strong></span> <span class='ocrx_word' id='word_1_251' title='bbox 1172 1866 1382 1916; x_wconf 87' lang='lat' dir='ltr'><strong>oratione,</strong></span> <span class='ocrx_word' id='word_1_252' title='bbox 1410 1866 1452 1907; x_wconf 92' lang='lat' dir='ltr'><strong>id</strong></span> <span class='ocrx_word' id='word_1_253' title='bbox 1476 1875 1554 1917; x_wconf 85' lang='lat' dir='ltr'><strong>est,</strong></span> <span class='ocrx_word' id='word_1_254' title='bbox 1586 1866 1629 1906; x_wconf 89' lang='lat' dir='ltr'><strong>in</strong></span> <span class='ocrx_word' id='word_1_255' title='bbox 1662 1879 1768 1907; x_wconf 86' lang='lat' dir='ltr'><strong>con-</strong></span> 
     </span>
     <span class='ocr_line' id='line_1_32' title="bbox 317 1921 1825 1979; baseline 0.005 -19"><span class='ocrx_word' id='word_1_256' title='bbox 317 1921 560 1962; x_wconf 86' lang='lat' dir='ltr'><strong>tinuatione</strong></span> <span class='ocrx_word' id='word_1_257' title='bbox 592 1923 835 1963; x_wconf 88' lang='lat' dir='ltr'><strong>ver.borum</strong></span> <span class='ocrx_word' id='word_1_258' title='bbox 900 1923 968 1964; x_wconf 61' lang='lat' dir='ltr'><strong>Ix‘e</strong></span> <span class='ocrx_word' id='word_1_259' title='bbox 1002 1923 1074 1964; x_wconf 80' lang='lat' dir='ltr'><strong>illa</strong></span> <span class='ocrx_word' id='word_1_260' title='bbox 1097 1923 1270 1979; x_wconf 85' lang='lat' dir='ltr'><strong>quidem</strong></span> <span class='ocrx_word' id='word_1_261' title='bbox 1297 1924 1512 1965; x_wconf 82' lang='lat' dir='ltr'><strong>traductio</strong></span> <span class='ocrx_word' id='word_1_262' title='bbox 1535 1935 1665 1979; x_wconf 85' lang='lat' dir='ltr'><strong>atque</strong></span> <span class='ocrx_word' id='word_1_263' title='bbox 1687 1923 1767 1963; x_wconf 87' lang='lat' dir='ltr'><strong>im·</strong></span> <span class='ocrx_word' id='word_1_264' title='bbox 1819 1964 1825 1967; x_wconf 88' lang='lat'><em>.</em></span> 
     </span>
    </p>
   </div>
   <div class='ocr_carea' id='block_1_8' title="bbox 315 1979 1766 2078">
    <p class='ocr_par' dir='ltr' id='par_1_8' title="bbox 315 1979 1766 2076">
     <span class='ocr_line' id='line_1_33' title="bbox 315 1979 1766 2036; baseline 0.001 -18"><span class='ocrx_word' id='word_1_265' title='bbox 315 1979 500 2020; x_wconf 82' lang='lat' dir='ltr'><strong>mutatio</strong></span> <span class='ocrx_word' id='word_1_266' title='bbox 519 1980 561 2020; x_wconf 91' lang='lat' dir='ltr'><strong>in</strong></span> <span class='ocrx_word' id='word_1_267' title='bbox 585 1981 717 2021; x_wconf 87' lang='lat' dir='ltr'><strong>verbo</strong></span> <span class='ocrx_word' id='word_1_268' title='bbox 740 1980 971 2036; x_wconf 85' lang='lat' dir='ltr'><strong>quamdam</strong></span> <span class='ocrx_word' id='word_1_269' title='bbox 991 1981 1322 2023; x_wconf 77' lang='lat' dir='ltr'><strong>fabiicationem</strong></span> <span class='ocrx_word' id='word_1_270' title='bbox 1342 1981 1489 2033; x_wconf 84' lang='lat' dir='ltr'><strong>habet,</strong></span> <span class='ocrx_word' id='word_1_271' title='bbox 1512 1982 1615 2023; x_wconf 88' lang='lat' dir='ltr'><strong>sed</strong></span> <span class='ocrx_word' id='word_1_272' title='bbox 1605 1996 1649 2022; x_wconf 89' lang='lat' dir='ltr'><strong>m</strong></span> <span class='ocrx_word' id='word_1_273' title='bbox 1671 1994 1766 2022; x_wconf 85' lang='lat' dir='ltr'><strong>ora-</strong></span> 
     </span>
     <span class='ocr_line' id='line_1_34' title="bbox 317 2035 460 2078; baseline 0 -2"><span class='ocrx_word' id='word_1_274' title='bbox 317 2035 460 2078; x_wconf 88' lang='lat' dir='ltr'><strong>tione:</strong></span> 
     </span>
    </p>
   </div>
   <div class='ocr_carea' id='block_1_9' title="bbox 406 2110 1351 2160">
    <p class='ocr_par' dir='ltr' id='par_1_9' title="bbox 406 2110 1351 2160">
     <span class='ocr_line' id='line_1_35' title="bbox 406 2110 1351 2160; baseline 0.003 -13.039"><span class='ocrx_word' id='word_1_275' title='bbox 406 2110 551 2160; x_wconf 80' lang='lat' dir='ltr'><strong>Africa</strong></span> <span class='ocrx_word' id='word_1_276' title='bbox 571 2112 727 2149; x_wconf 78' lang='lat' dir='ltr'><strong>terribili</strong></span> <span class='ocrx_word' id='word_1_277' title='bbox 747 2114 869 2149; x_wconf 78' lang='lat' dir='ltr'><strong>tremit</strong></span> <span class='ocrx_word' id='word_1_278' title='bbox 889 2113 1040 2149; x_wconf 81' lang='lat' dir='ltr'><strong>horrida</strong></span> <span class='ocrx_word' id='word_1_279' title='bbox 1061 2118 1161 2149; x_wconf 82' lang='lat' dir='ltr'><strong>terra</strong></span> <span class='ocrx_word' id='word_1_280' title='bbox 1180 2114 1351 2150; x_wconf 82' lang='lat' dir='ltr'><strong>tumultu.</strong></span> 
     </span>
    </p>
   </div>
   <div class='ocr_carea' id='block_1_10' title="bbox 313 2250 1771 2552">
    <p class='ocr_par' dir='ltr' id='par_1_10' title="bbox 313 2250 1770 2422">
     <span class='ocr_line' id='line_1_36' title="bbox 356 2250 1768 2295; baseline 0.003 -14"><span class='ocrx_word' id='word_1_281' title='bbox 356 2253 396 2282; x_wconf 89' lang='grc'>35</span> <span class='ocrx_word' id='word_1_282' title='bbox 419 2261 535 2291; x_wconf 81' lang='lat' dir='ltr'><strong>quam</strong></span> <span class='ocrx_word' id='word_1_283' title='bbox 540 2250 657 2287; x_wconf 76' lang='lat' dir='ltr'><strong>suisset</strong></span> <span class='ocrx_word' id='word_1_284' title='bbox 680 2253 768 2283; x_wconf 79' lang='lat' dir='ltr'><strong>zllud</strong></span> <span class='ocrx_word' id='word_1_285' title='bbox 783 2253 835 2294; x_wconf 63' lang='grc' dir='ltr'><strong>μ]</strong></span> <span class='ocrx_word' id='word_1_286' title='bbox 860 2253 1019 2284; x_wconf 81' lang='lat' dir='ltr'><strong>Restitui-</strong></span> <span class='ocrx_word' id='word_1_287' title='bbox 1063 2253 1169 2293; x_wconf 54' lang='lat' dir='ltr'><strong>timia]</strong></span> <span class='ocrx_word' id='word_1_288' title='bbox 1213 2253 1366 2285; x_wconf 75' lang='lat' dir='ltr'><strong>Orationi</strong></span> <span class='ocrx_word' id='word_1_289' title='bbox 1394 2254 1539 2295; x_wconf 83' lang='lat' dir='ltr'><strong>primum</strong></span> <span class='ocrx_word' id='word_1_290' title='bbox 1576 2253 1666 2285; x_wconf 86' lang='lat' dir='ltr'><strong>dedit</strong></span> <span class='ocrx_word' id='word_1_291' title='bbox 1692 2253 1768 2286; x_wconf 84' lang='lat' dir='ltr'><strong>Asc.</strong></span> 
     </span>
     <span class='ocr_line' id='line_1_37' title="bbox 314 2287 1768 2335; baseline 0.002 -11"><span class='ocrx_word' id='word_1_292' title='bbox 314 2303 387 2324; x_wconf 89' lang='lat' dir='ltr'><strong>mus</strong></span> <span class='ocrx_word' id='word_1_293' title='bbox 409 2305 449 2324; x_wconf 80' lang='lat' dir='ltr'><strong>ex</strong></span> <span class='ocrx_word' id='word_1_294' title='bbox 475 2287 547 2324; x_wconf 83' lang='lat' dir='ltr'><strong>edd.</strong></span> <span class='ocrx_word' id='word_1_295' title='bbox 575 2299 657 2324; x_wconf 85' lang='lat' dir='ltr'><strong>v.ett</strong></span> <span class='ocrx_word' id='word_1_296' title='bbox 677 2295 812 2334; x_wconf 76' lang='lat' dir='ltr'><strong>fuisset,</strong></span> <span class='ocrx_word' id='word_1_297' title='bbox 837 2296 923 2335; x_wconf 85' lang='lat' dir='ltr'><strong>quod</strong></span> <span class='ocrx_word' id='word_1_298' title='bbox 948 2296 1019 2334; x_wconf 78' lang='lat' dir='ltr'><strong>quis</strong></span> <span class='ocrx_word' id='word_1_299' title='bbox 1063 2303 1140 2326; x_wconf 83' lang='lat' dir='ltr'><strong>ante</strong></span> <span class='ocrx_word' id='word_1_300' title='bbox 1166 2301 1238 2327; x_wconf 82' lang='lat' dir='ltr'><strong>erat</strong></span> <span class='ocrx_word' id='word_1_301' title='bbox 1271 2298 1406 2328; x_wconf 72' lang='lat' dir='ltr'><strong>oratori.</strong></span> <span class='ocrx_word' id='word_1_302' title='bbox 1464 2296 1528 2327; x_wconf 87' lang='lat' dir='ltr'><strong>Sed</strong></span> <span class='ocrx_word' id='word_1_303' title='bbox 1555 2297 1768 2328; x_wconf 79' lang='lat' dir='ltr'><strong>manifestum</strong></span> 
     </span>
     <span class='ocr_line' id='line_1_38' title="bbox 313 2337 1766 2384; baseline 0.003 -18"><span class='ocrx_word' id='word_1_304' title='bbox 313 2337 439 2384; x_wconf 65' lang='lat' dir='ltr'><strong>primus</strong></span> <span class='ocrx_word' id='word_1_305' title='bbox 461 2337 622 2374; x_wconf 83' lang='lat' dir='ltr'><strong>omiserit,</strong></span> <span class='ocrx_word' id='word_1_306' title='bbox 646 2338 751 2377; x_wconf 83' lang='lat' dir='ltr'><strong>piguit</strong></span> <span class='ocrx_word' id='word_1_307' title='bbox 777 2348 932 2377; x_wconf 83' lang='lat' dir='ltr'><strong>quaerere.</strong></span> <span class='ocrx_word' id='word_1_308' title='bbox 960 2338 1020 2369; x_wconf 83' lang='lat' dir='ltr'><strong>Est</strong></span> <span class='ocrx_word' id='word_1_309' title='bbox 1063 2349 1131 2369; x_wconf 80' lang='lat' dir='ltr'><strong>esse</strong></span> <span class='ocrx_word' id='word_1_310' title='bbox 1147 2339 1302 2375; x_wconf 82' lang='lat' dir='ltr'><strong>arbitror,</strong></span> <span class='ocrx_word' id='word_1_311' title='bbox 1316 2339 1371 2370; x_wconf 88' lang='lat' dir='ltr'><strong>hic</strong></span> <span class='ocrx_word' id='word_1_312' title='bbox 1385 2349 1453 2370; x_wconf 84' lang='lat' dir='ltr'><strong>esse</strong></span> <span class='ocrx_word' id='word_1_313' title='bbox 1469 2339 1635 2371; x_wconf 86' lang='lat' dir='ltr'><strong>lacunam.</strong></span> <span class='ocrx_word' id='word_1_314' title='bbox 1677 2339 1766 2370; x_wconf 87' lang='lat' dir='ltr'><strong>Nam</strong></span> 
     </span>
     <span class='ocr_line' id='line_1_39' title="bbox 314 2379 1770 2422; baseline 0.001 -13"><span class='ocrx_word' id='word_1_315' title='bbox 314 2384 348 2409; x_wconf 84' lang='lat' dir='ltr'><strong>et</strong></span> <span class='ocrx_word' id='word_1_316' title='bbox 365 2379 399 2409; x_wconf 87' lang='lat' dir='ltr'><strong>in</strong></span> <span class='ocrx_word' id='word_1_317' title='bbox 413 2379 476 2409; x_wconf 72' lang='lat' dir='ltr'><strong>Ms.</strong></span> <span class='ocrx_word' id='word_1_318' title='bbox 494 2379 562 2409; x_wconf 79' lang='lat' dir='ltr'><strong>Eri.</strong></span> <span class='ocrx_word' id='word_1_319' title='bbox 1060 2381 1116 2412; x_wconf 86' lang='lat' dir='ltr'><strong>ille</strong></span> <span class='ocrx_word' id='word_1_320' title='bbox 1147 2382 1264 2412; x_wconf 86' lang='lat' dir='ltr'><strong>modus</strong></span> <span class='ocrx_word' id='word_1_321' title='bbox 1288 2392 1355 2412; x_wconf 86' lang='lat' dir='ltr'><strong>non</strong></span> <span class='ocrx_word' id='word_1_322' title='bbox 1378 2392 1546 2422; x_wconf 82' lang='lat' dir='ltr'><strong>expressus</strong></span> <span class='ocrx_word' id='word_1_323' title='bbox 1570 2387 1633 2419; x_wconf 84' lang='lat' dir='ltr'><strong>est,</strong></span> <span class='ocrx_word' id='word_1_324' title='bbox 1655 2387 1690 2412; x_wconf 89' lang='lat' dir='ltr'><strong>et</strong></span> <span class='ocrx_word' id='word_1_325' title='bbox 1718 2391 1770 2412; x_wconf 88' lang='lat' dir='ltr'><strong>se-</strong></span> 
     </span>
    </p>

    <p class='ocr_par' dir='ltr' id='par_1_11' title="bbox 314 2422 1771 2552">
     <span class='ocr_line' id='line_1_40' title="bbox 357 2422 1768 2464; baseline 0.002 -13"><span class='ocrx_word' id='word_1_326' title='bbox 357 2422 398 2452; x_wconf 86' lang='lat'><strong>36</strong></span> <span class='ocrx_word' id='word_1_327' title='bbox 422 2422 515 2452; x_wconf 74' lang='lat' dir='ltr'><strong>Illz&#39;eo</strong></span> <span class='ocrx_word' id='word_1_328' title='bbox 537 2422 623 2461; x_wconf 71' lang='lat' dir='ltr'><strong>istie]</strong></span> <span class='ocrx_word' id='word_1_329' title='bbox 649 2423 863 2453; x_wconf 73' lang='lat' dir='ltr'><strong>Seribendum</strong></span> <span class='ocrx_word' id='word_1_330' title='bbox 889 2423 1019 2454; x_wconf 84' lang='lat' dir='ltr'><strong>videtur</strong></span> <span class='ocrx_word' id='word_1_331' title='bbox 1060 2425 1175 2463; x_wconf 86' lang='lat' dir='ltr'><strong>quitur</strong></span> <span class='ocrx_word' id='word_1_332' title='bbox 1202 2434 1242 2454; x_wconf 71' lang='lat' dir='ltr'><strong>ez·</strong></span> <span class='ocrx_word' id='word_1_333' title='bbox 1276 2426 1333 2454; x_wconf 78' lang='lat' dir='ltr'><strong>hoe</strong></span> <span class='ocrx_word' id='word_1_334' title='bbox 1365 2434 1498 2464; x_wconf 82' lang='lat' dir='ltr'><strong>genere,</strong></span> <span class='ocrx_word' id='word_1_335' title='bbox 1530 2424 1616 2464; x_wconf 90' lang='lat' dir='ltr'><strong>quod</strong></span> <span class='ocrx_word' id='word_1_336' title='bbox 1651 2430 1768 2455; x_wconf 85' lang='lat' dir='ltr'><strong>tamen</strong></span> 
     </span>
     <span class='ocr_line' id='line_1_41' title="bbox 314 2464 1767 2507; baseline 0.002 -13"><span class='ocrx_word' id='word_1_337' title='bbox 314 2464 421 2494; x_wconf 80' lang='lat' dir='ltr'><strong>istinc.</strong></span> <span class='ocrx_word' id='word_1_338' title='bbox 467 2465 622 2495; x_wconf 83' lang='lat' dir='ltr'><strong>Ceterum</strong></span> <span class='ocrx_word' id='word_1_339' title='bbox 640 2465 704 2495; x_wconf 86' lang='lat' dir='ltr'><strong>ista</strong></span> <span class='ocrx_word' id='word_1_340' title='bbox 724 2465 765 2495; x_wconf 87' lang='lat' dir='ltr'><strong>ad</strong></span> <span class='ocrx_word' id='word_1_341' title='bbox 788 2475 939 2496; x_wconf 86' lang='lat' dir='ltr'><strong>versuum</strong></span> <span class='ocrx_word' id='word_1_342' title='bbox 959 2475 1019 2495; x_wconf 85' lang='lat' dir='ltr'><strong>nu-</strong></span> <span class='ocrx_word' id='word_1_343' title='bbox 1062 2476 1129 2496; x_wconf 88' lang='lat' dir='ltr'><strong>non</strong></span> <span class='ocrx_word' id='word_1_344' title='bbox 1153 2473 1443 2498; x_wconf 83' lang='lat' dir='ltr'><strong>commemoratur.</strong></span> <span class='ocrx_word' id='word_1_345' title='bbox 1488 2467 1563 2497; x_wconf 88' lang='lat' dir='ltr'><strong>Fuit</strong></span> <span class='ocrx_word' id='word_1_346' title='bbox 1583 2474 1621 2497; x_wconf 83' lang='lat' dir='ltr'><strong>ut</strong></span> <span class='ocrx_word' id='word_1_347' title='bbox 1635 2467 1767 2507; x_wconf 85' lang='lat' dir='ltr'><strong>opinor,</strong></span> 
     </span>
     <span class='ocr_line' id='line_1_42' title="bbox 314 2507 1771 2552; baseline 0.003 -17"><span class='ocrx_word' id='word_1_348' title='bbox 314 2515 422 2536; x_wconf 80' lang='lat' dir='ltr'><strong>meros</strong></span> <span class='ocrx_word' id='word_1_349' title='bbox 457 2507 621 2537; x_wconf 82' lang='lat' dir='ltr'><strong>revocavit</strong></span> <span class='ocrx_word' id='word_1_350' title='bbox 654 2508 826 2538; x_wconf 85' lang='lat' dir='ltr'><strong>Bentleius</strong></span> <span class='ocrx_word' id='word_1_351' title='bbox 853 2508 894 2539; x_wconf 88' lang='lat' dir='ltr'><strong>ad</strong></span> <span class='ocrx_word' id='word_1_352' title='bbox 918 2509 1016 2540; x_wconf 85' lang='lat' dir='ltr'><strong>Tusc.</strong></span> <span class='ocrx_word' id='word_1_353' title='bbox 1061 2519 1160 2549; x_wconf 83' lang='lat' dir='ltr'><strong>quom</strong></span> <span class='ocrx_word' id='word_1_354' title='bbox 1175 2509 1360 2552; x_wconf 61' lang='grc' dir='ltr'><strong>ἀλληγορία,</strong></span> <span class='ocrx_word' id='word_1_355' title='bbox 1373 2521 1402 2540; x_wconf 88' lang='grc' dir='ltr'><strong>ν.</strong></span> <span class='ocrx_word' id='word_1_356' title='bbox 1419 2510 1477 2541; x_wconf 88' lang='grc' dir='ltr'>Οι·.</span> <span class='ocrx_word' id='word_1_357' title='bbox 1493 2520 1519 2539; x_wconf 92' lang='lat' dir='ltr'><strong>c.</strong></span> <span class='ocrx_word' id='word_1_358' title='bbox 1533 2512 1584 2544; x_wconf 72' lang='lat'><strong>27.</strong></span> <span class='ocrx_word' id='word_1_359' title='bbox 1598 2509 1686 2550; x_wconf 75' lang='lat' dir='ltr'><strong>Quia</strong></span> <span class='ocrx_word' id='word_1_360' title='bbox 1697 2518 1771 2550; x_wconf 87' lang='lat' dir='ltr'><strong>spa-</strong></span> 
     </span>
    </p>
   </div>
   <div class='ocr_carea' id='block_1_11' title="bbox 311 2547 1769 2676">
    <p class='ocr_par' dir='ltr' id='par_1_12' title="bbox 311 2547 1769 2676">
     <span class='ocr_line' id='line_1_43' title="bbox 313 2547 1769 2592; baseline 0.004 -14"><span class='ocrx_word' id='word_1_361' title='bbox 313 2547 515 2584; x_wconf 73' lang='lat' dir='ltr'><strong>111,12.ub·1</strong></span> <span class='ocrx_word' id='word_1_362' title='bbox 533 2549 652 2586; x_wconf 82' lang='lat' dir='ltr'><strong>videat,</strong></span> <span class='ocrx_word' id='word_1_363' title='bbox 669 2551 723 2589; x_wconf 88' lang='lat' dir='ltr'><strong>qui</strong></span> <span class='ocrx_word' id='word_1_364' title='bbox 739 2550 838 2580; x_wconf 62' lang='lat' dir='ltr'><strong>solet.</strong></span> <span class='ocrx_word' id='word_1_365' title='bbox 1062 2552 1148 2581; x_wconf 87' lang='lat' dir='ltr'><strong>tium</strong></span> <span class='ocrx_word' id='word_1_366' title='bbox 1166 2552 1318 2582; x_wconf 83' lang='lat' dir='ltr'><strong>relictum</strong></span> <span class='ocrx_word' id='word_1_367' title='bbox 1335 2559 1406 2583; x_wconf 87' lang='lat' dir='ltr'><strong>erat</strong></span> <span class='ocrx_word' id='word_1_368' title='bbox 1421 2552 1519 2583; x_wconf 88' lang='lat' dir='ltr'><strong>verbo</strong></span> <span class='ocrx_word' id='word_1_369' title='bbox 1535 2552 1663 2589; x_wconf 86' lang='lat' dir='ltr'><strong>Graeco,</strong></span> <span class='ocrx_word' id='word_1_370' title='bbox 1681 2553 1769 2592; x_wconf 89' lang='lat' dir='ltr'><strong>quod</strong></span> 
     </span>
     <span class='ocr_line' id='line_1_44' title="bbox 356 2592 1769 2636; baseline 0.003 -16"><span class='ocrx_word' id='word_1_371' title='bbox 356 2593 395 2624; x_wconf 79' lang='grc'><strong>37</strong></span> <span class='ocrx_word' id='word_1_372' title='bbox 413 2592 585 2631; x_wconf 62' lang='lat' dir='ltr'><strong>preposito</strong></span> <span class='ocrx_word' id='word_1_373' title='bbox 601 2601 683 2631; x_wconf 81' lang='lat' dir='ltr'><strong>soepe</strong></span> <span class='ocrx_word' id='word_1_374' title='bbox 699 2594 774 2622; x_wconf 80' lang='lat' dir='ltr'><strong>zer!</strong></span> <span class='ocrx_word' id='word_1_375' title='bbox 769 2593 807 2632; x_wconf 81' lang='lat' dir='ltr'><strong>o]</strong></span> <span class='ocrx_word' id='word_1_376' title='bbox 827 2594 895 2623; x_wconf 87' lang='lat' dir='ltr'><strong>Cur</strong></span> <span class='ocrx_word' id='word_1_377' title='bbox 909 2602 991 2633; x_wconf 79' lang='lat' dir='ltr'><strong>saepe</strong></span> <span class='ocrx_word' id='word_1_378' title='bbox 1004 2593 1021 2622; x_wconf 85' lang='lat'><em>?</em></span> <span class='ocrx_word' id='word_1_379' title='bbox 1063 2594 1098 2623; x_wconf 90' lang='lat' dir='ltr'><strong>in</strong></span> <span class='ocrx_word' id='word_1_380' title='bbox 1120 2595 1281 2634; x_wconf 84' lang='lat' dir='ltr'><strong>principio</strong></span> <span class='ocrx_word' id='word_1_381' title='bbox 1293 2595 1445 2625; x_wconf 85' lang='lat' dir='ltr'><strong>formulae</strong></span> <span class='ocrx_word' id='word_1_382' title='bbox 1467 2595 1714 2636; x_wconf 69' lang='lat' dir='ltr'><strong>typographicae</strong></span> <span class='ocrx_word' id='word_1_383' title='bbox 1730 2595 1769 2625; x_wconf 88' lang='lat' dir='ltr'><strong>li-</strong></span> 
     </span>
     <span class='ocr_line' id='line_1_45' title="bbox 311 2632 1768 2676; baseline 0.003 -13"><span class='ocrx_word' id='word_1_384' title='bbox 311 2632 452 2664; x_wconf 84' lang='lat' dir='ltr'><strong>Videtur</strong></span> <span class='ocrx_word' id='word_1_385' title='bbox 467 2633 557 2663; x_wconf 85' lang='lat' dir='ltr'><strong>aliud</strong></span> <span class='ocrx_word' id='word_1_386' title='bbox 570 2635 702 2664; x_wconf 82' lang='lat' dir='ltr'><strong>verbum</strong></span> <span class='ocrx_word' id='word_1_387' title='bbox 716 2635 769 2665; x_wconf 84' lang='lat' dir='ltr'><strong>hic</strong></span> <span class='ocrx_word' id='word_1_388' title='bbox 785 2636 898 2666; x_wconf 85' lang='lat' dir='ltr'><strong>latere.</strong></span> <span class='ocrx_word' id='word_1_389' title='bbox 1058 2641 1205 2667; x_wconf 85' lang='lat' dir='ltr'><strong>terarum</strong></span> <span class='ocrx_word' id='word_1_390' title='bbox 1229 2646 1410 2676; x_wconf 86' lang='lat' dir='ltr'><strong>graecarum</strong></span> <span class='ocrx_word' id='word_1_391' title='bbox 1433 2646 1501 2667; x_wconf 90' lang='lat' dir='ltr'><strong>non</strong></span> <span class='ocrx_word' id='word_1_392' title='bbox 1522 2644 1631 2675; x_wconf 85' lang='lat' dir='ltr'><strong>erant,</strong></span> <span class='ocrx_word' id='word_1_393' title='bbox 1646 2638 1768 2669; x_wconf 82' lang='lat' dir='ltr'><strong>excidit</strong></span> 
     </span>
    </p>
   </div>
   <div class='ocr_carea' id='block_1_12' title="bbox 312 2677 1768 2892">
    <p class='ocr_par' dir='ltr' id='par_1_13' title="bbox 312 2677 1768 2849">
     <span class='ocr_line' id='line_1_46' title="bbox 355 2677 1767 2721; baseline 0.004 -15"><span class='ocrx_word' id='word_1_394' title='bbox 355 2678 396 2706; x_wconf 82' lang='lat'><strong>38</strong></span> <span class='ocrx_word' id='word_1_395' title='bbox 419 2677 589 2714; x_wconf 74' lang='lat' dir='ltr'><strong>aliquanto</strong></span> <span class='ocrx_word' id='word_1_396' title='bbox 603 2677 729 2716; x_wconf 76' lang='lat' dir='ltr'><strong>mitius]</strong></span> <span class='ocrx_word' id='word_1_397' title='bbox 745 2677 880 2717; x_wconf 69' lang='lat' dir='ltr'><strong>Vulerau</strong></span> <span class='ocrx_word' id='word_1_398' title='bbox 892 2677 1018 2708; x_wconf 79' lang='lat' dir='ltr'><strong>addunt</strong></span> <span class='ocrx_word' id='word_1_399' title='bbox 1059 2679 1159 2709; x_wconf 85' lang='lat' dir='ltr'><strong>etiam</strong></span> <span class='ocrx_word' id='word_1_400' title='bbox 1175 2689 1275 2719; x_wconf 83' lang='lat' dir='ltr'><strong>quam</strong></span> <span class='ocrx_word' id='word_1_401' title='bbox 1298 2690 1355 2720; x_wconf 81' lang='lat' dir='ltr'><strong>per</strong></span> <span class='ocrx_word' id='word_1_402' title='bbox 1377 2690 1521 2710; x_wconf 81' lang='lat' dir='ltr'><strong>errorem</strong></span> <span class='ocrx_word' id='word_1_403' title='bbox 1544 2680 1767 2721; x_wconf 75' lang='lat' dir='ltr'><strong>typographo·</strong></span> 
     </span>
     <span class='ocr_line' id='line_1_47' title="bbox 312 2717 1768 2759; baseline 0.003 -12"><span class='ocrx_word' id='word_1_404' title='bbox 312 2723 371 2754; x_wconf 75' lang='lat' dir='ltr'><strong>est,</strong></span> <span class='ocrx_word' id='word_1_405' title='bbox 397 2717 485 2757; x_wconf 84' lang='lat' dir='ltr'><strong>quod</strong></span> <span class='ocrx_word' id='word_1_406' title='bbox 513 2725 600 2748; x_wconf 86' lang='lat' dir='ltr'><strong>recte</strong></span> <span class='ocrx_word' id='word_1_407' title='bbox 617 2720 688 2757; x_wconf 81' lang='lat' dir='ltr'><strong>jam</strong></span> <span class='ocrx_word' id='word_1_408' title='bbox 711 2719 831 2750; x_wconf 70' lang='lat' dir='ltr'><strong>delevit</strong></span> <span class='ocrx_word' id='word_1_409' title='bbox 854 2720 1016 2751; x_wconf 82' lang='lat' dir='ltr'><strong>Pearcius.</strong></span> <span class='ocrx_word' id='word_1_410' title='bbox 1060 2731 1146 2751; x_wconf 86' lang='lat' dir='ltr'><strong>rum.</strong></span> <span class='ocrx_word' id='word_1_411' title='bbox 1192 2722 1316 2752; x_wconf 84' lang='lat' dir='ltr'><strong>Mirum</strong></span> <span class='ocrx_word' id='word_1_412' title='bbox 1339 2729 1402 2759; x_wconf 83' lang='lat' dir='ltr'><strong>est,</strong></span> <span class='ocrx_word' id='word_1_413' title='bbox 1429 2722 1462 2753; x_wconf 89' lang='lat' dir='ltr'><strong>id</strong></span> <span class='ocrx_word' id='word_1_414' title='bbox 1490 2733 1509 2754; x_wconf 87' lang='lat' dir='ltr'>a</span> <span class='ocrx_word' id='word_1_415' title='bbox 1536 2723 1667 2754; x_wconf 88' lang='lat' dir='ltr'><strong>nemine</strong></span> <span class='ocrx_word' id='word_1_416' title='bbox 1696 2724 1768 2754; x_wconf 84' lang='lat' dir='ltr'><strong>aui-</strong></span> 
     </span>
     <span class='ocr_line' id='line_1_48' title="bbox 313 2759 1766 2802; baseline 0.004 -12"><span class='ocrx_word' id='word_1_417' title='bbox 313 2760 457 2791; x_wconf 84' lang='lat' dir='ltr'><strong>Deberet</strong></span> <span class='ocrx_word' id='word_1_418' title='bbox 472 2759 588 2790; x_wconf 84' lang='lat' dir='ltr'><strong>saltem</strong></span> <span class='ocrx_word' id='word_1_419' title='bbox 609 2766 688 2791; x_wconf 80' lang='lat' dir='ltr'><strong>esset</strong></span> <span class='ocrx_word' id='word_1_420' title='bbox 711 2762 821 2800; x_wconf 86' lang='lat' dir='ltr'><strong>scribi,</strong></span> <span class='ocrx_word' id='word_1_421' title='bbox 836 2763 913 2802; x_wconf 88' lang='lat' dir='ltr'><strong>quia</strong></span> <span class='ocrx_word' id='word_1_422' title='bbox 935 2771 1017 2802; x_wconf 84' lang='lat' dir='ltr'>prae-</span> <span class='ocrx_word' id='word_1_423' title='bbox 1061 2763 1263 2795; x_wconf 84' lang='lat' dir='ltr'><strong>madversum</strong></span> <span class='ocrx_word' id='word_1_424' title='bbox 1291 2773 1380 2795; x_wconf 86' lang='lat' dir='ltr'><strong>esse·</strong></span> <span class='ocrx_word' id='word_1_425' title='bbox 1406 2765 1486 2795; x_wconf 88' lang='grc' dir='ltr'>Μ55.</span> <span class='ocrx_word' id='word_1_426' title='bbox 1513 2770 1625 2796; x_wconf 86' lang='lat' dir='ltr'><strong>autem</strong></span> <span class='ocrx_word' id='word_1_427' title='bbox 1653 2765 1704 2796; x_wconf 86' lang='lat' dir='ltr'><strong>vel</strong></span> <span class='ocrx_word' id='word_1_428' title='bbox 1726 2776 1766 2798; x_wconf 79' lang='lat' dir='ltr'><strong>ex</strong></span> 
     </span>
     <span class='ocr_line' id='line_1_49' title="bbox 313 2803 1767 2849; baseline 0.006 -17"><span class='ocrx_word' id='word_1_429' title='bbox 313 2803 400 2832; x_wconf 84' lang='lat' dir='ltr'><strong>cedit</strong></span> <span class='ocrx_word' id='word_1_430' title='bbox 414 2803 545 2833; x_wconf 80' lang='lat' dir='ltr'><strong>diceret.</strong></span> <span class='ocrx_word' id='word_1_431' title='bbox 1059 2806 1156 2836; x_wconf 85' lang='lat' dir='ltr'><strong>editis</strong></span> <span class='ocrx_word' id='word_1_432' title='bbox 1170 2806 1326 2846; x_wconf 83' lang='lat' dir='ltr'><strong>exemplis</strong></span> <span class='ocrx_word' id='word_1_433' title='bbox 1345 2807 1479 2844; x_wconf 87' lang='lat' dir='ltr'><strong>fluxere,</strong></span> <span class='ocrx_word' id='word_1_434' title='bbox 1504 2808 1554 2838; x_wconf 89' lang='lat' dir='ltr'><strong>vel</strong></span> <span class='ocrx_word' id='word_1_435' title='bbox 1577 2809 1642 2839; x_wconf 84' lang='lat' dir='ltr'><strong>ab</strong></span> <span class='ocrx_word' id='word_1_436' title='bbox 1634 2808 1767 2849; x_wconf 71' lang='lat' dir='ltr'><strong>imperi-</strong></span> 
     </span>
    </p>

    <p class='ocr_par' dir='ltr' id='par_1_14' title="bbox 354 2845 1602 2892">
     <span class='ocr_line' id='line_1_50' title="bbox 354 2845 1602 2892; baseline 0.005 -16"><span class='ocrx_word' id='word_1_437' title='bbox 354 2847 395 2880; x_wconf 84' lang='lat'><strong>39</strong></span> <span class='ocrx_word' id='word_1_438' title='bbox 417 2855 475 2876; x_wconf 83' lang='lat' dir='ltr'><strong>nec</strong></span> <span class='ocrx_word' id='word_1_439' title='bbox 502 2846 558 2886; x_wconf 83' lang='lat' dir='ltr'><strong>qui</strong></span> <span class='ocrx_word' id='word_1_440' title='bbox 579 2847 659 2886; x_wconf 73' lang='lat' dir='ltr'><strong>plus</strong></span> <span class='ocrx_word' id='word_1_441' title='bbox 687 2847 767 2878; x_wconf 87' lang='lat' dir='ltr'><strong>lum.</strong></span> <span class='ocrx_word' id='word_1_442' title='bbox 791 2845 917 2888; x_wconf 76' lang='lat' dir='ltr'><strong>qfferat</strong></span> <span class='ocrx_word' id='word_1_443' title='bbox 944 2857 1018 2878; x_wconf 81' lang='lat' dir='ltr'><strong>ora-</strong></span> <span class='ocrx_word' id='word_1_444' title='bbox 1059 2848 1103 2879; x_wconf 84' lang='lat' dir='ltr'><strong>tis</strong></span> <span class='ocrx_word' id='word_1_445' title='bbox 1116 2858 1233 2889; x_wconf 83' lang='lat' dir='ltr'><strong>graeeae</strong></span> <span class='ocrx_word' id='word_1_446' title='bbox 1244 2849 1369 2890; x_wconf 86' lang='lat' dir='ltr'><strong>linguae</strong></span> <span class='ocrx_word' id='word_1_447' title='bbox 1379 2851 1493 2892; x_wconf 81' lang='lat' dir='ltr'><strong>scripti</strong></span> <span class='ocrx_word' id='word_1_448' title='bbox 1509 2857 1602 2883; x_wconf 79' lang='lat' dir='ltr'><strong>sunt.</strong></span> 
     </span>
    </p>
   </div>
  </div>
 </body>
</html>
