1945 3235
521 142 706 181 LIBER
742 140 1034 183 QUARTUS.
1438 150 1486 184 95

63 247 280 306 possidere
301 263 388 290 non
406 246 606 304 potuisti:
630 255 751 288 tuum
772 260 851 287 usu
874 246 1025 287 fecisse
1043 245 1277 287 etiamnum
1302 254 1385 289 non
1411 254 1486 304 po-

64 314 150 347 tes:
184 306 316 348 emtio
345 305 458 347 nulla
489 303 723 360 profertur:
753 303 990 344 hereditate
1023 302 1117 353 tibi,
1148 317 1215 342 me
1248 304 1360 355 vivo,
1392 321 1487 347 mea

63 364 248 418 pecunia
267 362 409 405 venire
431 375 518 401 non
541 360 696 416 potuit.
756 360 1030 415 Relinquitur
1053 373 1171 414 ergo,
1202 367 1248 399 ut
1278 374 1344 400 me
1369 362 1408 401 vi
1431 363 1484 403 de

63 434 160 461 meo
189 419 323 462 fundo
357 417 574 473 dejeceris.
635 417 746 458 Haec
787 417 1013 458 exornatio
1055 415 1283 471 plurimum
1308 417 1482 471 juvabit
1493 424 1540 457 41

64 476 370 532 conjecturales
400 474 806 530 argumentationes.
838 473 910 514 sed
951 487 1037 514 non
1079 473 1174 523 erit,
1206 481 1408 527 tanquam
1440 476 1484 516 in

65 533 289 589 plerisque,
311 540 373 582 ut,
394 546 493 572 cum
523 531 715 581 velimus,
745 546 796 571 ea
824 530 1035 586 possimus
1059 529 1136 570 uti.
1160 544 1258 570 nam
1281 531 1420 571 facere
1442 532 1485 572 id.

67 605 153 631 non
176 589 423 646 poterimus,
444 588 526 629 nisi
557 587 681 629 nobis
708 588 801 643 ipsa
833 587 997 644 negotii
1026 596 1179 628 natura
1211 587 1332 628 dabit
1353 586 1486 629 facul-

64 655 210 688 tatem.

121 701 358 744 Dissolutio
390 710 468 753 est,
491 717 588 756 quae
606 701 997 756 conjunctionibus
1032 702 1259 742 verborum
1292 716 1315 742 e
1344 702 1485 743 medio
1498 695 1570 743 30

62 760 253 810 sublatis,
275 758 467 814 partibus
487 759 689 814 separatis
709 758 896 810 effertur,
915 758 997 799 hoc
1016 758 1166 799 modo:
1192 759 1306 799 Gere
1323 774 1486 800 morem

92 816 240 867 arenti,
260 829 360 871 pare
378 817 589 871 cognatis,
608 816 841 871 obsequere
859 815 1022 866 amicis,
1041 816 1292 871 obtempera
1304 816 1486 872 legibus,

89 881 189 925 tem,
221 871 445 914 Descende
476 874 520 914 in
554 873 765 929 integram
796 872 1103 924 defensionem,
1134 873 1222 913 noli
1253 873 1487 929 quidquam

62 944 267 981 recusare,
289 930 344 971 da
377 944 518 971 servos
550 931 592 971 in
619 931 925 985 quaestionem,
949 930 1071 970 stude
1104 944 1251 971 verum
1281 930 1486 973 invenire.

64 986 164 1029 Hoc
185 1001 319 1043 genus
339 995 383 1028 et
403 987 680 1029 acrimoniam
702 988 831 1029 habet
853 988 896 1028 in
919 1001 977 1038 se,
1000 996 1043 1027 et
1065 986 1487 1030 vehementissimum

61 1053 141 1095 est,
162 1054 206 1085 et
226 1044 280 1085 ad
303 1045 555 1086 brevitatem
574 1045 961 1085 accommodatum.

120 1101 324 1142 Praecisio
342 1111 420 1153 est,
443 1117 556 1153 cum,
577 1102 703 1142 dictis
725 1102 995 1157 quibusdam,
1018 1101 1241 1156 reliquum,
1262 1103 1377 1157 quod
1396 1118 1487 1144 coe-

63 1167 186 1214 ptum
207 1168 272 1199 est
293 1158 393 1209 dici,
419 1159 672 1214 relinquitur
697 1159 739 1199 in
763 1158 1028 1199 audientium
1054 1158 1239 1213 judiciO,
1262 1157 1344 1201 sic':
1369 1160 1487 1202 Mihi

62 1225 202 1256 tecum
226 1217 495 1271 praecertatio
514 1231 600 1256 non
617 1224 695 1266 est,
717 1216 814 1256 ideo
828 1215 942 1270 quod
957 1215 1139 1271 populus
1164 1214 1385 1256 Romanus
1403 1232 1486 1269 me,

61 1272 161 1314 nolo
187 1273 341 1323 dicere,
370 1287 425 1312 ne
457 1272 527 1314 cui
560 1272 671 1313 forte
697 1287 900 1328 arrogans
934 1273 1099 1315 videar:
1123 1281 1166 1313 te
1199 1282 1342 1313 autem
1373 1289 1487 1330 saepe

62 1329 300 1385 ignominia
331 1328 510 1385 dignum
541 1330 722 1385 putavit.
783 1329 908 1381 Item,
930 1328 996 1370 Tu
1018 1330 1100 1370 ista
1126 1344 1240 1371 nunc
1270 1330 1399 1371 audes
1423 1332 1488 1372 di-

60 1401 170 1436 cere,
191 1387 265 1441 qui
286 1400 423 1441 nuper
441 1389 482 1418 56
495 1386 645 1427 alienae
667 1387 839 1429 domui?
858 1401 944 1427 non
967 1387 1101 1428 ausim
1122 1387 1277 1438 dicere,
1299 1402 1367 1438 ne,
1389 1404 1488 1430 cum

62 1453 104 1484 te
132 1443 264 1499 digna
293 1443 460 1494 dixero,
489 1458 558 1485 me
599 1444 825 1500 indignum
864 1444 1087 1500 quidpiam
1130 1444 1295 1486 dixisse
1328 1445 1488 1487 videar.

61 1499 149 1542 Hic
170 1500 355 1542 atrocior
377 1501 509 1542 tacita
532 1501 735 1557 suspicio,
758 1516 886 1557 quam
911 1502 1070 1542 diserta
1095 1501 1342 1558 explanatio
1374 1503 1488 1544 facta

59 1566 138 1599 est.

117 1615 350 1657 Conclusio
371 1623 449 1666 est,
472 1629 568 1670 quae
592 1616 710 1657 brevi
729 1617 1101 1672 argumentatione
1119 1631 1172 1657 ex
1188 1616 1253 1668 iis,
1271 1632 1368 1672 quae
1388 1626 1487 1659 ante

58 1671 177 1714 dicta
195 1683 307 1724 sunt,
330 1682 404 1714 aut
425 1672 552 1723 facta,
575 1672 752 1714 conficit
774 1674 832 1724 id,
854 1674 971 1728 quod
991 1674 1230 1714 necessario
1251 1689 1487 1730 consequa-

60 1738 142 1781 tur,
161 1729 245 1771 hoc
271 1730 424 1771 modo:
450 1730 580 1776 Quod
603 1730 636 1770 si
669 1729 831 1772 Danais
861 1731 1010 1772 datum
1032 1740 1122 1771 erat
1143 1731 1376 1783 oraculum,
1399 1747 1487 1773 non

61 1800 185 1842 posse
205 1787 302 1842 capi
324 1786 499 1842 Trojam
522 1787 611 1828 sine
635 1787 891 1829 Philoctetae
915 1789 1098 1844 sagittiS,
1120 1788 1189 1829 hae
1212 1798 1356 1830 autem
1378 1789 1486 1830 nihil

60 1842 176 1885 aliud
197 1843 405 1895 fecerunt,
435 1843 516 1884 nisi
538 1842 832 1886 Alexandrum
861 1845 1153 1901 perculerunt:
1188 1845 1301 1887 hunc
1322 1846 1486 1887 exstin-

62 1915 206 1957 guere,
230 1900 272 1942 id
295 1901 495 1942 nimirum
518 1901 615 1956 capi
637 1900 719 1942 fuit
740 1901 930 1957 Trojam.

120 1957 302 1999 Restant
314 1958 444 1998 etiam
462 1958 610 2000 decem
629 1960 930 2000 exornationes
949 1960 1191 2010 verborum,
1205 1975 1308 2015 quas
1322 1960 1483 2002 idcirco
1496 1961 1564 2009 31

60 2029 147 2056 non
169 2029 277 2071 vage
298 2015 587 2071 dispersimuS,
607 2016 680 2057 sed
698 2031 723 2057 a
740 2017 1029 2072 superioribus
1047 2018 1351 2073 separavimus,
1369 2018 1483 2073 quod
1495 2034 1546 2067 42

60 2086 207 2113 omnes
238 2073 282 2113 in
312 2087 398 2113 uno
426 2087 582 2128 genere
611 2073 763 2129 positae
794 2082 906 2114 sunt.
969 2074 1083 2114 Nam
1112 2088 1257 2115 earum
1292 2076 1486 2116 omnium

59 2129 144 2171 hoc
165 2129 385 2186 proprium
404 2138 482 2180 est,
504 2138 553 2170 ut
570 2130 624 2170 ab
646 2130 804 2171 usitata
825 2131 1052 2172 verborum
1081 2140 1294 2187 potestate
1315 2133 1488 2174 receda-

63 2197 145 2237 tur,
175 2196 302 2242 atque
321 2188 364 2227 in
386 2186 512 2227 aliam
535 2187 744 2229 rationem
769 2203 869 2229 cum
895 2189 1078 2243 quadam
1104 2198 1328 2230 venustate
1348 2190 1487 2231 oratio

59 2243 316 2285 conferatur.
368 2243 434 2284 De
455 2244 610 2300 quibus
623 2245 977 2287 exornationibus
996 2246 1235 2287 nominatio
1253 2255 1318 2288 est
1335 2247 1488 2303 prima,

61 2316 158 2356 quae
180 2316 257 2342 nos
289 2301 506 2353 admonet,
528 2310 589 2353 ut,
613 2302 682 2342 cui
704 2303 764 2344 rei
797 2317 954 2344 nomen
986 2313 1060 2344 aut
1089 2318 1174 2344 non
1198 2304 1267 2356 sit,
1289 2313 1364 2345 aut
1386 2305 1487 2345 satis

60 2358 261 2400 idoneum
283 2373 369 2399 non
392 2359 461 2409 sit,
483 2373 576 2399 eam
599 2368 767 2400 nosmet
789 2360 944 2401 idoneo
962 2361 1094 2401 verbo
1115 2361 1400 2413 nominemus,
1415 2371 1489 2402 aut

62 2415 328 2467 imitationis,
351 2425 426 2456 aut
444 2416 772 2471 significationis
795 2432 937 2459 causa.
953 2417 1222 2469 imitationis,
1241 2418 1325 2460 hoc
1342 2419 1489 2468 modo,

61 2482 108 2513 ut
127 2473 310 2528 majores
339 2474 503 2524 rudere,
532 2482 576 2514 et
605 2474 765 2529 vagire,
795 2484 837 2515 et
869 2475 1051 2530 mugire,
1073 2483 1117 2515 et
1146 2489 1423 2526 murmurare,
1446 2486 1490 2516 et

63 2530 231 2571 sibilare
253 2530 588 2586 appellaverunt.
603 2531 897 2587 significandae
917 2532 975 2572 rei
995 2546 1136 2582 causa,
1157 2532 1239 2574 sic:
1260 2540 1488 2588 postquam

60 2587 139 2627 iste
170 2587 215 2628 in
244 2587 552 2644 rempublicam
586 2587 690 2629 fecit
723 2589 946 2644 impetum,
981 2593 1017 2624 57
1033 2588 1179 2645 fragor
1209 2590 1398 2631 civitatis
1424 2591 1488 2630 in-

101 2699 142 2730 56
157 2700 278 2743 Alienae
295 2701 429 2742 domna]
466 2705 518 2735 Sic
535 2713 644 2735 rursus
670 2704 745 2734 infr.
782 2702 931 2743 judicare
947 2702 1026 2733 certi
1044 2701 1089 2732 nil
1104 2712 1285 2743 possumus.

58 2751 87 2771 e.
105 2744 153 2772 54.
196 2743 258 2773 Sed
266 2743 344 2774 Mss.
358 2743 422 2774 duo
435 2756 485 2786 ap.
499 2746 648 2777 Oudend.
666 2747 746 2776 item
833 2748 869 2779 57
882 2744 1010 2783 Fragor
1018 2745 1076 2774 Cl'v-
1089 2745 1126 2784 i.]
1146 2745 1217 2775 HOC
1227 2755 1294 2776 1ยน0ss
1303 2745 1486 2776 satiSintel-

57 2784 107 2814 ed.
134 2783 221 2814 Med.
253 2788 339 2819 1474.
366 2788 480 2818 alienoe
500 2789 597 2826 domi,
621 2793 659 2819 ut
683 2798 749 2819 suoe
790 2788 869 2826 ligo,
886 2791 1019 2828 propter
1035 2787 1117 2817 illud
1131 2789 1291 2826 inprimis.
1335 2787 1396 2817 Sed
1419 2798 1485 2818 non

59 2826 157 2862 โOmiv
178 2827 271 2857 istiu-โต*
286 2828 382 2865 domi,
403 2830 489 2870 apud
506 2831 696 2861 Ciceronem
716 2830 750 2860 in
793 2830 879 2860 tanti
905 2835 955 2860 est
974 2830 1007 2859 in
1027 2829 1076 2859 his
1094 2828 1252 2868 laborare,
1276 2835 1313 2860 ut
1334 2840 1392 2859 nec
1412 2840 1485 2870 pro-

59 2867 219 2898 verrinis:
247 2869 334 2908 quod
358 2871 493 2902 fortasse
520 2873 645 2903 melius.
690 2871 753 2902 Sed
795 2873 880 2902 xime
896 2872 929 2901 in
945 2871 1163 2911 Plagiosโippo.

58 2911 255 2941 sententiam
283 2912 443 2952 integram
472 2915 546 2953 quia
580 2915 752 2951 nescimus,
