1945 3235
350 126 427 162 1212
840 123 919 163 DE
952 124 1336 164 INVENTIONE

352 227 493 267 surine
516 227 624 268 sint:
658 234 806 283 postea
825 228 924 281 hoc,
946 230 1060 285 quod
1083 230 1228 281 faciat,
1250 227 1470 285 indignius
1491 236 1534 270 et
1556 226 1780 285 impudenss

353 284 436 325 tius
459 298 562 334 esse,
585 299 712 339 quam
732 285 765 325 si
788 286 1026 329 adscribat:
1050 290 1089 319 ⁵⁴
1102 302 1181 342 age
1203 302 1344 344 porro,
1363 286 1465 341 quid
1486 286 1520 327 si
1543 286 1622 342 ipsi
1646 286 1780 328 velint

346 341 516 396 judiees
537 341 800 384 adscribere:
833 358 1085 400 passurusne
1117 345 1172 385 sit
1199 344 1407 401 populus?
1438 351 1565 398 atque
1588 343 1670 385 hoc
1690 357 1781 384 esse

355 399 589 454 indignum,
611 414 738 455 quam
769 414 856 440 rem
884 403 1013 443 verbo
1036 410 1079 442 et
1109 401 1260 443 litteris
1291 409 1456 442 mutare
1485 415 1571 441 non
1601 399 1781 456 possint,

273 455 450 496 134ea1n
483 470 526 496 re
564 457 669 512 ipsa,
702 466 745 496 et
779 457 947 511 judicio
979 458 1182 509 maxime,
1215 466 1502 500 commutare:
1534 457 1688 498 deinde
1716 457 1782 498 in-

355 513 535 568 diguum
557 527 647 553 esse
674 513 725 553 de
756 514 849 570 lege
879 514 1037 570 aliquid
1061 516 1270 572 derogari,
1294 525 1367 556 aut
1397 514 1535 571 legem
1567 513 1781 570 abrogari,

355 580 427 610 aut
460 570 601 625 aliqua
632 585 684 610 ex
718 581 836 626 parte
866 573 1136 623 commutari,
1157 588 1255 614 cum
1291 571 1448 628 populo
1479 569 1784 628 cognoscendi,

354 636 398 668 et
429 627 651 682 probandi,
673 637 747 667 aut
777 629 1047 684 improbandi
1080 639 1267 685 potestas
1299 629 1414 670 nulla
1435 629 1534 670 fiat:
1567 628 1650 669 hoe
1681 627 1784 684 ipsis

347 684 572 738 judicibus
603 684 983 726 invidiosissimum
1005 685 1220 729 futurum:
1252 702 1337 728 non
1370 686 1484 727 hune
1516 685 1656 726 locum
1678 697 1784 735 esse,

354 755 490 796 neque
530 740 611 782 hoc
645 749 811 797 tempus
844 742 986 798 legum
1018 744 1392 800 corrigendarum:
1433 743 1547 799 apud
1578 741 1785 798 populum

353 797 451 848 hoc,
474 807 517 838 et
538 812 610 853 per
632 799 837 854 populum
870 801 940 856 agi
963 802 1211 843 convenire:
1243 801 1357 856 quod
1381 800 1414 841 si
1437 815 1552 841 nunc
1573 799 1615 840 id
1638 806 1786 855 agant,

355 854 461 895 velle
484 869 527 894 se
549 855 670 905 scire,
693 856 765 909 qui
784 856 892 897 lator
911 858 980 908 sit,
997 858 1070 913 qui
1094 858 1179 899 sint
1200 858 1442 914 accepturi:
1475 860 1514 889 55
1528 871 1572 899 se
1592 857 1784 898 actiones

355 911 498 952 videre
528 921 570 952 et
600 912 844 954 dissuadere
867 913 997 955 velle:
1029 915 1144 969 quod
1175 916 1209 955 si
1239 915 1334 956 haec
1363 929 1462 955 cum
1492 928 1656 955 summe
1689 913 1785 954 inu·

355 968 459 1018 tilia,
481 978 572 1009 tum
594 969 730 1010 multo
753 970 999 1026 turpissima
1020 971 1130 1023 sint3
1162 970 1314 1028 legem,
1336 970 1630 1026 cujuscemodi
1652 970 1722 1022 sit,
1740 969 1786 1011 in

355 1026 583 1081 praesentia
603 1028 844 1068 conservari
875 1028 928 1069 ab
952 1028 1191 1084 judicibus,
1212 1038 1325 1085 post,
1348 1028 1383 1068 si
1405 1028 1643 1084 displiceat,
1664 1042 1690 1068 a
1709 1041 1787 1084 po-

354 1083 455 1139 pulo
488 1083 645 1139 corrigi
675 1085 929 1127 convenire:
960 1085 1128 1136 deinde,
1160 1085 1194 1126 si
1227 1085 1433 1142 scriptum
1463 1099 1551 1126 non
1583 1092 1786 1135 exstaret,

352 1154 615 1196 magnopere
636 1156 946 1196 quaerereinus:
978 1157 1116 1198 neque
1147 1143 1232 1194 isti,
1253 1157 1308 1184 ne
1339 1142 1373 1183 si
1404 1151 1528 1183 extra
1550 1141 1788 1198 periculum

353 1197 527 1252 quidem
546 1209 670 1249 esset,
684 1199 965 1241 crederemus.
985 1215 1098 1242 nune
1117 1215 1216 1240 cum
1236 1200 1442 1255 scriptum
1462 1199 1532 1250 sit,
1554 1198 1786 1240 amentiam

352 1268 458 1304 esse,
480 1254 586 1308 ejus,
609 1256 682 1310 qui
715 1257 903 1312 peccarit
931 1258 1089 1313 potius,
1112 1271 1238 1313 quam
1270 1257 1376 1313 legis
1407 1257 1541 1313 ipsius
1563 1256 1694 1297 verba
1713 1270 1787 1297 co-

356 1326 574 1367 gnoscere.
636 1313 718 1353 His
741 1324 783 1354 et
807 1314 1052 1369 hujusmodi
1075 1315 1312 1355 rationibus
1339 1314 1592 1364 ostenditur,
1614 1327 1786 1354 causam

271 1361 342 1417 ,46
356 1378 477 1409 extra
507 1370 713 1425 scriptum
744 1371 882 1427 accipi
912 1386 999 1412 non
1028 1381 1240 1428 oportere.
1299 1370 1498 1412 Secunda
1518 1384 1614 1426 pars
1635 1378 1714 1421 est,
1745 1370 1789 1412 in

268 1433 342 1474 ⁴135
355 1440 439 1480 qua
461 1435 524 1466 est
545 1427 870 1479 ostendendum,
892 1429 926 1469 si
961 1429 1005 1470 in
1027 1429 1178 1470 ceteris
1209 1428 1376 1484 legibus
1398 1435 1609 1484 oporteat,
1632 1427 1675 1468 in
1706 1427 1787 1469 hac

354 1497 441 1523 non
464 1491 674 1538 oportere.
719 1484 820 1527 Hoc
841 1485 1219 1536 demonstrabitur,
1242 1486 1276 1525 si
1299 1484 1368 1526 lex
1390 1493 1465 1525 aut
1486 1484 1539 1525 ad
1562 1498 1626 1525 res
1648 1485 1788 1526 maxi-

352 1554 458 1590 mas,
473 1540 733 1593 utilissimas,
752 1542 1088 1593 honestissimas,
1102 1542 1441 1598 religiosissimas
1461 1541 1676 1582 videbitur
1693 1556 1790 1598 per-

353 1597 513 1638 tinere:
545 1608 619 1638 aut
648 1599 813 1651 inutile,
836 1607 911 1641 aut
939 1609 1078 1656 turpe,
1100 1609 1174 1640 aut
1200 1599 1319 1640 nefas
1341 1613 1432 1640 esse
1453 1599 1527 1639 tali
1554 1598 1599 1639 in
1624 1612 1669 1639 re
1700 1613 1789 1641 non

352 1654 678 1710 diligentissime
699 1656 783 1712 legi
805 1657 1122 1713 obtemperare:
1147 1665 1220 1698 aut
1249 1656 1309 1697 ita
1338 1656 1408 1697 lex
1436 1655 1664 1712 diligenter
1692 1670 1788 1712 per—

354 1711 514 1766 scripta
546 1712 923 1765 demonstrabitur,
959 1716 1020 1756 ita
1051 1724 1225 1755 cautum
1263 1727 1518 1768 unaquaque
1548 1712 1601 1753 de
1630 1726 1689 1765 re,
1727 1713 1789 1755 ita

354 1768 470 1822 quod
492 1771 745 1824 oportuerit,
767 1781 1013 1827 exceptum,
1037 1781 1084 1812 ut
1105 1771 1282 1812 minime
1304 1771 1532 1812 conveniat
1553 1770 1788 1826 quidquam

356 1825 400 1865 in
444 1834 531 1866 tam
569 1827 765 1883 diligenti
803 1830 1014 1884 scriptura
1046 1829 1311 1885 praeteritum
1349 1827 1561 1869 arbitrari.
1619 1826 1788 1868 Tertius

352 1881 472 1923 locus
495 1892 559 1923 est
579 1884 632 1935 ei,
655 1885 728 1940 qui
752 1900 828 1941 pro
860 1887 1019 1943 scripto
1041 1887 1170 1937 dicet,
1191 1885 1381 1926 maxime
1415 1885 1690 1936 necessarius,
1713 1899 1789 1941 per

310 1952 481 1994 b.quem
514 1942 712 1982 ostendat
744 1952 929 1999 oportet,
964 1944 997 1984 si
1033 1943 1262 1985 conveniat
1295 1957 1467 1983 eausam
1501 1950 1652 1983 contra
1685 1942 1788 1983 scri-

354 2004 476 2050 ptum
498 1998 652 2053 accipi,
674 2013 768 2039 eam
789 2009 931 2041 tamen
958 2001 1136 2041 minime
1156 2009 1368 2056 oportere,
1387 2014 1482 2054 quae
1515 2000 1569 2039 ab
1590 1999 1788 2040 adversa-

269 2062 341 2096 136
354 2053 426 2093 riis
454 2053 669 2095 afferatur.
731 2056 818 2103 Qui
840 2057 958 2098 locus
981 2057 1142 2098 idcirco
1164 2066 1229 2097 est
1250 2056 1351 2097 huic
1374 2056 1648 2106 necessarius,
1670 2055 1787 2110 quod

352 2124 518 2165 semper
540 2111 589 2162 is,
613 2113 686 2166 qui
709 2123 859 2154 eontra
881 2114 1087 2169 scriptum
1109 2114 1230 2163 dicit,
1253 2113 1469 2167 aequitatis
1500 2112 1661 2167 aliquid
1684 2111 1788 2153 affe-

350 2176 415 2207 rat
437 2177 621 2223 oportet.
644 2170 685 2200 56
696 2184 796 2210 nam
825 2185 992 2211 summa
1012 2170 1281 2226 impudentia
1314 2169 1383 2219 sit,
1405 2184 1517 2220 eum,
1539 2169 1613 2224 qui
1636 2178 1789 2210 contra

348 2237 477 2278 quam
499 2225 612 2279 quod
643 2227 852 2282 scriptum
874 2227 943 2278 sit,
966 2227 1126 2282 aliquid
1150 2227 1332 2283 probare
1354 2226 1470 2278 velit,
1492 2241 1579 2268 non
1606 2226 1786 2282 aequita-

348 2280 402 2321 tis
433 2282 635 2336 praesidio
657 2283 701 2324 id
723 2283 862 2326 facere
884 2284 1046 2325 conari.
1106 2289 1143 2319 57
1159 2284 1204 2325 Si
1226 2283 1329 2340 quid
1354 2284 1488 2339 igitur
1511 2297 1565 2325 ex
1588 2283 1669 2325 hac
1690 2282 1783 2339 ipsa

390 2397 429 2425 54
451 2395 522 2431 Age
531 2403 641 2434 porro,
656 2397 736 2436 quid
745 2398 772 2427 si
786 2396 873 2436 ipsi]
889 2389 957 2428 Aut
969 2398 1048 2438 quid
1131 2398 1173 2429 56
1188 2397 1283 2429 Nam
1296 2406 1427 2428 summa
1440 2396 1564 2437 impud.
1577 2395 1646 2436 sia]
1662 2395 1725 2427 Pro
1739 2400 1786 2427 ese

347 2436 521 2467 delendum
537 2443 633 2477 puto,
647 2443 685 2468 ut
703 2439 809 2469 forma
822 2439 971 2477 legitima
986 2440 1045 2470 hu-
1087 2440 1160 2470 dedi
1173 2441 1227 2477 sit,
1249 2450 1266 2470 e
1281 2440 1360 2470 Mss.
1383 2439 1502 2469 nostris
1522 2438 1686 2474 omnibus,
1703 2438 1786 2469 duo-

340 2480 396 2518 jus
411 2479 546 2509 rationis
567 2490 629 2519 age
638 2490 750 2519 porro,
765 2481 816 2511 vel
836 2491 911 2512 vero
931 2482 1044 2512 redda-
1086 2482 1147 2512 bus
1161 2492 1214 2523 ap.
1228 2482 1377 2512 Oudend.
1403 2481 1490 2521 quod
1509 2480 1626 2511 saltem
1647 2484 1697 2511 est
1719 2480 1785 2511 ele-

348 2527 414 2557 mr,
436 2523 470 2552 in
491 2531 554 2560 qua
576 2523 680 2561 quid?
702 2523 812 2554 locum
835 2533 900 2553 non
932 2524 1043 2562 habet,
1086 2525 1218 2564 gantius
1239 2524 1386 2564 vulgato,
1402 2524 1435 2553 in
1457 2532 1520 2562 quo
1541 2526 1654 2553 tamen
1673 2522 1784 2553 latini-

347 2568 405 2593 aut
419 2565 712 2602 transponendum,
725 2567 753 2596 si
767 2566 846 2604 quid
858 2566 879 2596 i.
884 2566 915 2606 j.
933 2567 991 2596 &c.
1086 2571 1136 2596 tas
1147 2567 1236 2597 salva
1247 2571 1308 2596 cst.
1342 2566 1422 2596 Mox
1438 2564 1544 2596 addidi
1559 2574 1657 2604 quam
1669 2575 1687 2595 e
1702 2564 1784 2595 Mss.

391 2607 430 2634 55
455 2605 497 2634 Se
511 2606 650 2636 actiones
667 2608 776 2638 videre
793 2612 824 2638 et
845 2608 875 2638 d.
897 2608 942 2648 zu]
970 2609 1044 2639 Hoc
1086 2609 1205 2639 nostris
1228 2612 1262 2639 et
1276 2609 1348 2639 aliis
1362 2618 1413 2648 ap.
1428 2607 1529 2637 Gron.
1550 2606 1636 2637 Oud.
1655 2610 1690 2637 et
1710 2606 1782 2637 edd.

348 2657 408 2686 ego
421 2648 831 2686 nunquamintcllexi‚nec
843 2651 1042 2690 explicatum
1085 2661 1134 2690 pr.
1163 2650 1264 2681 Aldus
1289 2651 1415 2691 primus
1440 2649 1569 2680 delevit.
1593 2648 1690 2680 male.
1714 2648 1784 2679 Ou-

348 2689 462 2729 reperi.
500 2690 634 2728 conjeci
648 2692 805 2722 actionem
820 2701 864 2722 sc.
878 2693 1042 2732 legislato-
1085 2692 1282 2733 dendorpius
1317 2691 1461 2723 defendit
1493 2691 1680 2730 vulgatum,
1707 2699 1784 2730 pro·

347 2733 403 2767 ris,
417 2731 451 2761 in
465 2730 536 2769 leg-e
549 2731 698 2762 ferenda:
725 2734 850 2764 namin
867 2734 939 2774 lege
957 2735 1040 2766 acci·
1084 2740 1158 2774 pter
1181 2733 1501 2765 observatiunculam
1528 2731 1567 2763 de
1595 2732 1654 2764 iuo
1681 2741 1782 2772 quam

347 2773 464 2812 pianda
485 2783 551 2802 non
569 2778 618 2804 est
633 2775 732 2812 actio,
747 2780 787 2805 ut
808 2776 926 2806 referre
938 2779 1040 2816 possis
1085 2776 1248 2807 interdum
1268 2776 1400 2813 omisso,
1415 2783 1455 2806 ut
1463 2779 1587 2815 proeter
1604 2775 1698 2816 quod,
1720 2784 1780 2816 pro

345 2815 386 2844 ad
401 2815 457 2846 illa
469 2815 545 2854 duo,
559 2817 614 2856 qui
626 2818 712 2848 lator
722 2819 776 2856 sit,
789 2819 844 2859 qui
855 2820 919 2849 sint
931 2829 1040 2860 accep·
1077 2823 1300 2860 prepter-quam
1313 2818 1406 2858 quod.

345 2858 421 2887 turi.
1126 2863 1164 2895 57
1189 2861 1227 2893 Si
1247 2861 1327 2902 quid
1345 2859 1660 2901 igitur-quemnam
1684 2865 1779 2890 accu-
