1945 3235
330 166 405 205 472
910 165 1184 206 BRUTUS.

327 265 566 321 liquissent,
603 267 772 327 Legum,
798 270 951 326 inquit,
984 271 1112 314 nihilo
1148 270 1303 312 minus:
1350 269 1479 311 Plato
1517 269 1623 310 enim
1659 265 1761 311 milii

330 338 432 364 unus
465 325 594 367 instar
633 335 687 368 esc
729 328 906 369 omnium
945 328 1133 369 millium.
1171 337 1216 369 et
1250 337 1379 370 recte.
1441 327 1605 368 Po'e'ma
1643 327 1759 368 enim

333 383 616 435 reconditum,
643 388 924 441 ¹5paucorum
945 386 1326 442 approbationem3
1359 385 1496 427 oratio
1529 384 1760 441 popularis,

334 438 558 481 adsensum
577 442 694 498 vulgi
717 443 844 484 debet
863 458 1047 484 movere.
1107 443 1180 494 At,
1204 444 1237 484 si
1269 443 1451 485 cundem
1474 442 1588 484 hunc
1614 441 1760 482 Plato-

333 510 429 537 nem
453 512 585 539 unum
606 500 845 540 auditorem
869 500 1044 542 baberet
1077 501 1406 552 Demosthenes,
1427 515 1525 542 cum
1556 507 1668 540 esset
1696 511 1762 538 re-

247 551 319 592 192
332 552 456 595 lictus
475 570 500 595 a
521 557 686 608 ceteris,
702 558 877 597 verbum
897 559 1035 598 facere
1052 573 1136 600 non
1154 569 1312 615 posset.
1355 557 1501 605 Quid?
1533 566 1593 608 tn,
1613 556 1762 606 Brute,

331 625 492 669 posses,
527 614 559 653 si
595 624 650 664 te,
686 624 732 654 ut
765 613 999 655 Curionem
1034 617 1266 670 quondam,
1300 616 1454 658 concio
1493 613 1760 670 reliquisset?

330 668 425 725 Ego
448 683 562 720 vero,
583 671 723 725 inquit
740 671 822 722 ille,
845 681 893 712 ut
914 686 981 712 me
1005 672 1083 712 tibi
1116 674 1315 724 indicem,
1338 674 1378 714 in
1414 673 1474 714 eis
1506 672 1636 713 etiam
1659 684 1761 712 cau-

327 727 397 777 sis,
423 728 463 767 in
494 728 650 782 quibus
672 729 811 769 omnis
836 743 898 769 res
920 730 1045 770 nobis
1076 745 1174 770 cum
1198 732 1420 786 judicibus
1442 738 1520 780 est,
1544 744 1630 771 non
1661 741 1760 769 cum

326 784 501 839 populo,
525 795 682 835 tamen,
705 787 737 826 si
761 801 786 826 a
806 801 966 827 corona
983 786 1154 828 relictus
1178 789 1272 839 sim,
1305 803 1390 828 non
1421 801 1573 842 queam
1605 786 1762 827 dicere.

331 843 398 881 lta
421 855 477 892 se,
501 842 690 898 inquam,
710 858 774 884 res
796 843 941 884 habet.
976 853 1034 895 ut,
1058 844 1090 884 si
1115 845 1233 886 tibiae
1266 846 1427 885 inflatae
1459 859 1545 886 non
1576 842 1763 884 referant

330 913 497 949 sonum,
519 901 782 955 abjiciendas
804 916 874 941 eas
894 901 975 941 sibi
998 902 1157 942 tibicen
1183 911 1328 959 putet:
1353 902 1413 942 sic
1431 902 1588 943 oratori
1612 898 1762 957 populi

327 970 448 995 aures
468 967 668 1012 tanquam
691 958 809 999 tibiae
827 966 946 1010 sunt3
977 973 1038 999 cae
1065 960 1097 999 si
1117 960 1312 1001 inflatum
1334 974 1418 1000 non
1437 959 1664 1014 recipiunt,
1686 966 1762 997 aut

274 1064 277 1065 ⁷
329 1013 361 1052 si
376 1013 545 1055 auditor
561 1015 738 1056 omnino
763 1025 964 1071 tanquam
987 1030 1120 1071 equus
1136 1032 1222 1058 non
1242 1017 1361 1068 facit,
1375 1016 1566 1073 agitandi
1587 1014 1684 1055 finis
1697 1013 1761 1055 fa-

245 1064 313 1112 52
327 1070 503 1112 ciendus
525 1081 603 1113 est.
647 1072 748 1114 Hoc
770 1083 911 1114 tamen
929 1074 1121 1124 interest,
1134 1075 1248 1129 quod
1273 1075 1424 1130 vulgus
1444 1072 1657 1114 interdum
1672 1086 1761 1112 non

242 1136 313 1171 193
328 1129 594 1183 probandum
628 1141 840 1172 oratorem
876 1131 1100 1188 l⁶probat3
1132 1133 1203 1174 sed
1237 1134 1390 1189 probat
1420 1131 1510 1172 sine
1540 1143 1763 1185 compara-

330 1186 466 1227 tione:
500 1202 598 1228 cum
622 1204 646 1228 a
668 1188 889 1238 mediocri,
911 1198 985 1229 aut
1006 1189 1136 1230 etiam
1167 1206 1192 1231 a
1223 1190 1335 1232 malo
1356 1189 1606 1239 delectatur,
1625 1201 1676 1228 eo
1697 1195 1763 1226 est

308 1252 579 1301 “contentus:
612 1260 702 1287 esse
729 1246 879 1287 melius
908 1261 994 1287 non
1021 1247 1172 1289 sentit:
1216 1247 1334 1299 illud,
1364 1247 1479 1302 quod
1507 1256 1586 1296 est,
1615 1244 1760 1300 quale-

327 1316 513 1357 cumque
533 1311 612 1354 est,
636 1304 804 1359 probat.
829 1314 945 1344 tenet
968 1304 1082 1344 enim
1104 1319 1225 1346 aures
1258 1306 1323 1346 vel
1353 1304 1581 1346 mediocris
1602 1310 1762 1352 orator,

328 1358 383 1399 sit
405 1360 534 1400 modo
561 1360 721 1416 aliquid
752 1362 796 1402 in
817 1376 888 1402 eo:
922 1376 999 1402 nec
1019 1375 1083 1402 res
1113 1362 1198 1403 ulla
1226 1362 1319 1419 plus
1352 1362 1464 1418 apud
1495 1361 1662 1402 animos
1682 1359 1762 1400 ho·

240 1422 311 1457 194
326 1416 506 1467 minum,
530 1433 659 1473 quam
681 1419 787 1460 ordo
810 1431 853 1459 et
876 1428 1049 1459 ornatus
1082 1420 1287 1461 orationis
1309 1419 1436 1460 valet.
1498 1419 1644 1466 Quare
1665 1416 1761 1472 quis

324 1488 379 1514 ex
413 1475 586 1531 populo,
620 1491 718 1516 cum
753 1477 810 1522 Q.
836 1475 1072 1517 Scaevolam
1103 1491 1181 1532 pro
1216 1477 1284 1518 M.
1316 1476 1516 1533 Coponio
1545 1476 1762 1517 dicentem

322 1531 493 1571 audiret
529 1536 562 1566 17
577 1533 620 1573 in
643 1547 692 1573 ea
709 1548 852 1584 causa,
875 1533 928 1574 de
949 1548 1035 1589 qua
1056 1542 1155 1574 ante
1177 1534 1284 1585 dixi,
1307 1534 1542 1590 quidquam
1565 1532 1758 1588 politius,

326 1598 399 1628 aut
420 1589 673 1645 elegantius,
695 1600 770 1631 aut
785 1590 962 1631 omnino
980 1590 1129 1631 melius
1147 1600 1221 1631 aut
1241 1600 1526 1647 exspectaret,
1544 1599 1619 1631 aut
1636 1602 1762 1646 posse

238 1647 312 1682 195
327 1645 416 1686 fieri
442 1650 633 1701 putaret?
667 1647 779 1688 Cum
803 1649 836 1689 is
856 1647 939 1689 hoc
961 1648 1143 1704 probare
1175 1648 1315 1700 vellet,
1340 1648 1419 1690 Μ’.
1443 1647 1639 1699 Curium,
1661 1661 1762 1688 cum

325 1703 387 1743 ita
409 1703 528 1744 heres
563 1705 786 1746 institutus
822 1713 946 1757 esset,
981 1705 1015 1745 si
1046 1706 1233 1763 pupillus
1267 1715 1366 1747 ante
1403 1715 1597 1747 mortuus
1634 1714 1761 1756 esset,

325 1776 454 1816 quam
477 1761 519 1802 in
540 1777 658 1803 suam
690 1763 867 1804 tutelam
891 1763 1091 1814 venisset,
1114 1763 1278 1820 pupillo
1311 1778 1398 1805 non
1427 1772 1530 1805 nato
1562 1761 1764 1803 heredem

324 1832 416 1859 esse
439 1834 522 1860 non
548 1834 696 1876 posse:
729 1821 831 1876 quid
855 1819 925 1861 ille
945 1835 1032 1862 non
1052 1819 1166 1862 dixit
1186 1822 1239 1863 de
1261 1830 1616 1863 testamentorum
1631 1820 1761 1875 jure?

325 1875 378 1916 de
396 1877 584 1932 antiquis
603 1876 825 1920 formulis?
856 1877 984 1933 quid?
1014 1879 1377 1933 quemadmodum
1396 1879 1524 1920 scribi
1546 1876 1763 1934 oportuis-

327 1943 404 1984 set,
428 1934 461 1974 si
484 1934 611 1976 etiarn
637 1935 725 1976 filio
748 1950 834 1976 non
865 1946 966 1976 nato
989 1934 1109 1977 heres
1140 1937 1458 1979 institueretur?
1493 1938 1529 1967 18
1540 1949 1670 1991 quam
1690 1949 1763 1976 ca-

327 1991 516 2047 ptiosum
543 2002 654 2034 esset
689 1992 864 2049 populo,
886 1993 1002 2048 quod
1028 1994 1236 2050 scriptum
1258 2003 1382 2046 esset,
1404 1993 1583 2050 negligi,
1605 2002 1650 2034 et
1666 1992 1761 2049 opi-

325 2049 454 2090 nione
476 2051 608 2104 quaeri
637 2051 895 2101 voluntates,
917 2061 960 2091 et
982 2051 1334 2108 interpretatione
1364 2052 1636 2101 disertorum,
1657 2049 1761 2091 scri-

241 2101 313 2138 197
327 2117 402 2161 pta
432 2107 688 2163 simplicium
722 2108 948 2149 hominurn
979 2112 1246 2164 pervertere?
1278 2110 1421 2156 Quam
1453 2108 1522 2150 ille
1544 2106 1680 2148 multa
1709 2106 1762 2148 de

325 2165 583 2205 auctoritate
608 2165 740 2221 patris
763 2166 843 2216 sui,
862 2165 935 2220 qui
969 2179 1134 2222 semper
1157 2167 1231 2222 jus
1253 2166 1356 2207 illud
1378 2181 1468 2207 esse
1489 2164 1760 2206 defenderat?

324 2235 452 2276 quam
477 2222 653 2263 omnino
683 2222 818 2263 multa
846 2223 898 2263 de
925 2225 1218 2265 conservando
1245 2223 1344 2278 jure
1376 2223 1516 2265 civili?
1547 2237 1644 2278 quae
1666 2221 1762 2277 qui-

325 2279 423 2318 dem
454 2280 600 2319 omnia
631 2294 730 2320 cum
765 2280 914 2336 perite,
946 2290 989 2320 et
1028 2281 1225 2333 scienter,
1265 2291 1355 2322 tum
1391 2283 1451 2322 ita
1487 2280 1687 2330 breviter,
1717 2287 1760 2319 et

325 2350 483 2391 presse,
501 2347 543 2376 et
568 2337 669 2377 satis
692 2346 855 2387 ornate,
878 2346 920 2377 et
940 2339 1233 2395 pereleganter
1256 2339 1437 2390 diceret3
1468 2338 1563 2393 quis
1585 2345 1695 2378 esset
1716 2335 1760 2395 in

327 2393 502 2449 populo,
527 2395 599 2450 qui
630 2403 706 2435 aut
735 2404 1018 2451 exspectaret,
1041 2406 1115 2437 aut
1138 2396 1227 2439 fieri
1260 2410 1384 2453 posse
1414 2396 1649 2451 quidquam
1671 2407 1759 2434 m'e-

191 1237 225 1268 Γ.
247 1230 303 1258 189

287 1281 307 1302 a

241 1923 313 1958 196

369 2542 405 2569 15
423 2549 606 2580 paucorum
634 2544 917 2583 approbafz'mzem:
940 2555 965 2574 o.
983 2554 1019 2585 p.
1065 2545 1154 2585 cum]
1184 2546 1235 2576 Sic
1258 2545 1458 2585 interpunxi.
1501 2541 1610 2581 Vulgo
1629 2540 1760 2581 probat,

324 2582 494 2612 adsensum
517 2594 548 2613 r.
568 2586 600 2615 d.
624 2586 763 2625 movere]
789 2587 842 2616 Sic
857 2586 941 2616 edidi
964 2597 1023 2627 pro
1064 2598 1089 2618 s.
1099 2597 1134 2627 p.
1149 2599 1176 2618 s.
1193 2589 1444 2628 comparatione,
1459 2595 1531 2616 cum
1547 2585 1604 2614 &c-

318 2634 355 2664 p.
371 2626 617 2663 approbantium
642 2639 669 2658 o.
681 2638 717 2668 p.
733 2629 779 2658 ad
797 2639 925 2659 sensum
943 2639 972 2659 v.
989 2630 1021 2660 d.
1111 2632 1147 2663 17
1170 2630 1205 2660 z'n
1226 2640 1266 2660 ea
1287 2639 1399 2666 causa,
1415 2629 1453 2658 de
1469 2638 1497 2667 q.
1512 2637 1545 2657 a.
1559 2628 1605 2667 [L]
1633 2627 1761 2666 Nempe

324 2668 457 2697 moveri.
491 2668 637 2699 Primum
652 2671 914 2710 approbationem
927 2682 944 2701 e
959 2671 1022 2702 Ms.
1065 2671 1104 2702 de
1119 2672 1244 2702 famosa
1259 2672 1316 2703 illa
1337 2680 1435 2702 causa
1456 2670 1612 2707 Curiana,
1635 2668 1674 2699 de
1696 2678 1761 2708 qua

326 2709 440 2746 Cujac.
468 2711 641 2740 adsensum
671 2723 709 2742 ex
736 2713 787 2743 ed.
812 2714 894 2743 Ven.
932 2714 1021 2745 Med.
1066 2724 1140 2744 mox
1151 2715 1240 2745 dicit.

326 2760 398 2787 quae
409 2751 532 2782 habent
542 2762 706 2784 assensum
719 2767 727 2783 :
743 2754 828 2785 unde
839 2760 1023 2796 suasponte
1111 2759 1147 2787 18
1170 2766 1270 2796 quam
1291 2756 1468 2796 captiosum
1493 2753 1585 2793 esset]
1612 2754 1665 2784 Sic
1687 2751 1760 2783 dedi

325 2794 365 2822 fit
380 2803 515 2824 movere.
547 2795 676 2833 SicJam
690 2796 728 2826 de
739 2798 927 2836 conjectura
943 2799 1023 2829 Cor·
1065 2809 1125 2838 pro
1147 2809 1226 2828 esse.-
1259 2799 1334 2838 quia
1358 2798 1421 2828 hoc
1444 2798 1626 2828 membrum
1655 2793 1762 2826 simile

325 2835 430 2865 radus,
455 2842 488 2865 et
509 2836 572 2867 hoc
597 2838 713 2868 melius
735 2844 785 2868 est
808 2850 906 2879 quam
934 2839 1020 2872 Rivii
1065 2850 1132 2871 esse
1147 2841 1241 2871 debet
1258 2839 1471 2881 praecedenti:
1489 2838 1761 2879 quemadmodum

326 2879 457 2914 mereri,
470 2878 565 2909 salvis
575 2878 717 2919 reliquis.
1064 2884 1160 2913 scribi
1188 2884 1395 2922 oportuz'sset,·
1428 2882 1489 2913 nisi
1517 2882 1586 2920 quis
1610 2880 1703 2912 malit
1725 2885 1760 2909 et

374 2920 408 2950 16
423 2922 560 2961 probah-
584 2922 640 2953 sed
653 2931 707 2963 pr.
724 2933 748 2953 s.
762 2926 1019 2963 comparatione.-
1065 2926 1255 2966 oport‘uisse:
1279 2925 1333 2956 sed
1346 2924 1427 2956 illud
1442 2924 1569 2956 melius.
