1945 3235
658 132 944 173 BRUTUS.
1448 136 1526 175 492

82 235 163 289 diS‚
200 246 244 281 et
272 239 423 282 eadem
456 238 652 295 inprimis
680 237 820 280 faceta
845 247 888 278 et
917 237 1159 293 perurbana
1191 238 1526 280 commendabat

81 295 236 338 oratio.
299 297 463 339 Graves
482 298 574 352 ejus
597 297 828 338 conciones
851 295 1015 350 aliquot
1037 294 1226 345 fuerunt,
1249 311 1365 336 acres
1397 311 1525 338 accu-

80 353 266 395 sationes
290 364 388 406 tres,
418 369 566 409 eaeque
587 368 735 395 omnes
769 366 824 394 ex
858 351 1108 408 reipublicae
1145 355 1422 394 contentione
1453 369 1524 394 su-

81 421 267 467 sceptae:
300 412 584 463 defensiones,
604 412 684 452 etsi
707 410 777 451 illa
797 420 918 450 erant
938 409 981 450 in
1000 424 1051 450 eo
1076 408 1268 460 meliora,
1291 425 1387 463 quae
1411 411 1520 461 dixi,

79 481 169 509 non
201 470 528 510 contemnendae
564 479 722 516 tamen,
754 481 940 522 saneque
970 465 1227 508 tolerabiles.
1300 466 1389 507 Hic
1420 482 1519 508 cum

80 539 249 568 summa
271 528 490 567 voluntate
513 527 722 566 bonorum
747 525 882 566 aedilis
905 525 1062 565 curulis
1081 523 1220 564 factus
1234 533 1358 574 esset,
1373 525 1519 564 nescio

78 585 299 638 quomodo
321 584 507 625 discessu
539 598 636 623 meo
658 583 856 624 discessit
886 598 909 623 a
941 596 1045 633 sese,
1069 581 1327 637 ceciditque,
1348 591 1519 637 postea-

79 654 208 695 quam
231 656 302 682 eos
325 641 482 681 imitari
510 640 664 697 coepit,
685 655 793 695 quos
816 640 907 696 ipse
931 648 1207 695 perverterat.
1268 639 1351 679 Sed
1374 639 1426 679 de
1453 638 1609 688 Man

81 696 251 739 Calidio
272 698 465 739 dicamus
487 697 663 754 aliquid,
685 698 758 753 qui
783 713 868 738 non
892 697 975 737 fuit
1007 706 1150 737 orator
1171 712 1280 738 unus
1303 711 1326 737 e
1348 695 1519 739 multis:

78 755 222 810 potius
255 755 367 796 inter
409 755 566 796 multos
600 770 734 811 prope
767 754 994 810 singularis
1029 753 1136 796 fuit:
1186 755 1246 795 ita
1279 753 1522 795 reconditas

77 812 402 869 exquisitasque
417 813 650 854 sententias
665 812 805 854 mollis
827 823 870 853 et
897 811 1109 868 pellucens
1133 812 1343 852 vestiebat
1366 812 1521 852 oratio.

76 868 186 909 nihil
221 879 308 911 tam
349 880 560 921 tenerum,
593 885 722 926 quain
756 869 868 911 illius
905 869 1234 925 comprehensio
1266 870 1521 911 verborum:

76 925 186 967 nihil
208 935 296 968 tam
328 928 535 980 flexibile,
558 928 680 980 nihil,
703 928 819 983 quod
843 927 980 984 magis
1018 926 1151 983 ipsius
1182 927 1361 969 arbitrio
1385 927 1523 983 finge-

75 993 206 1036 retur,
241 993 286 1026 ut
308 985 463 1026 nullius
495 986 676 1027 oratoris
707 1000 829 1041 aeque
862 986 906 1025 in
938 994 1150 1040 potestate
1183 984 1337 1026 fuerit:
1370 986 1522 1039 8Qquac

78 1040 266 1096 primum
290 1043 350 1083 ita
372 1058 479 1100 pura
499 1053 604 1095 erat,
629 1053 675 1083 ut
697 1042 806 1084 nihil
828 1043 1056 1098 liquidius3
1088 1043 1150 1082 ita
1179 1042 1312 1083 libere
1343 1042 1522 1092 fluebat,

76 1107 126 1139 ut
160 1114 372 1156 nusquam
402 1101 737 1143 adhaeresceret:
780 1100 959 1151 nullum,
996 1100 1077 1141 nisi
1108 1099 1204 1140 loco
1237 1100 1443 1156 positum,
1479 1109 1523 1140 et

77 1165 284 1212 tanquam
319 1158 361 1199 in
394 1159 674 1200 vermiculato
705 1157 978 1209 emblemate,
1001 1167 1049 1199 ut
1079 1157 1140 1198 ait
1172 1157 1379 1208 Lucilius,
1411 1166 1522 1198 stru-

76 1223 196 1256 ctum
230 1216 409 1257 verbum
433 1216 611 1258 videres.
634 1231 714 1257 nec
748 1230 849 1257 vero
885 1215 1018 1257 ullum
1050 1225 1124 1256 aut
1155 1215 1326 1267 durum,
1348 1223 1423 1256 aut
1455 1215 1522 1255 in-

77 1271 232 1324 solens,
265 1283 340 1315 aut
372 1274 547 1326 humile,
578 1283 652 1315 aut
690 1273 862 1330 longius
894 1273 1098 1314 ductum:
1144 1288 1194 1314 ac
1225 1287 1311 1314 non
1345 1273 1522 1329 propria

76 1331 209 1371 verba
245 1345 400 1382 rerum,
433 1331 504 1372 sed
539 1332 741 1389 pleraque
771 1331 948 1372 tralata:
982 1331 1042 1372 sic
1069 1340 1227 1381 tamen,
1259 1340 1308 1371 ut
1344 1345 1395 1371 ea
1432 1345 1521 1371 non

75 1386 248 1430 irruisse
278 1388 321 1429 in
343 1389 530 1430 alienum
552 1389 711 1441 locum,
737 1389 809 1429 sed
832 1388 1102 1445 immigrasse
1122 1389 1165 1429 in
1193 1402 1317 1428 suum
1341 1388 1520 1429 diceres.

75 1457 156 1486 nec
178 1460 278 1486 vero
306 1446 402 1488 haec
433 1446 586 1498 soluta,
611 1462 688 1488 nec
710 1446 967 1497 diffluentia,
991 1446 1063 1487 sed
1086 1446 1292 1487 adstricta
1313 1446 1518 1498 numeris,

72 1515 160 1543 non
182 1512 343 1560 aperte,
364 1509 444 1545 'nec
468 1505 620 1546 eodem
642 1505 772 1545 modo
796 1518 978 1560 semper,
1001 1504 1074 1544 sed
1098 1504 1212 1544 varie
1243 1503 1516 1544 dissimulan-

73 1566 222 1616 terque
264 1562 493 1602 conclusis.
566 1561 701 1603 Erant
745 1571 890 1602 autem
930 1571 973 1602 et
1003 1561 1232 1603 verborum
1265 1571 1309 1601 et
1345 1564 1604 1604 senten-275

72 1617 230 1659 tiarum
253 1618 326 1659 illa
346 1619 523 1670 lumina,
547 1635 645 1675 quae
669 1628 827 1660 vocant
849 1619 996 1660 Graeci
1023 1626 1202 1674 σχήματα,
1233 1619 1391 1673 quibus
1421 1627 1516 1659 tan-

71 1674 201 1733 quam
231 1678 270 1707 83
285 1677 529 1732 insignibus
561 1679 604 1718 in
636 1686 806 1727 ornatu,
828 1677 1176 1733 distinguebatur
1199 1676 1337 1717 omnis
1360 1677 1515 1718 oratio.

71 1746 158 1787 qua
178 1733 232 1773 'de
254 1747 297 1773 re
319 1736 462 1791 agitur
492 1746 651 1786 autem,
675 1735 778 1776 illud
801 1734 915 1789 quod
938 1735 1084 1776 multis
1108 1735 1212 1776 locis
1236 1735 1279 1775 in
1296 1733 1515 1789 juriscon-

70 1789 280 1832 sultorum
311 1791 546 1847 includitur
576 1792 785 1843 formulis,
806 1792 901 1833 84ἰᾶ
924 1792 998 1833 ubi
1030 1802 1156 1844 esset,
1178 1792 1367 1832 videbat.
1427 1791 1514 1833 Ac·
1529 1789 1600 1846 80

69 1847 252 1889 cedebat
284 1849 389 1890 ordo
421 1864 561 1891 rerum
584 1851 734 1907 plenus
758 1850 875 1901 artis,
905 1850 1021 1890 actio
1055 1850 1257 1902 liberalis,
1287 1859 1514 1906 totumque
1526 1857 1558 1888 b.

68 1904 240 1946 dicendi
275 1906 489 1963 placidum
521 1918 564 1948 et
597 1923 747 1949 sanum
780 1922 930 1964 genuS.
992 1908 1160 1954 Quodsi
1187 1916 1253 1948 est
1284 1908 1606 1963 optimum,276

69 1964 257 2004 suaviter
278 1964 445 2018 dicere3
478 1965 585 2007 nihil
607 1976 685 2017 est,
708 1965 823 2021 quod
851 1965 1002 2006 melius
1027 1966 1109 2007 hoc
1131 1965 1412 2021 quaerendum
1436 1980 1516 2020 pu-

69 2028 147 2079 tes.
208 2021 292 2063 Sed
325 2037 425 2075 cum
458 2038 483 2063 a
510 2024 634 2064 nobis
666 2022 808 2080 paullo
842 2033 942 2064 ante
971 2023 1137 2064 dictum
1172 2023 1242 2074 sit,
1266 2023 1347 2063 tria
1380 2022 1517 2064 videri

68 2091 176 2130 esse,
199 2093 296 2136 quae
321 2089 466 2121 orator
496 2081 665 2122 efficere
696 2080 885 2132 deberet,
908 2092 956 2121 ut
978 2081 1166 2131 doceret,
1190 2089 1238 2120 ut
1268 2079 1516 2133 delectaret,

68 2144 118 2176 ut
144 2146 359 2179 moveret:
404 2138 489 2178 duo
523 2152 688 2179 summe
721 2139 875 2189 tenuit,
907 2147 954 2179 nt
980 2148 1024 2179 et
1056 2153 1145 2179 rem
1178 2138 1409 2178 illustraret
1430 2138 1517 2180 dis-

69 2194 263 2245 serendo,
296 2205 340 2235 et
363 2197 408 2226 ‘85
422 2195 588 2246 animos
617 2210 781 2248 eorum,
815 2196 889 2252 qui
923 2196 1134 2248 audirent,
1171 2195 1410 2250 devinciret
1441 2211 1516 2236 vo-

65 2249 247 2307 luptate.
304 2251 470 2294 Aberat
491 2252 618 2294 tertia
639 2253 711 2294 illa'
725 2253 835 2304 laus,
854 2264 939 2309 qna
966 2262 1237 2309 permoveret
1254 2263 1384 2308 atque
1405 2253 1515 2294 inci-

70 2316 180 2350 taret
211 2309 394 2362 animos,
427 2326 558 2366 quam
599 2310 833 2367 plurimum
873 2311 1032 2367 pollere
1065 2311 1271 2362 diximus,
1307 2325 1387 2352 nec
1423 2320 1515 2353 erat

105 2457 146 2486 82
175 2464 246 2495 quoe
261 2456 412 2495 primum
435 2457 484 2486 ita
504 2466 595 2496 pura
617 2456 660 2496 e.]
695 2466 766 2497 qnae

63 2497 125 2527 int.
147 2498 271 2536 oratio;
305 2508 374 2528 non
397 2509 415 2529 e
442 2499 604 2540 proximu,
623 2508 767 2539 compre-

64 2541 173 2570 hermo
185 2541 366 2571 verborum.

106 2584 146 2612 83
168 2583 349 2621 insignibus
369 2584 405 2614 in
419 2582 554 2622 ornatu]
587 2581 629 2613 In
645 2587 767 2614 ornatu

56 2623 184 2655 delevit
196 2623 393 2661 Lambinus:
417 2630 451 2656 et
467 2629 576 2666 potest
590 2625 762 2656 commode

62 2667 183 2698 abesse.
228 2667 261 2698 Si
283 2673 332 2698 est
349 2679 369 2699 a
388 2668 559 2705 Cicerone,
585 2668 671 2707 quod
695 2677 763 2697 non

60 2709 140 2740 satis
154 2710 300 2740 sustineo
316 2720 446 2750 negare,
462 2720 575 2741 sensus
598 2716 665 2741 est:
690 2719 765 2749 quae

61 2751 97 2782 in
117 2750 243 2791 reliquo
263 2757 384 2784 ornatu
408 2759 487 2783 sunt
509 2753 664 2793 insignia,
692 2762 762 2783 ma-

60 2794 209 2833 ximeque
225 2794 397 2826 incurrunt
410 2797 445 2826 in
457 2805 582 2826 sensus.

106 2839 147 2867 84
168 2837 205 2866 id
227 2837 282 2867 ubi
303 2837 396 2877 esset]
434 2838 512 2868 Non
539 2837 686 2868 dubitavi
716 2837 763 2868 sic

59 2879 221 2918 corrigere
232 2879 403 2920 vulgatum
419 2884 449 2911 ee
463 2881 518 2911 ubi
531 2885 621 2912 esset.
647 2880 763 2912 Cicero

808 2456 888 2487 dicit
913 2457 1015 2495 enim,
1044 2467 1119 2488 eum
1147 2461 1314 2488 accurate.
1324 2456 1441 2487 vidisse
1468 2456 1514 2495 id,

807 2509 872 2539 quo
884 2509 999 2531 caussa
1013 2502 1252 2540 contineretur,
1267 2509 1331 2539 qua
1343 2500 1381 2529 de
1395 2509 1428 2529 re
1439 2509 1515 2538 age-

810 2547 917 2572 retur:
943 2543 1030 2582 quod
1045 2543 1122 2582 quia
1142 2543 1177 2572 in
1199 2548 1366 2582 postremo
1388 2542 1514 2582 posuit,

808 2585 844 2614 id
856 2585 1114 2625 praeponendum
1130 2585 1204 2615 fuit.
1249 2584 1343 2614 Nihil
1357 2590 1420 2619 est,
1432 2594 1516 2623 quo-

805 2636 880 2656 cum
895 2627 970 2664 hoc,
984 2628 1040 2658 ubi
1054 2631 1145 2665 esset,
1156 2627 1343 2668 copuletur,
1358 2628 1384 2658 si
1397 2627 1434 2657 id
1445 2637 1513 2659 non

806 2669 957 2700 addatur.

851 2713 891 2741 85
927 2713 1104 2743 animos—
1115 2712 1292 2743 devinciret
1326 2711 1510 2752 voluptate]

804 2753 951 2784 Verbum
965 2755 1142 2786 devinciret
1155 2755 1196 2786 ab
1212 2755 1273 2784 hoc
1289 2755 1420 2793 quidem
1436 2755 1510 2785 loeo

805 2796 936 2826 videtur
949 2795 1106 2828 alienum.
1130 2798 1301 2838 Scripsisse
1316 2797 1511 2828 Ciceronem

807 2838 902 2868 credo
918 2839 1080 2877 deliniret*³
1096 2845 1138 2871 ut
1150 2840 1221 2872 aliis
1244 2839 1324 2870 loeis
1338 2838 1378 2870 de
1395 2839 1510 2870 eadem

808 2891 842 2912 re
858 2881 951 2912 dixit.
