1945 3235
329 170 409 208 470
910 161 1186 203 BRUTUS.

334 271 413 320 rio,
449 270 497 311 L.
530 268 692 321 Fufius,
725 268 793 311 M.
826 269 1008 321 Drusus,
1032 270 1113 311 εἰΡ.
1145 267 1375 319 Antistius,
1406 281 1485 310 nec
1515 268 1602 311 ulla
1641 277 1771 313 aetate

249 331 321 369 183
338 328 510 369 uberior
541 336 760 368 oratorum
794 327 928 369 foetus
962 327 1059 368 fuit.
1121 326 1188 368 Ex
1213 326 1280 367 his
1316 325 1449 366 Cotta
1479 334 1523 367 et
1554 325 1771 384 Sulpicius

334 400 433 426 cum
475 399 572 426 meo
603 384 788 439 judicio,
819 394 910 426 tum
949 386 1158 435 omnium,
1200 383 1325 424 facile
1367 383 1526 439 primas
1567 384 1772 427 tulerunt.

335 442 425 484 Hic
457 441 644 493 Atticus,
676 442 909 488 Quomodo
941 442 1050 483 istuc
1081 441 1203 493 dicis,
1235 440 1389 496 inquit,
1422 455 1521 482 cum
1553 450 1628 482 tuo
1653 441 1774 497 judi-

334 500 419 551 cio,
442 509 534 541 tum
565 501 788 541 omnium?
820 514 1041 555 semperne
1073 499 1114 539 iu
1146 507 1315 540 oratore
1338 498 1576 554 probando,
1598 508 1673 540 aut
1693 499 1777 540 im·

335 558 577 613 probando,
600 556 950 613 vfflgijudicium
981 571 1080 597 cum
1112 555 1446 612 intelligentium
1470 555 1640 611 judicio
1671 571 1776 598 con-

337 615 482 671 gruit?
515 614 584 654 An
617 613 687 654 alii
714 614 950 669 probantur
981 629 1007 654 a
1037 614 1328 663 multitudine,
1351 613 1421 654 alii
1453 622 1596 654 autem
1621 613 1676 654 ab
1707 612 1774 665 iis,

338 673 411 727 qui
437 671 710 726 intelligunt?
744 670 879 711 Recte
903 669 1097 725 requiris,
1113 671 1303 726 inquam,
1326 669 1499 712 Attice:
1533 671 1606 712 sed
1629 670 1777 712 audies

255 735 393 772 184ex
425 744 494 770 me
525 728 719 778 fortasse,
749 728 865 783 quod
907 742 992 768 non
1035 742 1182 768 omnes
1214 729 1412 784 probent.
1483 727 1585 769 9An
1619 737 1680 779 tu,
1710 727 1776 768 in-

339 786 448 842 quit,
472 786 515 827 id
544 785 728 836 laboras,
747 787 780 826 si
803 784 904 826 huic
936 784 1065 825 modo
1088 785 1225 826 Bruto
1248 786 1505 841 probaturus
1526 788 1598 827 es?
1631 785 1780 837 Plane,

341 844 533 898 inquam,
564 841 726 894 Attice,
748 843 1086 898 disputationem
1121 841 1248 883 hanc>
1271 841 1324 882 de
1356 853 1525 884 oratore
1555 842 1781 899 probando

339 910 415 941 aut
436 901 738 957 improbando,
760 900 897 940 multo
927 899 1075 940 malim
1107 900 1187 940 tibi
1221 907 1263 939 et
1297 898 1435 940 Bruto
1469 899 1659 956 placere:
1689 900 1781 941 elo-

338 958 560 1013 quentiam
583 967 726 998 autem
748 971 888 998 meam
910 956 1072 1013 populo
1104 956 1276 1012 probari
1309 956 1451 997 velim.
1512 956 1685 998 Etenim
1707 971 1782 998 ne-

339 1030 457 1057 cesse
479 1025 558 1066 est,
581 1015 654 1070 qui
679 1015 739 1056 ita
759 1015 890 1065 dicat,
913 1025 961 1054 ut
993 1029 1018 1054 a
1047 1013 1325 1055 multitudine
1356 1014 1576 1069 probetur,
1598 1015 1782 1056 eundem

340 1073 480 1114 doctis
510 1072 698 1129 probari.
732 1087 845 1123 nam,
867 1071 972 1127 quid
1003 1072 1047 1112 in
1077 1071 1261 1112 dicendo
1292 1080 1457 1112 rectum
1486 1071 1556 1122 sit,
1578 1081 1656 1113 aut
1685 1086 1785 1128 pra-

340 1144 459 1181 vum,
480 1145 563 1186 ego
579 1130 805 1185 judicabo,
819 1130 853 1170 si
877 1129 1007 1170 modo
1033 1129 1066 1170 is
1089 1144 1198 1180 sum,
1217 1129 1291 1184 qui
1314 1128 1357 1169 id
1376 1128 1536 1184 possim
1555 1138 1630 1170 aut
1651 1129 1784 1171 sciam

334 1187 557 1242 judicare:
601 1187 738 1243 qualis
773 1201 873 1228 vero
907 1187 963 1227 sit
997 1196 1156 1238 orator,
1191 1201 1247 1227 ex
1279 1200 1346 1236 e0‚
1379 1186 1497 1241 quod
1528 1186 1563 1226 is
1601 1186 1785 1228 dicendo

256 1251 328 1286 185
341 1245 517 1296 efficiet,
541 1245 702 1302 poterit
733 1244 931 1300 intelligi.
991 1243 1093 1285 Tria
1128 1254 1228 1285 sunt
1260 1243 1376 1284 enim
1398 1248 1467 1297 (ut
1499 1243 1673 1299 quidem
1703 1258 1787 1300 ego

340 1303 500 1353 sentio)
531 1318 627 1358 quae
663 1303 749 1343 sint
778 1302 1005 1343 efficienda
1039 1302 1248 1344 dicendo:
1280 1310 1329 1342 ut
1349 1301 1556 1343 doceatur
1592 1302 1644 1353 is,
1672 1301 1788 1358 apud

339 1374 469 1416 quem
491 1360 673 1411 dicetur,
695 1369 744 1400 ut
761 1359 1010 1410 delectetur,
1033 1368 1081 1399 ut
1103 1368 1327 1400 moveatur
1349 1358 1660 1400 vehementius.
1692 1359 1789 1415 qui-

340 1418 422 1458 bus
446 1417 678 1458 virtutibus
701 1417 882 1458 oratoris
904 1417 1059 1458 horum
1078 1417 1269 1472 quidque
1290 1416 1518 1468 efficiatur,
1532 1424 1608 1458 aut
1629 1416 1788 1472 quibus

340 1475 460 1515 vitiis
483 1484 626 1516 orator
657 1483 732 1515 aut
761 1489 849 1514 non
879 1482 1129 1528 assequatur
1158 1474 1269 1524 haec,
1292 1481 1366 1514 aut
1397 1474 1528 1514 etiam
1561 1473 1606 1515 in
1641 1474 1708 1515 his
1728 1474 1792 1515 la·-

342 1532 470 1573 batur
494 1541 536 1572 et
553 1532 695 1581 cadat,
718 1531 876 1572 artifex
909 1531 1063 1586 aliquis
1091 1531 1325 1586 judicabit.
1387 1530 1614 1572 Efficiatur
1644 1539 1789 1573 autem

345 1590 400 1630 ab
418 1598 601 1639 oratore,
621 1603 770 1640 necne,
798 1591 835 1618 10
848 1597 896 1629 ut
918 1588 962 1639 ii,
979 1588 1053 1643 qui
1077 1588 1267 1639 audiant,
1282 1588 1342 1628 ita
1355 1588 1612 1639 afficiantur,
1631 1597 1681 1629 ut
1696 1603 1792 1630 ora-

347 1656 417 1687 tor
448 1646 569 1698 vclit3
603 1646 722 1703 vulgi
753 1660 928 1687 assensu
959 1656 1002 1686 et
1033 1646 1228 1702 populari
1262 1645 1575 1701 approbatione
1600 1645 1790 1701 judicari

349 1702 473 1745 solet.
534 1703 689 1759 Itaque
711 1718 948 1758 numquam
979 1703 1031 1744 de
1062 1705 1177 1745 bono
1211 1714 1396 1754 oratore,
1428 1712 1504 1744 aut
1534 1717 1621 1743 non
1660 1703 1793 1756 bono,

265 1757 337 1806 50
351 1761 489 1802 doctis
519 1761 768 1802 hominibus
802 1775 902 1801 cum
931 1760 1092 1817 populo
1129 1761 1338 1802 dissensio
1370 1759 1467 1802 fuit.
1527 1758 1598 1801 An
1631 1775 1794 1813 censes,

263 1830 337 1864 186
350 1818 451 1859 dum
476 1818 535 1859 illi
560 1819 805 1875 viguerunt,
828 1833 936 1873 quos
961 1828 1061 1859 ante
1076 1819 1184 1869 dixi,
1207 1833 1291 1859 non
1316 1818 1489 1859 eosdem
1512 1818 1669 1874 gradus
1699 1832 1795 1860 ora-

350 1884 492 1916 torum
516 1875 815 1932 vulgijudicio
838 1885 882 1916 et
904 1875 1133 1917 doctorum
1155 1876 1310 1917 fuisse?
1346 1875 1413 1917 De
1427 1875 1588 1932 populo
1611 1876 1646 1917 si
1663 1890 1794 1931 quem

348 1933 411 1973 ita
428 1934 692 1989 rogavisses:
725 1933 820 1988 quis
843 1942 907 1974 est
929 1934 973 1974 in
996 1934 1078 1975 hac
1108 1933 1286 1975 civitate
1315 1933 1718 1989 eloquentissimus?
1748 1933 1796 1976 in

347 1990 543 2032 Antonio
567 2001 610 2032 et
635 1990 791 2031 Crasso
814 2000 888 2031 aut
909 1991 1142 2042 dubitaret,
1165 2002 1239 2032 aut
1262 1991 1377 2032 hunc
1400 1990 1522 2042 alius,
1545 1990 1665 2032 illum
1687 1990 1795 2032 alius

349 2048 526 2089 diceret.
583 2052 614 2079 11
633 2048 832 2089 Nemone
856 2047 1123 2104 Philippum,
1148 2057 1237 2089 tam
1259 2063 1431 2089 suavem
1454 2059 1684 2099 oratorem,
1707 2057 1797 2090 tam

352 2119 543 2160 gravem,
567 2115 654 2146 tam
677 2105 881 2156 facetum,
904 2104 970 2146 his
1001 2106 1247 2157 anteferret,
1270 2120 1399 2161 quem
1421 2105 1699 2162 0nosmetipsi‚
1720 2105 1796 2161 qui

353 2162 449 2203 haec
471 2171 561 2203 arte
584 2163 728 2219 aliqua
750 2163 948 2203 volumus
978 2164 1236 2219 expendere,
1269 2165 1518 2219 proximum
1550 2162 1632 2209 illis
1663 2162 1796 2204 fuisse

353 2219 571 2262 diximus?
605 2221 746 2262 Nemo
770 2219 982 2276 profecto.
1045 2221 1095 2262 Id
1117 2221 1232 2262 enim
1255 2220 1396 2276 ipsum
1428 2230 1494 2262 est
1515 2221 1672 2262 summi
1701 2234 1796 2262 ora-

269 2289 341 2328 187
355 2277 474 2329 toris,
497 2292 711 2319 summum
729 2286 942 2319 oratorem
963 2278 1124 2335 populo
1147 2278 1296 2320 videri.
1357 2279 1504 2326 Quare
1527 2278 1689 2320 tibicen
1705 2276 1797 2319 An-

397 2402 415 2431 3
441 2400 485 2431 Ρ.
502 2400 679 2441 Antistius]
696 2401 748 2431 Sic
763 2412 803 2432 ex
818 2401 868 2433 ed.
892 2402 988 2433 Rom.
1005 2413 1053 2434 re·
1142 2406 1180 2434 10
1194 2408 1231 2434 ut
1243 2405 1280 2440 ἰ’ἱ,
1293 2405 1349 2443 qui
1361 2405 1514 2442 audiant,
1526 2406 1578 2435 ica
1592 2401 1671 2443 qffl]
1695 2402 1795 2443 vulg.

353 2443 448 2472 scribi
462 2443 567 2474 voluit
578 2445 703 2481 Rivius,
716 2454 792 2474 cum
805 2445 947 2476 essetM.
958 2446 1054 2477 Dru-
1096 2447 1258 2477 audiunt:
1282 2447 1378 2478 male.
1407 2458 1483 2478 cum
1510 2452 1546 2477 et
1572 2456 1648 2476 mox
1676 2445 1733 2482 sit,
1760 2449 1799 2476 ut

352 2494 407 2514 sas
417 2487 593 2524 patricius,
616 2485 690 2516 inde
710 2486 750 2516 ab
772 2486 842 2517 edd.
866 2487 954 2518 Med.
971 2489 1053 2519 Ven.
1097 2493 1207 2519 orator
1233 2490 1322 2525 velit,
1352 2499 1419 2520 non
1454 2491 1536 2520 vult.
1581 2489 1692 2519 Etiam
1720 2487 1800 2519 alibi

353 2526 424 2557 Asc.
441 2527 515 2558 Aldi
533 2529 592 2560 ἃς.
605 2530 710 2567 eique,
727 2534 763 2558 ut
779 2529 813 2558 in
827 2530 911 2567 aliis,
926 2532 1054 2561 obtem·
1097 2531 1167 2561 haec
1181 2531 1329 2561 confusio
1346 2536 1461 2562 notata
1476 2536 1536 2562 est.

352 2574 503 2608 peratum
519 2575 581 2600 est.
627 2571 811 2601 Gronovius
833 2578 947 2603 tamen
970 2584 987 2603 e
1002 2584 1056 2604 ve·
1146 2576 1178 2604 ll
1207 2574 1354 2604 Nemone
1369 2574 1563 2614 Philippum
1575 2572 1652 2612 v&c.]
1679 2573 1800 2604 Grute-

352 2611 458 2650 stigiis
471 2611 550 2642 Mss.
566 2613 710 2643 malebat
727 2613 772 2644 P.
783 2614 946 2645 Aristius:
969 2616 1055 2654 quod
1098 2625 1152 2645 rus
1169 2615 1303 2655 praefert
1324 2616 1498 2646 lectionem
1515 2616 1579 2646 Ms.
1596 2615 1665 2654 Pal.
1689 2615 1799 2646 Nemo

355 2653 436 2683 nihil
448 2659 532 2684 esset
542 2654 626 2685 infra
637 2655 675 2685 de
690 2655 847 2688 Antistio.
892 2657 993 2697 Atqui
1006 2662 1055 2688 est
1098 2662 1135 2688 ut
1148 2658 1343 2697 Philippum
1351 2672 1361 2690 ,·
1387 2658 1472 2698 quod
1494 2663 1544 2688 est
1566 2657 1702 2698 vulgato
1720 2666 1798 2688 sane

353 2705 382 2725 c.
401 2698 452 2726 63.
1097 2700 1291 2740 elegantiuS.
1337 2700 1399 2730 Sed
1426 2706 1566 2740 utraque
1589 2699 1687 2730 lectio
1712 2699 1799 2730 forte

396 2741 416 2769 9
433 2738 484 2768 An
499 2738 616 2767 tu-z‘d
630 2739 770 2778 laboras]
798 2740 1053 2772 Ed.Ven.Med.
1098 2741 1345 2783 conjungenda:
1374 2744 1499 2774 nemon?
1529 2747 1568 2773 ut
1589 2742 1797 2782 Philippum.

355 2781 529 2810 laborasse.
565 2780 662 2810 Sunt.
686 2781 759 2811 ΑΜ.
789 2783 996 2815 adlaborasse
1024 2786 1055 2815 Ιι.
1099 2785 1257 2815 Horatius
1285 2793 1380 2815 serm.
1403 2785 1432 2823 1,
1458 2789 1487 2825 1,
1520 2788 1588 2818 108.
1611 2784 1736 2816 nemon’
1759 2787 1798 2815 ut

353 2822 441 2852 unde
458 2831 574 2852 manus
591 2822 687 2853 docta
702 2824 735 2853 in
751 2825 899 2866 margine
914 2826 1054 2867 exempli
1097 2837 1222 2858 avarus
1234 2836 1267 2858 se
1277 2827 1401 2867 probet.

355 2865 418 2894 mei
433 2864 512 2895 fecit
527 2864 702 2896 adlaboras
713 2867 751 2896 si.
