1945 3235
380 140 456 180 DE
482 132 688 180 OPTIMO
716 133 942 183 GENERE
967 136 1283 183 ORAToRUM.
1474 142 1555 190 ‘627

103 245 253 298 uestis,
274 245 486 303 turpibus,
509 257 638 302 quam
654 247 1163 303 ‘pote‘st‘habereoraton
1185 244 1277 291 sine
1305 248 1387 291 illis
1411 251 1551 292 maxi-

103 313 271 345 fnarum
294 318 432 345 rerum
457 304 636 356 artibus,
658 304 923 356 facultatem,
947 314 1022 346 aut
1043 307 1243 362 copiam?
1286 307 1432 355 Quare
1454 308 1550 352 haec

104 361 185 402 tibi
209 361 309 413 sint,
328 362 391 402 mi
415 361 585 413 Cicero,
608 366 706 417 'q-uae
729 363 926 417 exposui,
948 363 1068 418 quasi
1102 363 1260 404 indicia
1285 364 1470 406 fontium
1499 365 1549 407 il-

101 417 267 461 lorum:
299 419 350 460 ad
374 434 481 475 quos
505 419 539 460 si
561 420 691 460 ‘no'bis
713 420 874 461 eisdem
896 420 1078 462 ducibus
1109 420 1257 461 aliisve
1289 423 1546 477 perveneriS,

102 483 197 517 t'um
225 485 268 517 et
301 477 396 518 haec
426 477 519 533 ipsa
546 477 713 528 melius,
743 485 786 517 et
818 479 955 520 multo
986 478 1153 534 majora
1185 477 1267 519 alia
1295 493 1546 535 cognosces-

102 532 155 575 C.
179 533 228 575 F.
263 533 358 591 Ego
382 549 497 585 vero,
518 549 569 575 ac
598 538 758 591 magno
780 536 955 591 quidem
987 536 1145 587 studio,
1167 536 1227 576 mi
1259 545 1404 592 pater:
1436 537 1546 579 mul-

98 591 240 647 tisque
261 606 316 634 ex
348 592 432 633 tuis
463 590 800 648 praeclarissimis
823 594 1080 638 muneribus
1113 593 1278 635 nullum
1307 593 1447 649 majus
1469 609 1545 637 ex-

98 658 265 706 specto·

401 812 472 860 M.
509 813 773 862 TULLII
815 814 1234 863 CICERONIS

792 920 819 946 D

269 989 770 1057 OPTIMO
824 921 1369 1060 ΒΟΕΝΕΗΕ

535 1108 1114 1167 ORATORUM.

603 1309 1012 1348 ARGUMENTUM.

84 1377 176 1415 Hoec
192 1383 246 1415 est
259 1379 448 1429 praefatio,
469 1391 578 1428 quam
603 1380 726 1415 Cicero
748 1381 925 1415 conversis
944 1392 966 1415 a
983 1392 1021 1415 se
1038 1391 1057 1415 e
1083 1379 1207 1416 Graeco
1227 1381 1265 1416 in
1284 1380 1441 1417 latinum
1458 1392 1534 1418 ser-

135 1444 280 1468 monem
306 1433 531 1469 orationibus
553 1432 744 1468 AEschinz's
765 1433 803 1467 in
824 1432 1091 1480 Ctesiphontem
1119 1437 1154 1468 et
1178 1433 1438 1470 Demosthenis
1461 1447 1532 1482 pro

138 1484 370 1533 Ctesiphonte
392 1485 583 1533 praemisit.
640 1484 720 1526 Quo
748 1485 897 1520 consilio
925 1485 965 1520 id
989 1484 1138 1534 fecerit,
1170 1497 1251 1521 cum
1278 1497 1320 1521 ex
1350 1487 1431 1534 ipsa
1462 1487 1532 1523 hac

133 1538 333 1586 scriptione
358 1538 521 1585 intelligi
545 1541 675 1584 potest,
696 1541 772 1572 tum
793 1549 835 1572 ex·
865 1537 1095 1578 Quintiliano
1123 1537 1216 1574 XII.
1243 1542 1301 1574 10.
1330 1539 1470 1574 scilicet
1488 1544 1529 1575 ut

136 1589 264 1626 horum
279 1590 570 1637 reprehensiones
584 1589 748 1630 dilueret,
770 1591 832 1637 qni
850 1591 962 1638 ipsius
983 1590 1125 1626 dicendi
1141 1602 1253 1638 genus
1270 1591 1379 1627 nimis
1396 1592 1528 1628 redun-

134 1643 225 1678 dans
245 1646 279 1678 et
297 1643 478 1678 Asianum
497 1646 614 1693 ‘atque
631 1640 803 1679 vitiosum
829 1654 902 1678 esse
928 1643 1105 1679 dicebant.
1163 1643 1330 1679 Ostendit
1349 1655 1434 1691 ergo
1450 1645 1530 1692 ple-

131 1706 271 1744 rosque,
292 1696 382 1743 quid
399 1697 447 1731 sit
474 1694 598 1731 Attice
615 1695 733 1732 dicere
759 1696 907 1738 nescire,
928 1699 1038 1743 atque
1060 1697 1238 1744 optimum
1257 1696 1400 1733 dicendi
1416 1709 1530 1744 genus

131 1758 205 1783 esse
235 1748 416 1789 Atticum,
445 1747 479 1783 h.
515 1759 544 1783 e.
573 1748 670 1795 quod
697 1749 821 1784 tenuia
844 1748 1023 1797 firmiter,
1051 1749 1250 1785 mediocria
1281 1750 1528 1793 mediocriter,

130 1812 274 1837 summa
292 1802 457 1848 graviter
472 1804 616 1838 tractet.

81 1866 467 1933 ORATORUM
491 1903 651 1945 genera
671 1904 763 1931 esse
786 1889 1004 1942 dicuntur,
1027 1897 1249 1946 tamquam
1279 1889 1522 1947 poetarum.
1542 1889 1568 1937 1

78 1947 123 1990 id
156 1960 278 1987 secus
309 1955 388 1987 est.
419 1961 518 1987 nam
549 1947 729 1989 alterum
761 1956 826 1988 est
856 1947 1100 2004 multipleX.
1163 1947 1385 1989 Po'e‘matis
1408 1947 1558 1995 eniml

78 2004 249 2062 tragici,
272 2004 444 2056 comici,
466 2005 594 2061 epici,
618 2004 762 2046 melici
788 2005 919 2046 etiam
949 2021 999 2047 ac
1029 2005 1354 2061 dhhyrambici,
1381 2005 1522 2061 lquod
1535 2019 1567 2050 p.
1582 2012 1655 2043 243.

75 2063 216 2119 magis
238 2071 304 2102 est
334 2070 567 2103 tractatum
588 2078 614 2103 a
646 2062 826 2114 Latinis,
849 2078 973 2104 suum
1002 2063 1186 2119 quodvis
1209 2070 1275 2103 est
1303 2062 1565 2104 diversuma·

76 2136 101 2162 a
122 2120 311 2175 reliquis.
360 2119 515 2175 Itaque
535 2129 579 2162 et
600 2121 643 2160 in
667 2120 885 2177 tragoedia
905 2121 1122 2162 comicum
1146 2120 1351 2162 vitiosum
1375 2130 1455 2171 est,
1478 2129 1522 2161 et

74 2179 119 2220 in
141 2177 362 2221 comoedia
383 2186 509 2234 turpe
531 2178 766 2234 tragicum:
801 2186 846 2219 et
867 2178 911 2220 in
934 2179 1101 2220 caeteris
1125 2181 1144 2209 2
1159 2193 1259 2220 suus
1278 2188 1343 2219 est
1364 2178 1521 2233 cuique

75 2251 221 2287 sonus,
243 2244 287 2276 et
307 2235 508 2291 quaedam
530 2235 872 2292 intelligentibus
895 2246 1000 2278 nota
1024 2251 1126 2278 vox.
1189 2236 1423 2277 Oratorum
1446 2250 1557 2286 ειη-2

73 2302 162 2336 tem
196 2293 231 2335 si
266 2295 363 2349 quis
386 2295 405 2323 3
424 2293 486 2334 ita
514 2304 711 2335 numerat
742 2292 866 2350 plura
894 2308 1067 2351 genera,
1100 2303 1147 2335 ut
1184 2294 1290 2335 alios
1322 2292 1521 2350 grandeS,

72 2359 148 2394 aut
177 2366 344 2408 graveS‚
365 2359 441 2392 aut
461 2352 678 2408 eopiOSOS‚
700 2351 804 2392 alios
827 2360 992 2405 tenues,
1014 2361 1089 2394 aut
1111 2352 1304 2404 subtiles,
1329 2362 1404 2392 aut
1425 2351 1522 2404 bre-v

117 2469 130 2496 l
155 2467 241 2506 quod
254 2466 363 2505 magis
376 2471 422 2497 est
441 2469 625 2499 tractatum
640 2476 662 2497 a
676 2465 772 2506 Lat]

69 2508 217 2541 'run-neb.
241 2508 320 2539 Adv.
338 2508 366 2545 1,
382 2512 414 2540 4.
437 2520 455 2540 e
468 2509 536 2540 Ms.
551 2509 687 2549 corrigit
702 2519 775 2549 quo.

71 2551 134 2581 Sed
157 2561 198 2581 ne
225 2552 270 2582 sie
293 2552 424 2591 quidem
447 2551 639 2582 commodus
661 2561 775 2582 sensus

70 2598 132 2624 est.
176 2594 261 2624 Mihi
282 2599 392 2625 totum
411 2594 561 2635 spurium
576 2599 611 2624 et
624 2594 775 2625 scholion

69 2646 139 2667 esse
154 2636 293 2667 videtur.
341 2637 514 2677 Quomodo
529 2641 641 2667 autem
659 2637 774 2668 Cicero

71 2677 204 2720 poterat
224 2679 344 2717 dicere,
365 2679 644 2720 dithyrambicum
670 2689 774 2719 genus

70 2721 176 2761 magis
197 2723 381 2752 tractatum
401 2732 469 2752 ffise
492 2733 512 2752 a
533 2721 678 2759 Lati-nis,
698 2732 774 2753 cum

71 2764 183 2794 nullus
204 2768 277 2794 tum
293 2764 553 2805 dithyrambicus
573 2769 672 2805 pOEta
686 2764 774 2806 apud

67 2805 208 2837 Latinos
224 2806 387 2837 extitisset
402 2808 414 2837 ?
444 2813 478 2838 et
493 2817 554 2847 quo
567 2808 678 2845 magis
691 2806 775 2838 nihil

68 2848 184 2885 habet,
200 2848 287 2889 quod
307 2850 336 2879 ei
361 2850 567 2890 respondeat.
612 2850 648 2880 Si
661 2849 776 2890 genui-

69 2900 152 2925 num
166 2896 265 2932 esset,
280 2892 489 2924 scribendum
504 2896 602 2932 esset,
617 2893 703 2935 quod
716 2894 777 2924 mi-

819 2476 882 2497 nus
894 2471 938 2498 tr.

861 2512 881 2541 2
903 2519 982 2540 suus
1004 2514 1054 2540 est
1074 2509 1190 2549 cuique
1211 2508 1321 2548 sonus]
1360 2509 1413 2539 Sic
1438 2508 1522 2539 bene

817 2552 883 2583 Ms.
894 2553 937 2584 V.
951 2561 1014 2592 pro
1034 2553 1170 2592 vulgato
1184 2551 1340 2593 cujusque
1351 2556 1460 2582 certus
1473 2561 1521 2582 so-

817 2605 890 2626 nus.
914 2604 990 2626 nam
1004 2600 1113 2626 certus
1131 2598 1181 2625 est
1204 2595 1240 2624 in
1254 2604 1343 2626 suus.
1363 2592 1522 2635 cnjusque

816 2642 932 2668 tamen
945 2637 1024 2667 ferri
1037 2641 1158 2678 posset.

858 2683 877 2711 3
899 2681 948 2710 ita
962 2684 1119 2711 numerat
1134 2680 1239 2720 plura
1249 2678 1389 2718 genera]
1407 2678 1521 2710 Plura

816 2723 908 2753 abest
924 2723 965 2753 ab
979 2722 1096 2753 eodem
1119 2722 1182 2753 Ms.
1198 2722 1285 2761 quod
1299 2721 1418 2761 placet.
1462 2721 1520 2752 Vi-

816 2765 913 2796 detur
926 2771 961 2796 et
975 2769 1126 2795 numeret
1142 2764 1364 2800 scribendum,
1380 2764 1457 2802 quia
1471 2773 1522 2797 sc,

817 2809 930 2847 quitur
951 2809 1034 2838 dicet
1047 2807 1217 2838 aut-dicit.
1261 2807 1341 2838 Post
1355 2806 1394 2837 de
1414 2816 1450 2837 re
1457 2815 1524 2848 pa-

818 2860 897 2882 rum
911 2851 978 2883 Ms.
993 2850 1034 2884 V.
1047 2849 1140 2882 addit
1148 2849 1232 2892 ipsa.

755 2941 869 2981 582
