1945 3235
327 139 405 174 324
850 136 932 177 DE
958 137 1247 176 ORATORE

322 239 479 295 juncta
499 239 606 281 sint:
637 249 681 283 et
702 254 855 283 verane
874 256 1041 283 summa
1062 242 1117 283 sit
1139 240 1474 305 uniuscujusque
1493 240 1691 283 rationis:
1722 247 1769 296 ep

330 297 381 338 ad
405 295 652 340 extremum
670 299 751 356 ipsi
775 313 818 340 se
839 308 1140 356 compungunt
1167 298 1252 339 suis
1277 297 1562 349 acuminibus,
1593 306 1638 356 et
1659 296 1766 350 mul-

333 363 377 395 ta
400 352 647 410 quaerendo,
672 356 887 412 reperiunt
911 371 994 398 non
1019 356 1146 397 modo
1175 370 1238 406 ea,
1262 370 1357 412 quae
1374 355 1466 410 jam
1493 370 1577 396 non
1604 353 1769 419 possint

335 410 418 469 ipsi
439 411 684 464 dissolvere,
715 413 786 454 scd
809 414 937 454 etiam
961 413 1116 470 quibus
1144 422 1242 454 ante
1271 427 1438 463 exorsu,
1459 422 1502 453 et
1531 408 1768 470 potiusde-

250 470 322 517 159
337 477 457 511 texta
484 471 632 527 prope,
664 480 925 511 retexamus.
989 469 1074 511 Hic
1106 486 1180 512 nos
1203 469 1334 526 igitur
1358 469 1529 511 Stoicus
1559 465 1638 528 iste
1664 463 1769 521 uiliil

334 525 525 582 adjuvat,
547 527 747 583 quoniam
768 528 1128 583 quemadmodum
1150 527 1364 568 inveniam
1383 526 1485 583 quid
1503 521 1768 584 diicamtnffl?

333 583 484 626 docet:
517 595 644 639 atque
678 584 789 625 idem
818 585 948 625 etiam
980 584 1173 640 impedit,
1205 583 1319 640 quod
1353 595 1396 624 et
1425 583 1563 625 multa
1598 580 1769 646 reperit,

366 655 430 682 uae
455 653 582 698 neget
605 640 688 682 ullo
720 641 846 681 modo
877 655 1000 698 posse
1032 641 1220 692 dissolvi,
1251 651 1293 682 et
1322 656 1457 698 genus
1479 635 1772 694 sermonis-'uf-

334 655 418 739 i'lert
442 713 524 739 non
558 697 781 753 liquidum,
813 712 898 739 non
929 698 1069 738 fusum
1100 713 1149 738 ac
1179 698 1409 754 profluens,
1441 698 1512 739 scd
1541 695 1669 754 fflffleo
1690 694 1773 756 3¹:¹⁹1.-

336 755 453 804 dum,
472 755 691 796 concisum
716 771 765 796 ae
788 755 1016 796 minutum.
1039 755 1154 810 quod
1183 755 1333 810 si‘quis
1357 755 1572 811 probabit,
1595 748 1771 812 ita'prp-

338 812 473 862 babit,
499 824 542 853 ut
561 812 719 852 oratori
740 822 881 853 tamen
905 823 1052 868 aptum
1079 827 1162 852 non
1185 826 1274 853 esse
1294 809 1491 853 fateatur.
1524 810 1770 856 Haecenim

338 879 484 909 nostra
515 870 667 920 oratio,
699 868 986 910 multitudinis
1019 878 1083 909 est
1110 869 1284 910 auribus
1310 866 1773 922 accommodandahad

338 925 616 967 oblectandos
646 926 826 976 animos,
858 927 909 967 ad
940 925 1234 982 impellend05‚
1265 925 1317 967 ad
1340 941 1389 967 ea
1412 925 1646 981 probanda,
1675 939 1771 980 quae

338 997 424 1024 non
455 983 642 1024 aurificis
673 993 844 1033 statera,
875 983 946 1024 sed
979 982 1162 1038 quadam
1195 982 1388 1039 populari
1419 982 1581 1024 trutina
1610 982 1775 1024 exami-

255 1049 509 1088 moriantur.
571 1041 715 1087 Quare
739 1041 863 1081 istam
885 1050 1019 1081 artem
1042 1050 1178 1081 totam
1199 1040 1482 1090 dimittamus,
1513 1038 1676 1095 quaeliu
1698 1037 1775 1080 ex·
1794 1067 1809 1081 ⁴

338 1098 580 1154 cogitandis
603 1097 867 1154 argumentis
901 1108 1020 1138 muta
1047 1097 1229 1138 nimium
1258 1107 1336 1147 est,
1367 1097 1410 1146 in
1433 1095 1776 1152 judicandisni-

338 1155 473 1196 mium
496 1154 671 1211 loquax.
723 1154 961 1196 Critolaum
990 1155 1134 1206 istum,
1156 1169 1284 1210 quem
1306 1153 1430 1195 simul
1453 1153 1550 1196 curn
1576 1152 1776 1210 Diogene

339 1212 505 1254 venisse
527 1226 852 1263 commemoras,
874 1221 979 1268 puto
1004 1212 1096 1268 plus
1121 1212 1219 1253 huic
1243 1210 1384 1253 studio
1405 1220 1553 1253 nostro
1576 1211 1776 1275 prodesse

338 1269 544 1325 potuisse.
608 1269 710 1310 Erat
743 1270 855 1310 enim
896 1270 949 1310 ab
984 1270 1066 1310 isto
1096 1268 1342 1320 Aristotele,
1373 1284 1398 1312 a
1432 1268 1554 1324 cujus
1591 1267 1775 1324 imferius

340 1327 418 1368 tibi
438 1341 520 1384 ego
545 1327 690 1368 videor
709 1341 793 1368 non
815 1326 944 1383 longe
965 1327 1174 1368 aberrare.
1196 1336 1325 1382 atque
1344 1326 1454 1368 inter
1473 1325 1588 1369 hune
1604 1323 1778 1382 *Aristo-

338 1383 480 1435 telem,
511 1385 552 1415 94
565 1383 707 1439 (cujus
728 1393 771 1425 et
793 1383 910 1424 illum
933 1383 1017 1439 legi
1040 1383 1211 1435 librum,
1235 1384 1277 1424 iu
1299 1398 1384 1439 quo
1407 1381 1610 1439 exposuit
1631 1379 1777 1439 dieen-

337 1440 381 1482 di
418 1451 529 1482 artes
561 1441 753 1483 omnium
791 1440 1072 1497 superiorum,
1103 1451 1146 1481 et
1183 1439 1290 1491 illos,
1324 1441 1365 1481 in
1393 1441 1549 1496 quibus
1580 1440 1671 1496 ipse
1701 1454 1779 1483 sua

338 1499 536 1553 quaedam
559 1498 611 1539 de
634 1498 779 1540 eadem
806 1509 894 1539 arte
927 1497 1072 1548 dixit,)
1105 1509 1148 1538 et
1171 1497 1247 1538 lios
1269 1512 1495 1554 germanos
1523 1495 1595 1553 huj
1606 1512 1659 1550 us
1675 1495 1776 1549 urtis

338 1556 582 1612 magistros,
613 1555 696 1597 boc
732 1555 834 1596 mihi
869 1554 1003 1596 visum
1035 1564 1099 1595 est
1132 1555 1347 1606 interesse,
1379 1554 1492 1611 quod
1527 1553 1598 1596 ille'
1628 1553 1777 1595 eadem

339 1614 431 1654 acie
455 1613 625 1663 mentis,
664 1627 749 1668 qua
779 1627 916 1652 rerum
946 1612 1139 1653 omnium
1170 1612 1256 1653 vim
1289 1621 1571 1667 naturamque
1599 1610 1778 1662 viderat,

339 1669 434 1711 haec
456 1684 628 1725 quoque
649 1668 864 1726 adspexit,
894 1684 990 1724 quae
1010 1670 1062 1711 ad
1085 1669 1254 1710 dicendi
1276 1678 1426 1721 artem,
1456 1683 1586 1724 quam
1616 1666 1684 1709 ille
1705 1667 1780 1709 de-

340 1727 566 1783 spiciebat,
589 1727 874 1783 pertinebant.
905 1726 964 1767 illi
996 1736 1154 1777 autem,
1177 1727 1251 1782 qui
1280 1726 1364 1768 hoc
1393 1726 1531 1767 solum
1551 1724 1779 1783 colendum

293 1784 572 1834 b.ducebant,
597 1784 845 1826 habitarunt
867 1784 908 1824 in
943 1783 1022 1825 hac
1045 1799 1129 1824 una
1151 1784 1315 1825 ratione
1337 1783 1574 1834 tractanda,
1605 1796 1691 1825 non
1709 1795 1780 1839 ea,-

343 1841 442 1883 dem
462 1841 701 1899 prudentia,
732 1855 818 1897 qua
840 1840 922 1891 ille,
945 1841 1016 1882 sed
1043 1856 1132 1892 usu,
1164 1842 1207 1881 in
1231 1841 1313 1882 hoc
1335 1855 1422 1882 uno
1476 1854 1614 1891 essere,
1645 1833 1781 1883 studi-

259 1906 329 1941 161
345 1913 456 1956 oque
476 1898 651 1954 majore.
705 1897 938 1940 Carneadis
958 1914 1057 1939 vero
1082 1899 1143 1939 vis
1167 1897 1427 1940 incredibilis
1447 1898 1458 1938 i
1479 1897 1518 1939 la
1534 1896 1722 1956 dicendi,
1737 1905 1783 1938 et

343 1957 540 2008 varietas,
563 1970 768 2012 perquam
789 1966 900 1996 esset
920 1955 1109 2012 optanda
1125 1955 1270 1997 nobis:
1302 1956 1375 2011 qui
1398 1953 1557 1996 nullam
1577 1955 1782 2010 uinquam

343 2014 386 2055 in
410 2014 490 2055 illis
513 2015 599 2055 suis
621 2013 986 2070 disputationibus
1011 2028 1096 2054 rem
1119 2012 1327 2064 defendit,
1357 2027 1488 2068 quam
1515 2026 1602 2054 non
1625 2011 1782 2069 proba-

342 2071 423 2123 rit3
455 2071 613 2112 nullam
642 2071 927 2127 oppugnavit,
949 2085 1078 2125 quam
1101 2085 1184 2110 non
1208 2071 1422 2111 everterit.
1482 2068 1566 2111 Sed
1587 2068 1671 2109 hoc
1692 2082 1783 2113 ma-

337 2127 412 2184 jus
442 2137 506 2169 est
537 2127 757 2183 quiddam,
779 2142 908 2183 quam
941 2128 995 2168 ab
1030 2127 1095 2178 iis,
1117 2127 1191 2182 qui
1216 2126 1310 2169 haec
1340 2127 1514 2168 tradunt
1534 2135 1578 2168 et
1609 2124 1783 2185 docent,

347 2185 650 2241 postulandum
673 2185 743 2227 sit.
1720 2228 1723 2229 γ
1767 2223 1770 2227 .

263 2235 336 2292 39
405 2241 501 2299 Ego
523 2252 680 2292 autem,
713 2242 745 2282 si
768 2255 894 2296 quem
914 2256 1028 2283 nunc
1048 2240 1171 2297 plane
1194 2240 1339 2282 rudem
1366 2239 1533 2281 institui
1559 2238 1613 2282 ad
1637 2237 1784 2283 dicen-

261 2309 333 2345 162
347 2299 449 2340 dum
477 2299 619 2349 velim,
650 2298 716 2339 his
749 2299 892 2354 potius
928 2297 1090 2340 tradam
1120 2298 1300 2339 assiduis
1333 2313 1418 2339 uno
1444 2311 1574 2355 opere
1603 2294 1784 2355 eandem

346 2357 546 2399 incudem
575 2356 688 2397 diem
712 2365 969 2411 noctemque
994 2356 1288 2407 tundentibus,
1319 2355 1394 2411 qui
1414 2369 1564 2396 omnes
1585 2351 1784 2405 tenuissi-

344 2429 435 2455 mas
457 2412 702 2470 particulas,
732 2421 861 2469 atque
879 2413 1026 2454 omnia
1045 2414 1225 2454 minima
1243 2427 1403 2464 mansa,
1434 2421 1483 2453 ut
1509 2410 1696 2452 nutrices
1718 2408 1784 2464 inf

344 2470 535 2512 fantibus
564 2471 720 2527 pueris,
752 2470 794 2511 in
828 2485 875 2511 os
908 2470 1110 2512 inserant.
1172 2470 1248 2512 Sin
1271 2470 1327 2511 sit
1348 2468 1398 2521 is,
1429 2469 1503 2525 qui
1522 2476 1566 2509 et
1586 2465 1786 2510 doctrina

343 2528 450 2569 mihi
473 2528 703 2569 liberaliter
725 2527 962 2577 institutus,
983 2537 1026 2568 et
1048 2528 1191 2584 aliquo
1206 2527 1299 2582 jam
1320 2526 1510 2568 imbutus
1532 2540 1626 2576 usu,
1656 2533 1701 2566 et
1718 2539 1786 2565 sa-

344 2586 397 2626 tis
420 2586 507 2626 acri
531 2585 707 2641 ingenio
728 2599 820 2625 esse
841 2585 1060 2637 videatur;
1090 2585 1239 2626 ‘veillae
1260 2598 1359 2625 eum
1390 2584 1568 2641 rapiam,
1599 2582 1674 2624 ubi
1696 2595 1784 2622 non

342 2642 506 2683 seclusa
526 2641 668 2697 aliqua
688 2641 845 2697 aquula
866 2651 1075 2693 teneatur,
1106 2642 1179 2683 sed
1214 2641 1325 2683 unde
1353 2641 1600 2684 universum
1622 2639 1784 2680 flumen

383 2757 424 2788 24
446 2754 540 2796 eujus
565 2759 596 2785 et
616 2756 712 2785 illum
737 2754 872 2794 librum]
904 2753 955 2785 De
981 2752 1044 2786 hoe
1086 2761 1120 2786 et
1136 2755 1191 2786 ubi
1204 2755 1243 2786 de
1256 2755 1415 2796 scriptore
1428 2751 1698 2794 intelligendum:
1722 2761 1784 2782 un-

342 2799 457 2830 Cicero
479 2797 575 2838 plura
589 2798 624 2828 in
639 2797 737 2831 Brut.
756 2799 802 2829 12.
820 2797 900 2828 item
915 2797 954 2828 de
969 2796 1042 2829 lnv.
1086 2797 1125 2828 de
1149 2803 1229 2846 post·
1244 2799 1300 2839 qui
1322 2807 1367 2829 sc.
1391 2802 1506 2828 auctor
1528 2794 1674 2827 dicendi:
1696 2792 1783 2834 quod

342 2840 375 2871 11
381 2863 388 2870 .
1085 2849 1151 2870 non
1177 2839 1438 2872 ammadversum
1460 2838 1560 2870 torsit
1582 2837 1666 2869 viros
1689 2844 1787 2877 quos-

384 2884 424 2914 25
446 2882 527 2914 illuc
541 2882 813 2922 eum-ubi-quz
825 2882 877 2912 ini
891 2880 932 2921 s.]
953 2881 1042 2913 Illuc
1083 2882 1160 2914 dam
1175 2882 1301 2914 doctos.
