1914 3220
585 121 1038 177 PRAEFATIO.
1445 120 1534 172 xlv

103 252 173 305 ad
201 272 361 307 usum
389 253 707 308 Scholarum
735 252 1036 325 repetenda
1073 249 1256 303 formis
1288 249 1536 320 Lipsien-

101 338 252 391 sibus
280 340 582 392 ederentur.
627 338 818 409 Atque
843 338 1008 390 etiam
1038 344 1249 398 ceterae,
1280 352 1407 405 quae
1432 336 1537 388 hoc

103 425 288 477 seculo
314 424 474 478 factae
496 432 624 477 sunt
649 423 931 484 editioneS,
960 422 1112 474 illum
1142 421 1259 474 Gru
1270 421 1534 474 terianum

104 516 316 562 textum
345 527 375 562 e
409 508 763 562 Gronoviana
797 506 1108 560 recensione
1145 506 1256 560 fere
1298 523 1540 577 sequun-

105 603 208 646 tur.

178 677 246 729 In
275 678 476 748 quibus
517 678 692 750 prima
730 677 850 740 fuit,
881 694 1007 748 quae
1051 676 1121 730 ab
1163 676 1219 730 J.
1254 675 1542 747 Verburgio

105 762 506 815 Amstelodami
547 769 737 815 curata
776 771 857 814 est
884 780 1029 814 anno
1062 767 1203 822 1724
1244 760 1401 814 variis
1441 762 1544 813 for-

106 846 525 901 mis:.secunda
565 847 672 901 J03.
704 845 899 900 Olivetz‘
942 845 1158 900 Parisiis
1199 845 1348 899 facta
1383 852 1542 907 1739.

106 932 341 1003 repetita
379 933 471 985 illa
514 932 756 986 Genevae
796 939 954 993 1743.
981 939 1033 986 4.
1075 931 1145 988 de
1188 948 1423 1002 quorum
1466 932 1547 983 in-'

108 1017 300 1071 stituto
334 1019 524 1089 paucis
559 1018 856 1071 dicendum
892 1018 1122 1070 videtur.
1204 1016 1280 1070 Et
1324 1016 1547 1070 Verbur-

107 1102 228 1173 gius
272 1102 499 1173 quidem
540 1103 596 1154 in
643 1121 741 1155 sua
785 1103 1024 1155 editione
1067 1102 1222 1154 dedit
1267 1110 1426 1155 notas
1470 1101 1548 1153 in-

111 1195 288 1258 tegras
342 1187 574 1261 Victorii,
622 1186 933 1250 Camerariz',
980 1194 1035 1240 et
1082 1186 1281 1250 Ursini,
1323 1187 1549 1240 selectas

112 1264 433 1335 ceterorum,
462 1272 558 1344 qui
598 1282 723 1343 post
768 1272 1050 1324 Victor-ium
1090 1272 1145 1324 in
1189 1270 1465 1325 Ciceronis
1492 1271 1552 1322 li-

111 1357 218 1410 bris
246 1356 603 1410 emendandis
643 1357 1087 1428 illustrandisque
1127 1356 1462 1419 laborarunt,
1490 1363 1553 1408 ut

113 1441 374 1505 Manutiz‘,
404 1442 665 1506 Lambini,
709 1441 1018 1506 Guilielmii,
1051 1440 1295 1505 Gruteri,
1336 1441 1554 1502 Graeviz',

117 1526 375 1586 Gronovii,
397 1529 496 1581 &a
526 1527 692 1580 etiam
719 1546 830 1581 var.
861 1528 1188 1581 lectionibus
1217 1527 1554 1599 quibusdam

117 1613 219 1665 sub
248 1621 401 1666 textu
433 1613 654 1677 notatis,
680 1625 736 1666 et
768 1613 875 1666 suis
915 1613 1191 1667 interdum
1232 1612 1557 1666 notulisad-

114 1697 258 1750 ditis.
339 1696 596 1752 Ceterum
624 1717 727 1751 nec
749 1699 1026 1752 delectum
1056 1699 1208 1751 illum
1245 1717 1425 1761 suum,
1453 1716 1556 1750 nec

117 1802 240 1836 suas
269 1793 424 1837 notas
455 1784 678 1837 eruditis
707 1784 836 1837 satis
866 1783 1136 1855 probavit.
1192 1783 1431 1838 Olivetus
1464 1801 1559 1834 au-

117 1875 228 1921 tem
255 1868 358 1922 hac
390 1859 595 1922 ratione
621 1888 752 1921 usus
778 1876 860 1922 est
895 1869 951 1921 in
979 1878 1129 1923 textu
1162 1869 1469 1931 formandO,
1496 1874 1562 1920 ut
1591 1915 1629 1929 χ,

117 1954 253 2007 nulli
295 1954 522 2007 editioni
565 1972 620 2006 se
656 1953 955 2016 addiceret,
992 1955 1092 2007 etsi
1135 1955 1249 2007 sola
1288 1954 1439 2006 edita
1465 1971 1560 2005 ex-

118 2039 304 2111 empla
330 2040 487 2110 sequi
506 2038 892 2101 constituisset,
915 2039 1007 2091 sed
1031 2039 1297 2092 editiones
1323 2038 1559 2101 Victorii,

73 2188 76 2192 Δ
121 2123 385 2186 IVIamctz‘i,
429 2124 675 2195 Lambini
714 2132 770 2177 et
800 2122 1028 2176 Gruterz'
1066 2131 1430 2196 compararet,
1455 2123 1561 2175 hac

120 2209 258 2281 lege,
285 2217 366 2272 ut,
393 2209 446 2261 in
475 2208 675 2279 quibus
697 2227 775 2261 eae
803 2227 992 2261 omnes
1015 2209 1402 2272 consentirent,
1424 2208 1479 2260 in
1497 2207 1560 2260 iis

120 2308 336 2366 semper
376 2312 467 2347 eas
505 2293 842 2354 imitaretur3
881 2292 937 2346 in
978 2294 1180 2365 quibus
1224 2302 1412 2347 autem
1457 2293 1563 2346 dis-

123 2381 402 2442 sentirent,
441 2378 497 2431 in
539 2378 600 2431 iis
644 2387 979 2449 sequeretur,
1017 2396 1145 2449 quae
1185 2378 1286 2433 sibi
1322 2379 1563 2431 maxime

124 2484 191 2518 ex
232 2482 421 2517 earum
466 2462 795 2516 lectionibus
847 2464 1188 2534 probaretur,
1254 2472 1563 2517 ceterarum

124 2545 449 2604 lectionibus
474 2548 676 2601 notatis
696 2568 710 2609 3
750 2556 814 2602 ut
839 2549 894 2600 in
923 2568 1034 2601 una
1062 2568 1161 2602 sua
1187 2549 1426 2602 editione
1465 2548 1568 2600 sal-

129 2643 245 2688 tem
269 2627 532 2688 lectiones
559 2652 749 2686 omnes
775 2635 996 2706 illarum
1029 2635 1406 2706 reperirentur.
1459 2632 1567 2685 Sed

126 2719 199 2772 de
262 2713 418 2774 variis
476 2719 577 2772 illis
640 2718 966 2787 lectionibus
1021 2721 1307 2774 consilium
1361 2718 1566 2771 irritum
