1945 3235
332 114 384 152 70
810 111 891 150 AD
924 109 1299 150 HERENNIUM

335 212 610 266 scenderunt,
640 214 750 266 illos,
811 215 853 256 ui
878 216 921 257 in
952 230 1019 268 eo,
1043 216 1158 272 quod
1193 224 1259 257 est.
1281 213 1467 265 artificii,
1489 217 1529 247 98
1540 212 1776 265 elaborent,

335 269 462 325 ajunt
483 270 624 314 facere
646 230 923 325 immodeste3
956 273 1047 330 ipsc
1077 272 1265 329 aliquem
1294 271 1522 327 antiquum
1543 279 1774 324 oratorem,

337 336 414 368 aut
432 328 608 384 poetam
630 329 821 381 laudant,
844 341 920 373 aut
949 331 1223 387 scripturam,
1242 329 1303 371 sic
1327 339 1374 370 ut.
1396 329 1439 370 in
1462 327 1649 370 stadium
1669 327 1774 370 artis

302 383 568 433 5rhetoricae
600 387 770 443 prodire
804 402 889 428 non
921 387 1122 429 audeant.
1185 386 1286 429 Non
1325 386 1461 428 ausim
1502 383 1659 437 dicere,
1701 384 1777 426 sed

339 450 484 484 tamen
508 458 668 495 vercor,
689 459 754 493 ne,
779 459 866 499 qua
893 444 936 485 in
967 459 1009 485 rc.
1032 444 1201 486 laudern
1236 443 1459 485 modestiae
1485 451 1708 493 venentur,
1731 440 1781 486 in

337 514 391 540 ea
412 500 506 556 ipsa
529 516 571 542 re
594 502 680 541 sint
704 501 989 557 impudentes.
1051 501 1170 549 Quid
1190 501 1303 543 enim
1322 501 1398 542 tibi
1425 500 1515 541 vis?
1537 498 1691 555 aliquis
1710 498 1776 540 in-

337 556 471 612 quiet.
491 566 627 599 artem
652 572 770 599 tumn
790 559 964 601 scribis:
989 558 1134 615 gignis
1148 558 1273 600 nobis
1293 574 1424 599 novas
1439 556 1776 614 praeceptiones:

335 629 406 654 eas
428 615 517 671 ipsc
540 615 797 656 confirmare
816 630 903 657 non
920 626 1067 672 potes:
1091 616 1145 657 ab
1168 616 1261 657 aliis
1283 615 1482 671 cxc-mpla
1503 613 1651 655 sumis.
1665 612 1779 665 vide,

335 685 388 712 nc
411 671 541 712 facias
562 673 848 728 impudenter,
868 674 939 729 qui
966 682 1039 714 tuo
1064 673 1227 714 nomini
1250 672 1353 714 velis
1377 689 1430 714 ex
1455 671 1636 713 aliorum
1654 669 1776 712 labo-

332 729 450 769 ribus
473 728 606 770 libare.
628 730 811 771 laudem.
870 732 912 764 ‘²9
929 730 1040 772 Nam
1066 730 1098 770 si
1121 744 1270 771 eorum
1295 731 1514 773 volumina
1532 727 1770 785 prehende-

335 787 421 826 rint
450 786 618 842 antiqui
646 791 836 828 oratores
867 797 910 828 et
943 787 1103 844 poctae,
1126 797 1169 828 et
1199 803 1319 829 suum
1353 788 1534 844 quisque
1569 785 1623 827 de
1651 784 1773 827 libris

334 842 578 896 sustulerit3
610 843 718 885 nihil
746 845 853 895 istis,
887 844 1003 900 quod
1037 859 1160 885 suum
1198 846 1343 897 velint,
1378 845 1655 900 relinquetur.
1714 839 1776 885 At

332 900 548 957 exempla,
577 902 785 957 quoniam
807 901 1155 943 testimoniorum
1174 902 1332 943 similia
1349 911 1462 952 sunt,
1485 901 1588 942 item
1611 913 1771 942 conve-

334 959 413 1008 nit,
437 967 485 998 ut
507 959 770 1010 testimonia,
789 959 844 999 ab
866 958 1114 1000 hominibus
1150 959 1464 1015 probatissimis
1491 957 1618 1000 sumi.
1680 955 1776 999 Pri-

334 1029 453 1055 mum
477 1015 673 1057 omnium
693 1016 892 1073 exempla
917 1024 1135 1073 ponuntur
1157 1015 1228 1058 hic
1258 1031 1344 1058 non
1378 1013 1678 1066 confirmandi,
1699 1028 1775 1056 ne-

332 1087 416 1127 que
439 1073 699 1115 testificandi
730 1088 872 1125 causa,
904 1073 977 1115 sed
1000 1073 1338 1116 demonstrandi.
1401 1072 1504 1126 Non
1521 1072 1652 1124 enim,
1673 1086 1774 1114 cum

333 1129 518 1171 dicimus
548 1145 640 1172 esse
668 1132 1016 1183 exornationem,
1045 1145 1160 1187 quae,
1193 1132 1310 1173 verbi
1345 1145 1489 1182 causa,
1520 1137 1692 1172 constet
1719 1143 1777 1172 ex

334 1187 533 1229 similiter
551 1189 849 1230 desinentibus
878 1189 1033 1240 verbis,
1061 1197 1105 1229 et
1135 1188 1336 1245 ponimus
1365 1188 1450 1230 hoc
1479 1185 1728 1244 exemplum
1750 1201 1777 1229 a

336 1245 508 1297 Crasso,
547 1246 694 1302 quibus
722 1261 944 1302 possumus,
977 1253 1014 1287 et
1053 1245 1252 1298 debemus,
1293 1249 1335 1278 30
1349 1261 1436 1287 non
1477 1243 1778 1286 testimonium

330 1301 610 1355 collocamus,
643 1303 716 1345 sed
734 1304 999 1361 exemplum.
1062 1302 1163 1345 Hoc
1194 1304 1328 1360 igitur
1349 1303 1529 1346 interest
1559 1301 1671 1344 inter
1697 1315 1776 1344 ex·

331 1360 538 1416 emplum,
569 1370 614 1401 et
644 1361 966 1403 testiinonium:
998 1361 1201 1418 exemplo
1224 1361 1545 1402 demonstratur
1574 1359 1636 1412 id,
1658 1357 1776 1416 quod

330 1417 531 1470 dicimus,
558 1418 802 1474 cujusmodi
835 1419 920 1471 sit;
951 1419 1217 1470 testimonio,
1250 1432 1341 1461 esse
1372 1417 1476 1460 illud
1508 1417 1584 1468 ita,
1614 1425 1664 1458 ut
1695 1431 1774 1458 nos

294 1488 318 1522 6
333 1474 533 1527 dicimus,
557 1476 853 1517 confirmatur.
917 1476 1133 1518 Praeterea
1154 1485 1327 1533 oportet
1354 1475 1654 1518 testimonium
1675 1487 1776 1516 cum

335 1546 378 1573 re
399 1534 650 1574 convenire.
681 1533 804 1574 aliter
828 1533 945 1575 enim
964 1548 1054 1575 rem
1082 1548 1167 1575 non
1192 1542 1337 1591 potest
1357 1532 1630 1576 confirmare.
1649 1539 1696 1573 at
1716 1530 1776 1584 id,

333 1590 450 1645 quod
483 1589 543 1631 illi
572 1589 753 1643 faciunt,
789 1606 890 1633 cum
925 1606 970 1633 re
1002 1606 1088 1633 non
1128 1591 1348 1634 convenit.
1410 1589 1530 1637 Quid
1559 1588 1646 1631 ita?
1675 1587 1780 1645 quia

334 1646 595 1703 pollicentur
618 1657 755 1690 artem
787 1663 832 1690 se
862 1649 1063 1700 scribere,
1085 1657 1129 1690 et
1160 1648 1361 1705 exempla
1393 1646 1620 1705 proferunt
1648 1645 1704 1688 ab
1726 1645 1778 1687 iis

333 1703 499 1760 plerum
533 1719 600 1758 ue,
620 1706 695 1761 qui
718 1715 856 1748 artem
876 1707 1138 1749 nescierunt.
1187 1705 1300 1749 Tum
1323 1706 1419 1762 quis
1442 1713 1522 1755 est,
1540 1703 1615 1760 qui
1637 1701 1777 1760 possit

333 1761 392 1813 id,
414 1777 500 1818 quo
554 1763 608 1804 de
629 1771 719 1805 arte
739 1764 971 1822 scripserit,
993 1764 1293 1820 comprobare,
1315 1764 1396 1805 nisi
1422 1761 1585 1818 aliquid
1615 1760 1778 1803 scribat

222 1829 387 1866 p.⁶.⁷5.ex
406 1822 526 1862 arte?
578 1819 830 1877 Contraque
862 1821 1041 1873 faciunt,
1064 1836 1194 1877 quam
1219 1820 1412 1878 polliceri
1437 1819 1653 1861 videntur.
1670 1832 1771 1860 nam

289 1879 431 1918 a·cum
463 1877 649 1920 scribere
679 1887 815 1920 artem
843 1879 1091 1929 instituunt,
1115 1878 1315 1920 videntur
1345 1879 1488 1922 dicere
1519 1891 1564 1918 se
1594 1875 1774 1933 excogi-

334 1944 457 1986 tasse,
484 1935 602 1991 quod
627 1935 733 1977 alios
765 1936 992 1978 docerent:
1027 1951 1127 1977 cum
1161 1950 1261 1978 vero
1293 1936 1505 1986 scribunt,
1534 1932 1772 1975 ostendunt

283 1984 317 2031 4
331 1992 471 2044 nobis,
493 1993 597 2048 quid
620 1993 691 2035 alii
713 1994 1022 2050 excogitarint.
1065 1992 1126 2035 At
1144 1993 1229 2035 hoc
1251 1994 1393 2050 ipsum
1407 1991 1585 2034 difficile
1606 1998 1687 2043 est,
1706 1990 1773 2032 in·

329 2049 500 2104 quiunt,
522 2049 681 2106 eligere
700 2050 753 2092 de
774 2051 936 2092 multis.
998 2051 1118 2098 Quid
1141 2050 1285 2092 dicitis
1307 2048 1509 2092 difficile?
1540 2057 1687 2090 utrum
1710 2047 1772 2107 la-

329 2106 565 2159 boriosam,
588 2123 643 2148 an
666 2107 980 2151 artificiosum?
1013 2108 1058 2150 Si
1083 2107 1361 2160 laboriosum,
1384 2121 1471 2148 non
1497 2106 1644 2147 statim
1664 2119 1777 2162 prae-

328 2163 511 2206 clarum.
548 2174 649 2206 sunt
680 2165 796 2206 enim
828 2165 965 2207 multa
993 2165 1222 2217 laboriosa,
1257 2180 1355 2222 quae
1387 2164 1423 2206 si
1457 2163 1644 2214 faciatis,
1686 2177 1774 2205 non

327 2221 541 2263 continuo
577 2221 853 2278 gloriemini:
888 2223 970 2264 nisi
996 2223 1108 2264 forte
1134 2223 1281 2275 etiam,
1313 2223 1346 2264 si
1381 2231 1523 2264 ‘vestra
1543 2235 1674 2262 manu
1709 2219 1773 2261 fa-

328 2278 464 2331 bulam,
485 2288 562 2320 aut
583 2280 801 2322 orationes
824 2289 938 2322 totas
959 2285 996 2314 31
1014 2280 1426 2338 transscripsissetiS,
1441 2277 1680 2336 gloriosum
1696 2291 1777 2335 pu-

367 2409 407 2440 23
424 2407 632 2450 Elaborent]
672 2409 733 2441 Ed.
765 2412 857 2446 1474.
880 2416 916 2442 et
943 2410 1024 2442 Mss.
1069 2409 1246 2450 legendum
1260 2412 1490 2452 relinquatur,-
1505 2407 1594 2450 quod
1607 2411 1696 2439 certe
1709 2406 1776 2439 ele-

324 2448 390 2480 duo
416 2451 502 2492 apud
528 2452 677 2484 Oudend.
712 2453 901 2489 elaboratam
939 2452 1026 2493 quod
1070 2454 1203 2494 gantius
1217 2459 1279 2485 est.

325 2492 443 2523 melius
471 2495 613 2526 videtur:
650 2495 713 2526 nisi
749 2495 838 2537 legas
864 2505 943 2527 cum
974 2495 1025 2527 ed.
1112 2499 1154 2527 30
1170 2497 1250 2528 Non
1271 2493 1517 2534 testimonium]
1565 2493 1658 2530 Nem,
1681 2491 1772 2534 quod

321 2534 419 2565 Junt.
435 2535 666 2568 descenderint.
1069 2537 1194 2570 addidit
1223 2539 1383 2570 Gruterus
1411 2548 1451 2568 ex
1471 2535 1599 2576 aliquot
1620 2534 1701 2566 Mss.
1725 2543 1775 2566 re-

366 2579 407 2612 29
424 2577 519 2609 Nam
532 2580 560 2610 si
573 2579 647 2620 δια]
672 2579 787 2612 Inhoc
801 2579 875 2611 loeo
888 2580 1027 2612 mirifice
1068 2581 1196 2622 peritur
1217 2587 1251 2612 et
1273 2581 1308 2611 in
1330 2580 1403 2611 aliis
1424 2584 1458 2610 et
1472 2578 1545 2610 edd.
1568 2580 1659 2613 1474.
1681 2575 1771 2608 Med.

325 2619 492 2652 fluctuant
507 2621 594 2660 libri,
618 2628 655 2652 ut
671 2623 755 2654 nihil
769 2623 852 2654 certi
864 2621 1025 2655 extricare
1068 2633 1118 2664 pr.
1133 2628 1168 2654 et
1188 2627 1298 2665 potest
1318 2627 1418 2659 stare,
1441 2626 1480 2652 ut
1496 2625 1572 2662 post
1585 2619 1772 2661 longiorem

321 2660 430 2693 liceat.
475 2663 590 2703 ltaque
611 2669 742 2695 textum
765 2665 894 2706 reliqui,
917 2670 957 2697 ut
973 2672 1024 2698 est
1067 2667 1367 2706 interpositionem,
1382 2664 1554 2696 intellecto
1567 2665 1716 2703 inquam·

322 2704 357 2734 in
366 2704 575 2736 Gruteriana.
590 2706 647 2738 De
656 2708 747 2738 libris
757 2709 906 2749 spurium
920 2713 1020 2748 puto:
1107 2711 1146 2740 31
1160 2703 1701 2748 Transsmpsissetis—putaretis.]
1712 2701 1775 2735 Ed-

319 2747 423 2778 velint
450 2758 546 2788 porro
575 2749 628 2779 vix
662 2759 796 2781 sensum
831 2750 949 2781 habet:
987 2756 1022 2782 et
1069 2753 1158 2785 1474.
1177 2748 1644 2790 transscripseritis-putatis-
1658 2744 1775 2777 Voluit

321 2789 413 2820 abest
435 2791 476 2820 ab
498 2790 548 2821 ed.
563 2791 699 2822 Omnib.
743 2793 798 2823 An
812 2797 930 2824 auctor
943 2794 1026 2824 serl—
1066 2793 1143 2825 dare
1150 2795 1292 2834 putetie:
1313 2791 1400 2832 quod
1413 2800 1493 2823 sane
1505 2791 1590 2822 bene
1612 2787 1724 2821 hssbsst·

321 2831 398 2871 psit,
409 2833 493 2863 nihil
503 2834 572 2865 123th
580 2844 678 2865 mum
685 2835 745 2866 rel.
754 2836 770 2865 ?
780 2833 932 2875 Denique
943 2841 1025 2877 puto
