1945 3235
571 132 759 172 L1BER
792 132 1086 172 QUARTUS.
1498 140 1552 179 79

106 243 358 299 loquemur:
382 255 478 297 quae
502 239 536 280 si
555 252 661 280 rarae
676 237 974 294 disponentur,
998 235 1264 288 distinctam,
1284 237 1411 281 sicuti
1433 239 1552 282 colo-

107 301 227 342 ribus
242 318 252 352 3
268 301 301 341 si
316 300 476 341 crebrae
489 295 833 346 collocabuntur,
852 297 890 328 77
906 294 1087 335 oblitam
1097 294 1277 335 reddent
1292 298 1551 340 orationem.

107 358 192 399 Sed
215 358 398 414 figuram
421 355 463 396 in
486 353 670 396 dicendo
696 351 956 398 commutari
980 359 1168 407 oportet,
1191 360 1239 391 ut
1261 366 1438 407 gravem
1460 368 1550 395 me-

105 415 280 467 diocris,
301 412 563 455 mediocrem
595 409 790 465 excipiat
811 416 1048 450 attenuata.
1111 407 1282 449 Deinde
1313 409 1549 467 identidem

104 478 440 521 commutentur,
461 472 502 502 78
516 476 565 509 ut
585 467 712 508 facile
734 466 908 507 satietas
927 466 1134 508 varietate
1156 466 1331 507 vitetur.

165 529 398 579 Quoniam,
429 526 587 581 quibus
618 525 662 566 in
698 524 928 580 generibus
959 523 1147 564 elocutio
1186 524 1345 564 versari
1376 522 1547 577 debeat,
1566 527 1629 574 12

102 586 269 629 dictum
291 594 369 636 est,
388 583 610 625 videamus
632 596 763 633 nunc,
785 596 892 636 quas
914 595 979 621 res
999 581 1155 622 debeat
1174 580 1335 622 habere
1357 580 1545 623 elocutio
1561 597 1610 636 17

102 643 333 686 commoda
361 649 404 682 et
435 640 642 697 perfecta.
705 639 817 686 Quae
841 642 882 672 79
895 639 1087 680 maxime
1120 637 1355 679 admodum
1386 639 1549 680 oratori

103 699 432 743 accommodata
463 707 542 748 est,
566 705 650 739 tres
673 711 738 738 res
769 696 813 737 in
846 710 890 736 se
923 691 1052 737 debet
1074 696 1247 747 habere,
1272 695 1550 752 elegantiam,

98 757 479 814 compositionem,
513 755 789 811 dignitatem.
851 752 1081 809 Elegantia
1109 761 1189 805 est,
1228 768 1326 809 quae
1358 752 1478 812 facit,
1501 762 1551 795 ut

97 817 138 847 80
151 813 490 870 unumquodque
521 827 627 868 pure
664 822 708 853 et
736 820 883 867 aperte
906 812 993 852 dici
1030 811 1239 852 videatur,
1277 811 1373 853 haec
1405 811 1552 853 distri-

98 871 246 913 buitur
265 874 309 913 in
331 871 606 922 latinitatem,
620 878 664 912 et
682 869 1048 924 explanationem.
1112 867 1324 910 Latinitas
1344 878 1424 921 est,
1447 884 1552 924 quae

98 943 338 971 sermonem
362 944 518 986 purum
541 936 782 979 conservat,
806 928 861 968 ab
885 926 1003 967 omni
1028 926 1134 967 vitio
1158 934 1389 968 remotum.
1428 926 1550 968 Vitia

96 986 142 1029 in
162 1001 372 1038 sermone,
395 1001 482 1042 quo
504 986 647 1027 minus
672 985 706 1026 is
736 984 894 1026 latinus
923 985 992 1035 sit,
1015 984 1101 1024 duo
1132 993 1314 1040 possunt
1335 999 1452 1026 esse:
1477 999 1546 1026 so-

97 1043 337 1096 loecismus,
359 1053 403 1085 et
426 1044 730 1085 barbarismus.
792 1041 1076 1083 Soloeeismus
1100 1049 1180 1094 est,
1203 1043 1355 1084 81cum
1378 1043 1422 1083 in
1454 1057 1548 1084 ver-

96 1101 163 1144 bis
193 1103 403 1159 pluribUS,
429 1115 694 1157 consequens
725 1101 906 1141 verbum
938 1099 1147 1154 superiori
1181 1113 1269 1141 non
1299 1114 1548 1142 accommo-

96 1159 237 1201 datur.
299 1160 599 1201 Barbarismus
632 1166 711 1209 est,
742 1172 841 1198 eum
875 1157 1054 1197 verbum
1088 1155 1263 1212 aliquod
1296 1157 1453 1199 vitiose
1483 1157 1547 1199 ef-

97 1217 247 1259 fertur.
309 1217 422 1259 Haec
455 1232 542 1272 qua
570 1216 738 1260 ratione
765 1215 900 1256 vitare
928 1213 1158 1270 possimus,
1190 1214 1357 1256 in'arte
1389 1215 1548 1258 Gram-

90 1275 253 1317 matica
282 1277 324 1307 82
337 1273 525 1316 dilucide
569 1273 795 1321 dicemus„
847 1271 1111 1327 Explanatio
1147 1279 1228 1323 est,
1267 1287 1366 1328 quae
1405 1273 1549 1316 reddit

95 1342 289 1388 apertam
320 1341 363 1373 et
392 1331 627 1372 dilucidam
659 1331 916 1372 orationem.
978 1327 1043 1369 Ea
1072 1335 1349 1386 eomparatur
1378 1329 1547 1372 duabus

95 1390 237 1441 rebus,
269 1389 438 1430 usitatis
468 1389 625 1441 verbis,
656 1397 701 1430 et
742 1387 944 1445 propriis.
1014 1385 1188 1428 Usitata
1219 1396 1319 1428 sunt
1350 1402 1415 1440 ea,
1446 1403 1546 1445 quae

94 1455 321 1488 versantur
347 1447 392 1488 in
423 1458 619 1488 sermone
641 1455 685 1488 et
714 1445 1028 1488 consuetudine
1051 1444 1328 1501 quotidiana:
1353 1446 1544 1502 propria,

90 1518 190 1560 quae
212 1504 306 1560 ejus
330 1504 389 1545 rei
413 1505 545 1546 verba
567 1513 681 1557 sunt,
705 1513 779 1545 aut
792 1518 884 1546 esse
903 1511 1099 1560 possunt,
1121 1506 1209 1559 qua
1225 1503 1279 1544 de
1300 1503 1542 1560 loquemur.

151 1561 426 1619 Compositio
457 1572 522 1604 est
554 1563 786 1603 verborum
816 1560 1099 1612 constructio,
1122 1576 1220 1615 quae
1252 1561 1359 1603 facit
1391 1576 1540 1603 omnes
1557 1569 1605 1604 18

90 1618 233 1677 Partes
257 1620 465 1661 orationis
496 1619 768 1676 aequabiliter
798 1619 1049 1677 perpolitas.
1112 1618 1177 1660 Ea
1199 1621 1542 1672 conservabitur,

91 1678 125 1720 si
149 1677 367 1734 fugiemus
390 1678 561 1719 crebras
585 1677 800 1720 vocalium
823 1677 1144 1727 concursiones,
1168 1691 1266 1732 quae
1291 1686 1456 1719 vastam
1479 1686 1545 1719 at-

91 1749 176 1790 que
205 1735 398 1776 hiantem
422 1736 664 1777 orationem
688 1736 888 1786 reddunt,
911 1743 960 1777 ut
989 1734 1074 1776 hoe
1099 1743 1189 1776 est:
1220 1734 1377 1778 Baccae
1411 1750 1545 1778 aeneae

93 1793 402 1834 amoenissimae
425 1793 751 1849 impendebant..
774 1802 818 1834 et
847 1793 881 1833 si
904 1793 1138 1835 vitabimus
1161 1792 1358 1848 ejusdem
1387 1793 1544 1835 litterae

91 1850 272 1891 nimiam
303 1850 626 1893 assiduitatem:
660 1851 730 1892 cui
772 1850 881 1892 vitio
915 1865 1062 1892 versus
1094 1850 1165 1892 hic
1198 1851 1280 1892 erit
1317 1851 1542 1908 exemplo:

91 1912 211 1959 (nam
234 1907 306 1949 hic
329 1908 437 1950 nihil
459 1908 663 1965 prohibet
682 1909 725 1950 in
746 1908 888 1967 vitiis,
901 1908 1049 1950 alienis
1069 1908 1280 1965 exemplis
1302 1908 1366 1950 uti
1382 1910 1412 1960 z)

130 2074 171 2105 77
199 2071 344 2102 Obliffam
365 2071 527 2112 reddent]
558 2073 620 2102 Pro
650 2072 794 2103 reddunt
836 2071 944 2112 legere
959 2071 1006 2102 ad
1016 2071 1160 2113 officium
1170 2074 1322 2111 materis,
1333 2072 1354 2104 i.
1364 2083 1392 2104 e.
1406 2074 1448 2106 ad
1463 2085 1544 2116 opus

87 2124 127 2144 ex
142 2113 192 2144 ed.
211 2116 301 2147 1474.
335 2114 479 2145 oblitam
492 2115 575 2145 bene
587 2114 714 2154 vulgati
733 2125 792 2155 pro
835 2124 884 2145 or.
907 2114 994 2155 quod
1016 2115 1052 2145 in
1078 2125 1147 2147 una
1171 2116 1316 2148 Juntiua
1337 2118 1458 2157 reperi,
1482 2129 1543 2150 nec

87 2161 198 2187 vetere
211 2157 387 2196 obliquam,
403 2167 442 2187 ex
451 2157 501 2187 ed.
514 2157 589 2189 Ald.
600 2167 672 2197 quae
686 2158 793 2198 prima
834 2157 996 2198 displicet.

85 2198 132 2229 sie
147 2197 247 2229 dedit.
291 2199 506 2239 Distingnere
520 2200 697 2239 coloribus,
711 2201 791 2231 artis

85 2244 147 2278 est,
162 2243 302 2273 oblinere
315 2242 450 2281 quisque
464 2247 583 2282 potest.

127 2285 168 2317 78
197 2283 242 2316 Ut
252 2283 362 2324 facile
383 2286 518 2322 satietas
542 2285 691 2325 vitetur]
722 2285 788 2317 Fa-

86 2326 146 2356 cile
159 2328 308 2367 spurium
323 2327 431 2364 crede,
447 2332 561 2358 ortum
573 2339 613 2359 ex
625 2329 722 2359 initio
737 2339 787 2359 se-

85 2370 216 2409 quentis
230 2369 332 2407 verbi,
349 2369 435 2410 quod
444 2369 554 2401 ferein
569 2371 650 2402 Mss.
663 2376 696 2403 et
713 2371 785 2402 edd.

84 2421 134 2452 pr.
150 2412 306 2443 scribitur
318 2413 484 2443 sacietate.

126 2457 168 2489 79
189 2455 340 2486 Maxime
371 2456 554 2486 admodum
585 2466 630 2486 or.
659 2456 722 2496 aa]
753 2456 787 2488 Si

84 2495 184 2527 lectio
199 2496 270 2529 haec
290 2508 366 2529 vera
379 2501 442 2536 est,
462 2500 607 2530 maa-ime
623 2503 659 2530 et
675 2500 787 2529 admo-

85 2539 165 2570 dum
174 2546 211 2570 ut
221 2549 404 2581 synonyma
405 2542 611 2581 junguntur:
623 2542 709 2581 quod
719 2551 787 2574 non

83 2582 281 2614 inusitatum
299 2583 394 2614 bonis
408 2584 607 2614 auctoribus.
653 2583 715 2615 Sed
729 2584 788 2615 ha-

85 2623 141 2654 bet
155 2629 269 2656 tamen
281 2625 352 2657 haec
367 2628 562 2667 synonymia
583 2627 707 2667 aliquid
726 2627 786 2657 du—

84 2666 126 2696 ri:
144 2666 223 2697 Mss.
239 2672 273 2698 et
294 2668 365 2700 edd.
385 2674 448 2700 vet.
472 2669 596 2701 habent
615 2670 725 2708 modo,
741 2670 788 2700 ad

85 2709 218 2740 modum
239 2712 379 2742 motoris
398 2712 450 2742 vel
479 2713 649 2746 orationis,-
675 2713 787 2750 modo,

83 2752 131 2782 ad
142 2752 344 2784 commodum
357 2764 403 2784 or.
417 2764 558 2794 qnorum
569 2755 652 2785 nihil
665 2755 786 2796 placet.

84 2792 294 2826 Facillimum
303 2799 365 2834 est,
373 2806 450 2827 cum
459 2797 623 2827 Lambino
632 2798 788 2828 omittere

83 2836 273 2876 admodum,
287 2837 374 2878 quod
391 2843 426 2870 et
438 2839 531 2875 abest
544 2839 608 2870 Ms.
624 2840 715 2870 Leid.
730 2847 788 2872 aut

877 2204 918 2231 80
958 2200 1240 2243 Unumquodque]
1288 2202 1342 2233 Sic
1369 2208 1457 2234 recte
1490 2202 1540 2235 ed.

837 2245 928 2277 1474.
951 2248 986 2275 et
1009 2253 1094 2284 seqq.
1118 2245 1200 2276 item
1220 2244 1301 2277 Mss.
1325 2255 1384 2286 pro
1406 2246 1541 2286 vulgato

830 2287 1090 2327 unmnquidque,
1106 2288 1194 2327 quod
1208 2298 1280 2319 sero
1295 2288 1331 2319 in
1339 2292 1472 2319 textum
1487 2298 1543 2319 ve·-

831 2329 881 2359 nit
896 2330 1024 2360 vitiose.

873 2374 911 2403 81
943 2372 1023 2403 Cam
1038 2373 1074 2404 in
1094 2373 1200 2404 verbis
1215 2373 1280 2414 pL]
1328 2374 1449 2415 Recepi
1470 2375 1505 2405 in
1522 2385 1540 2406 e

829 2413 910 2444 Mss.
926 2416 1007 2445 meis
1028 2420 1063 2446 et.
1077 2416 1169 2453 aliis3
1183 2416 1272 2455 quod
1291 2421 1327 2447 et
1345 2417 1538 2448 Oudendor-

829 2457 885 2497 pio
900 2457 1062 2498 placebat.
1109 2458 1235 2489 Saltem
1257 2459 1305 2489 ita
1322 2459 1536 2500 intelligitur,

830 2499 908 2539 quid
920 2500 964 2530 sit
977 2500 1013 2530 in
1028 2501 1113 2537 aliis,
1121 2501 1276 2541 pluribus
1289 2503 1404 2533 verbis.

875 2544 916 2574 82
937 2542 1097 2574 Dilucide
1116 2543 1284 2584 dicemus]
1313 2544 1377 2575 Pro
1396 2545 1533 2584 vulgato

834 2585 1006 2622 discemus,
1022 2596 1039 2616 e
1055 2586 1136 2617 Mss.
1149 2590 1185 2617 et
1198 2585 1271 2616 edd.
1284 2591 1364 2618 vett.
1384 2590 1501 2622 1474.7
1506 2590 1536 2620 5.

831 2626 920 2658 Med.
941 2630 1033 2662 1498.
1055 2630 1151 2660 dunt.
1174 2628 1247 2660 Ald.
1268 2635 1346 2670 post
1366 2641 1465 2670 quam
1487 2640 1536 2661 re-

829 2675 964 2711 ceptum
991 2676 1042 2702 est
1067 2673 1236 2709 discemus,
1264 2677 1305 2702 ut
1339 2673 1375 2703 in
1409 2673 1536 2704 Victor.

831 2712 939 2743 Verbo
959 2713 1118 2745 discemus
1141 2724 1208 2745 non
1231 2719 1349 2755 aptum
1374 2719 1425 2746 est
1450 2717 1536 2746 dilu-

831 2756 915 2789 cide‚·
945 2760 979 2786 ct
1006 2757 1145 2788 fortasse
1180 2762 1355 2798 propterea
1383 2758 1536 2790 librarius

832 2798 895 2829 Me.
914 2798 1001 2839 [ἦρε.
1019 2800 1140 2831 omisit.
