1945 3235
350 188 430 223 600
731 185 1026 225 ORATORIAE
1069 185 1436 225 PARTITIONES.

353 290 518 331 meritis
541 289 711 341 nostris,
734 302 807 333 ant
836 292 1064 348 diurnitate,
1086 300 1160 333 aut
1192 290 1337 346 aliquo
1374 303 1529 344 «genere
1551 288 1737 340 virtutis,
1757 289 1806 332 est

307 360 339 391 b
357 363 411 387 ιιιι
415 347 546 389 {xime
574 348 689 388 liber·
683 349 855 401 utitatis,
878 339 1026 400 offidi,
1051 349 1252 404 iustitiae,
1287 347 1408 399 fidci;
1439 347 1804 402 45cont1·‹z·11iisque

355 405 513 445 r'ebus
505 420 547 446 ιιι
569 406 833 448 adversarios
855 407 1141 457 conterendis,
1167 416 1210 447 et
1231 420 1330 447 cum
1355 405 1419 455 iis,
1441 405 1514 459 qui
1543 404 1802 469 disceptant,

354 461 499 517 aliqua
532 463 853 517 conjunctionis
886 474 959 505 aut
980 480 1109 505 causa
1140 474 1215 505 aut
1237 477 1310 519 spe
1333 462 1642 518 significanda:
1674 471 1733 512 et,
1766 461 1804 502 si

355 519 398 559 in
427 535 503 561 nos
524 520 697 575 aliquod
724 522 870 562 odium
903 521 1138 564 offensiove
1170 520 1430 562 ⁴⁶collocata
1452 520 1521 571 sit,
1543 519 1733 561 tollenda
1752 532 1806 560 ea

353 576 655 628 ιιιίιιυειιόιηθ,
695 590 769 619 ιιιιι
804 578 1022 628 diluendo,
1055 588 1129 619 aut
1156 577 1448 627 extenuando,
1481 586 1556 618 aut
1597 589 1804 632 compen-

289 642 341 678 29
355 635 504 686 sando,
534 646 609 676 aut
639 636 924 690 deprecando.
987 635 1284 691 Intelligenter
1312 644 1456 676 autem
1485 643 1535 675 ut
1564 634 1808 685 audiamur,-

352 702 397 734 et
417 702 595 744 attente,
618 708 643 733 ιι
664 693 820 734 rebus
815 694 916 748 ipsis
939 693 1195 733 ordiendum
1219 702 1298 734 cst.
1350 692 1433 733 Sed
1458 691 1660 733 facillime
1681 691 1807 732 audi-

351 760 420 791 tor
441 750 584 800 discit,
607 760 663 799 et,
686 751 790 805 quid
820 761 987 807 aga·tui
1011 749 1231 805 intelligit,
1254 764 1288 790 Sl
1320 749 1607 805 complet-taric
1639 764 1663 790 a
1686 747 1804 804 prin-

349 807 466 863 cipio
496 821 631 863 genus
653 810 689 841 ⁴7
707 818 989 871 naturamque
1022 822 1178 858 causae,
1210 807 1243 848 si
1275 806 1468 858 definias,
1497 822 1529 848 5ι
1561 806 1744 856 (ἰίιίιίιις,
1766 805 1803 847 si

349 879 490 919 neque
523 865 793 920 prudentiam
829 881 922 920 epus
955 865 1164 921 impedias
1199 863 1456 905 confusione
1487 865 1690 928 partium,
1723 877 1805 904 nec

353 922 605 963 memoriam
627 913 927 965 multitudine:
959 937 1143 980 qua-que
1158 936 1262 963 mox
1282 921 1335 962 de
1355 921 1599 962 mutatione
1617 920 1808 962 dilucida

285 979 562 1030 Sodicentun
595 980 745 1020 eadem
773 981 902 1022 etiam
934 981 1019 1022 huc
1050 989 1254 1036 poterunt
1284 988 1399 1020 recte
1432 977 1594 1019 rerer-ri.
1656 977 1717 1019 Ut
1738 985 1804 1019 at-

351 1046 468 1078 tente
497 1046 640 1078 autem
679 1037 1078 1089 andja-unu1‚trimn
1111 1051 1253 1078 rerum
1293 1036 1437 1091 aliqua
1475 1049 1804 1091 consequemur.

348 1094 465 1136 Bam
487 1104 562 1135 aut
594 1110 753 1151 maana
784 1096 980 1159 quaedam
1015 1109 1320 1152 proponemuS,
1351 1103 1425 1135 aut
1455 1092 1707 1143 necessa-uia,
1729 1100 1806 1134 aut

347 1153 585 1208 conjuncta
605 1167 704 1194 cum
729 1153 847 1209 ipss,
879 1154 993 1218 apud
1016 1168 1124 1209 quos
1148 1167 1212 1193 res
1237 1162 1402 1208 agetur.
1464 1151 1530 1193 Sit
1551 1161 1697 1192 autem
1719 1150 1803 1192 hoc

347 1210 478 1251 ctiam
508 1225 549 1251 ιιι
582 1211 827 1266 praeceptis,
858 1221 919 1261 ut,
948 1226 981 1252 5ι
1015 1226 1086 1266 qu
1076 1211 1188 1251 mdo
1219 1219 1389 1265 tempus
1425 1208 1583 1265 ipsum,
1619 1218 1694 1249 aut
1723 1221 1804 1258 res,

348 1279 424 1308 aut
451 1267 584 1318 locus,
611 1276 686 1309 aut
708 1268 974 1310 interventus
997 1268 1194 1323 alicujus,
1222 1275 1296 1308 aut
1319 1266 1622 1322 interpellatio,
1645 1274 1719 1306 aut
1748 1265 1804 1306 ab

348 1324 593 1366 adversario
625 1325 789 1366 dictum
819 1325 1009 1382 aliquod,
1042 1336 1086 1367 ct
1126 1326 1316 1366 maxime
1356 1324 1401 1365 in
1441 1323 1697 1380 perorando,
1730 1322 1806 1364 de-

347 1383 460 1424 derit
488 1385 529 1414 48
543 1383 813 1424 occasionem
851 1384 975 1425 nobis
1009 1383 1060 1424 ali
1053 1398 1139 1439 22qu
1127 1397 1210 1433 am,
1246 1391 1293 1423 ut
1325 1381 1366 1423 di
1358 1396 1519 1423 'camus
1553 1379 1715 1436 aliquid
1747 1379 1815 1422 ad-

348 1448 520 1497 tempus
555 1450 668 1496 apte,
697 1455 750 1481 ne
779 1441 1147 1496 derelinquamus:
1180 1449 1238 1491 et,
1261 1455 1358 1495 qua:
1391 1454 1467 1480 suo
1497 1439 1594 1481 loco
1627 1438 1680 1479 de
1713 1452 1806 1478 am-

349 1497 618 1553 plificatione
651 1498 858 1548 dicemus,
894 1499 1030 1539 multa
1051 1513 1106 1540 ex
1139 1497 1206 1539 his
1239 1506 1445 1553 poterunt.
1476 1497 1530 1539 ad
1567 1495 1808 1553 principio-

355 1569 451 1596 rum
473 1563 691 1611 praccepta
714 1555 949 1596 transferri.
1364 1577 1366 1579 >

308 1612 344 1665 s)
415 1613 467 1654 C.
503 1612 550 1653 l
586 1612 733 1658 Quid?
786 1612 829 1653 in
873 1613 1116 1654 narratione
1157 1628 1255 1668 quae
1296 1612 1472 1653 tandem
1512 1609 1808 1653 conservanda

289 1673 483 1717 31sunt?
537 1669 589 1710 C.
617 1670 666 1710 P.
707 1669 926 1716 Quoniam
971 1669 1159 1711 narratio
1201 1679 1267 1711 (st
1296 1684 1438 1711 rerum
1477 1667 1729 1724 explicatio,
1761 1678 1808 1710 et

352 1728 551 1782 quaedam
574 1727 694 1783 quasi
719 1728 838 1769 sedes
860 1744 909 1769 ae
932 1727 1035 1769 fund
1042 1737 1262 1769 amentum
1281 1726 1597 1769 constituendae
1620 1724 1736 1777 fidei,
1757 1739 1811 1767 ea

352 1801 384 1827 5
378 1794 454 1826 int
475 1785 519 1826 in
541 1799 592 1826 ca
625 1786 834 1827 servanda
864 1787 1069 1837 maxime,
1092 1801 1131 1841 q¹
1127 1801 1189 1827 ιιι),
1212 1785 1342 1826 etiam
1371 1786 1413 1825 in
1437 1783 1610 1839 reliquis
1636 1781 1723 1824 fere
1741 1782 1808 1824 di-

351 1843 477 1884 cendi
497 1843 717 1899 partibus:
740 1858 837 1898 quae
861 1859 904 1900 pa
892 1844 1018 1884 cutim
1042 1853 1143 1884 sunt
1163 1843 1416 1892 necessaria,
1442 1842 1596 1898 partim
1618 1848 1814 1882 assumta

353 1901 406 1942 ad
426 1901 681 1942 ornandum.
742 1901 857 1942 Nam
885 1911 933 1942 ut
955 1901 1144 1942 dilucide
1174 1900 1541 1965 probabiliterque
1571 1912 1808 1950 narremus,

287 1960 341 1996 32
354 1973 514 2000 necess
516 1959 639 1999 trium
659 1966 748 2000 est.
780 1961 821 1993 49
835 1959 907 2000 sed
931 1959 1186 2000 assumimus
1207 1958 1335 1999 etiam
1361 1958 1632 1999 suavitatem.
1687 1954 1806 2012 Ergo

352 2016 404 2058 ad
439 2016 628 2057 dilucide
661 2017 920 2058 narrandum
953 2017 1102 2058 eadem
1127 2016 1199 2057 illa
1219 2016 1454 2072 superiora
1481 2013 1730 2078 explicandi
1761 2021 1808 2054 et

351 2074 594 2115 illustrandi
617 2083 837 2130 praecepta
858 2084 1115 2131 repetemus,
1140 2075 1182 2115 in
1205 2074 1362 2129 quibus
1393 2081 1459 2114 est
1482 2071 1693 2114 brevitas,
1735 2085 1807 2113 ea·

351 2146 436 2187 que
459 2131 697 2186 saepissrme
718 2133 762 2174 in
786 2132 1029 2173 narratione
1056 2132 1169 2173 lauda
1170 2141 1268 2181 itur,
1289 2131 1342 2172 de
1372 2145 1458 2195 qua
1489 2144 1618 2186 supra
1638 2129 1805 2170 dictum

351 2198 432 2230 est.
495 2188 739 2230 Probabilis
770 2200 915 2231 autem
947 2190 1044 2240 erit,
1078 2190 1112 2230 si
1146 2189 1355 2253 personis,
1386 2204 1419 2229 sr
1455 2186 1737 2243 temporibus,
1770 2186 1806 2228 si

351 2245 459 2288 locis
488 2260 552 2293 ea,
591 2262 688 2302 quae
719 2261 816 2289 narr
819 2249 1020 2299 abuntm,
1052 2246 1350 2289 consentient:
1393 2246 1427 2286 si
1458 2244 1670 2300 cujusque
1701 2242 1807 2285 facti

352 2313 398 2345 et
431 2304 575 2345 exenti
610 2319 739 2345 causa
771 2314 978 2370 ponetur:
1025 2307 1066 2336 50
1080 2306 1114 2346 si
1151 2313 1309 2347 testata
1338 2303 1425 2345 dici
1465 2303 1738 2352 videbuntur,
1770 2300 1806 2342 si

352 2376 452 2402 cum
495 2361 722 2402 hominum
754 2363 975 2418 opinione,
1017 2362 1291 2413 auctoritate,
1343 2362 1376 2402 si
1410 2375 1510 2402 cum
1553 2359 1663 2415 lege,
1704 2372 1806 2400 cum

353 2433 487 2468 more,
510 2433 608 2460 cum
634 2419 839 2464 relioione
865 2420 1125 2484 conjuncta:
1158 2420 1192 2461 si
1220 2419 1421 2484 probitas
1436 2417 1649 2459 narrantis
1670 2415 1806 2472 signi-

353 2476 420 2518 fic
414 2476 571 2528 abitur,
602 2477 637 2518 si
671 2477 921 2533 antiquitas,
943 2493 978 2519 5ι
1001 2478 1224 2529 memoria,
1248 2477 1283 2522 Si
1315 2475 1524 2519 orationis
1558 2474 1728 2525 veritas,
1762 2481 1807 2514 et

396 2610 436 2638 45
459 2607 788 2647 contrc1rit]Ms.E‚
810 2609 1056 2649 contrariisque.
1099 2610 1212 2640 omnia
1239 2611 1374 2639 tantum
1411 2607 1452 2639 ad
1484 2613 1589 2655 genus
1624 2604 1808 2645 pertinent.

354 2649 442 2689 qnod
463 2659 575 2679 verum
600 2656 693 2689 puto,
717 2661 793 2681 narn
821 2653 866 2682 sic
886 2653 1001 2683 Cicero
1024 2652 1058 2683 in
1100 2652 1179 2682 Mox
1194 2662 1252 2693 pro
1270 2651 1402 2691 referri,
1417 2648 1570 2689 conferri.

354 2692 416 2723 hac
439 2692 546 2722 forma
571 2702 709 2732 semper.
738 2695 791 2724 Sic
813 2701 848 2725 et
874 2693 945 2724 edd.
970 2694 1055 2726 Ven.
1142 2697 1182 2725 4‘0'
1205 2705 1267 2725 oea
1283 2695 1371 2724 nobis
1393 2690 1555 2732 aliquam]
1582 2690 1647 2721 Ms.
1663 2688 1702 2720 Ε.
1717 2689 1808 2722 delet

353 2735 450 2765 dunt
1100 2738 1261 2776 aliquam,
1284 2736 1372 2775 quod
1387 2735 1506 2775 placet,
1523 2733 1598 2773 qnia
1619 2739 1684 2762 stat
1690 2731 1735 2762 im
1757 2742 1806 2764 se-

397 2778 438 2808 46
461 2777 616 2806 collocuta
630 2776 686 2816 sit]
727 2777 787 2807 Ed.
802 2778 829 2806 V
832 2777 995 2815 en.facta
1008 2780 1060 2810 zel
1101 2780 1215 2819 quirin
1230 2779 1366 2819 aliquid,
1383 2784 1416 2807 et
1432 2775 1603 2807 commode
1617 2776 1720 2805 abest.

355 2821 476 2849 collata
500 2819 552 2849 sit.
578 2819 665 2857 quod
688 2819 804 2850 melius
820 2820 958 2850 videtur.
983 2831 1058 2852 nam
1143 2825 1184 2854 49
1205 2822 1263 2852 sed
1275 2819 1487 2859 assumimus]
1517 2817 1668 2849 Meliuse
1684 2817 1749 2848 MS.
1765 2816 1806 2848 E.

354 2864 511 2893 collocare
527 2859 735 2901 qffensionem
751 2871 816 2892 non
830 2863 960 2893 dieitur.
1101 2874 1310 2894 {resumamus
1346 2863 1386 2893 le
1378 2872 1446 2903 ras,
1489 2865 1547 2892 aut
1588 2869 1806 2898 assumemus,

397 2907 436 2938 47
461 2908 683 2943 naturamque
713 2904 832 2944 causae]
877 2905 940 2935 Me.
972 2905 1059 2937 idem
1102 2907 1179 2947 quia
1193 2910 1242 2937 est
1257 2906 1363 2936 oratio
1379 2903 1610 2946 praecipientis,

355 2955 424 2977 non
451 2946 551 2978 habet
586 2951 818 2987 naturamque.
877 2947 923 2979 Et
951 2954 1060 2982 cetera
1145 2952 1186 2980 50
1206 2959 1235 2980 ει
1249 2952 1370 2981 testata
1383 2946 1508 2988 dicia]
1527 2946 1591 2978 Ms.
1604 2945 1644 2976 E.
1658 2947 1785 2977 testate
