1945 3235
335 152 407 187 146
796 147 874 186 DE
909 144 1290 185 INVENTIONE

326 258 508 308 propter
529 250 852 294 similitudinem
875 267 1020 295 earum
1041 265 1196 301 rerum,
1218 249 1374 306 quibus
1392 248 1594 300 assensit,
1639 248 1763 290 robe·

333 319 428 350 tur:
461 308 577 349 velut
604 310 717 365 apud
751 310 1018 351 Socraticum
1042 308 1293 349 AEschinem
1314 306 1579 347 demonstrat
1641 320 1762 347 ocra·

335 375 412 416 tes,
450 380 548 406 curn
592 365 901 423 Xenophontis
940 380 1088 416 uxore,
1121 375 1165 406 et
1198 379 1298 406 cum
1331 364 1425 420 ipso
1466 362 1766 418 Xenophonte

221 449 255 478 -p,
272 422 564 479 53„Aspasia1n
587 423 799 474 locutam;
834 423 918 465 Dic
936 422 1058 473 mihi,
1072 436 1234 477 quaeso,
1255 419 1564 476 Xenophontis
1586 433 1711 471 uxor,
1730 419 1765 460 si

291 492 319 511 a·
336 481 477 521 vicina
495 490 569 521 tua
591 481 739 521 melius
762 481 919 521 habeat
949 493 1113 530 aurum,
1135 494 1264 535 quam
1297 488 1342 519 tu
1373 478 1520 527 habes,
1541 485 1686 517 utrum
1716 475 1765 517 il-

333 537 413 578 ]ius
436 552 489 578 an
513 546 633 578 tuum
654 538 802 579 malis?
837 537 970 588 Illius,
993 537 1148 591 inquit.
1201 535 1319 582 Quid
1339 535 1374 576 si
1396 543 1573 584 vestem,
1591 542 1635 574 et
1652 540 1766 575 cete-

334 609 428 636 rum
451 604 648 635 ornatum
672 595 922 636 muliebrem
945 594 1071 650 pretii
1090 593 1265 649 majoris
1286 593 1458 643 habeat,
1477 606 1608 646 quam
1626 599 1672 631 tu
1690 589 1766 631 ha—

334 652 423 701 bes,
448 661 623 692 tuumne
654 666 708 692 an
740 652 850 693 illius
881 651 1031 692 malis?
1063 649 1182 692 Illius
1213 665 1329 701 vero,
1360 648 1596 705 respondit.
1655 646 1766 703 Age,

335 709 489 763 inquit,
513 709 545 748 si
572 709 708 749 virum
731 708 802 749 illa
821 708 1041 750 meliorem
1071 707 1242 759 habeat,
1265 722 1393 763 quam
1417 717 1462 747 tu
1485 706 1632 756 habes,
1654 707 1694 736 88
1705 704 1768 746 vi-

274 782 324 815 50,
336 780 484 806 rumne
508 774 627 806 tuum
652 781 704 806 an
727 765 838 807 illius
860 765 1009 807 malis?
1044 764 1131 807 Hic
1162 765 1313 806 mulier
1341 763 1526 805 erubuit.
1584 761 1770 818 Aspasia

335 833 477 863 autem
501 837 599 863 cum
622 823 715 878 ipso
741 823 1038 879 Xenophonte
1064 836 1302 863 sermonem
1324 821 1526 862 instituit.
1588 820 1766 869 Quaeso,

336 880 490 934 inquit,
515 879 782 936 Xenophon,
806 881 839 921 si
863 880 1029 921 vicinus
1053 888 1149 920 tuus
1172 894 1329 934 equum
1351 878 1571 919 meliorem
1592 877 1766 926 habeat,

333 951 461 991 quain
489 945 586 977 tuus
617 946 705 989 est3
739 946 917 978 tuumne
939 951 1097 991 equum
1127 936 1263 987 malis,
1287 951 1340 977 an
1372 936 1511 977 illius?
1543 934 1679 985 Illius,
1702 933 1766 974 in-

332 995 440 1049 quit.
503 994 621 1041 Quid
653 995 687 1034 si
719 994 900 1035 fundum
931 993 1151 1034 meliorem
1182 993 1353 1044 habeat,
1383 1007 1512 1048 quam
1543 1001 1589 1033 tu
1622 991 1768 1042 habeS,

335 1061 476 1092 utrum
499 1051 672 1092 tandem
695 1051 877 1093 fundum
908 1051 1065 1092 habere
1096 1049 1246 1091 malis?
1279 1049 1421 1100 Illum,
1445 1049 1598 1104 inquit,
1619 1047 1768 1090 melio-

334 1123 422 1149 rein
455 1108 632 1149 scilicet.
694 1109 809 1156 Quid
843 1109 877 1149 si
911 1122 1089 1149 uxorem
1120 1107 1341 1148 meliorem
1372 1106 1542 1157 habeat,
1561 1119 1690 1162 quam
1720 1113 1767 1145 tu

333 1165 479 1216 habes,
509 1169 548 1200 39
564 1174 703 1206 utram
733 1165 882 1207 malis?
914 1165 1058 1220 Atque
1089 1164 1161 1205 hic
1195 1163 1447 1220 Xenophon
1472 1176 1644 1219 quoque
1677 1162 1769 1218 ipse

335 1223 482 1264 tacuit.
545 1222 651 1264 Post
677 1222 883 1280 Aspasia:
917 1222 1137 1269 Quoniam
1168 1230 1348 1276 uterque
1379 1230 1582 1271 vestrum,
1614 1219 1768 1275 inquit,

333 1279 375 1321 id
398 1279 504 1320 mihi
528 1280 665 1321 solum
688 1296 774 1322 non
799 1280 1032 1336 respondit,
1055 1279 1168 1334 quod
1193 1293 1275 1335 ego
1295 1278 1432 1319 solum
1454 1278 1601 1322 audire
1622 1276 1769 1319 volue-

332 1351 437 1388 ram,
460 1347 633 1393 egomet
655 1338 811 1388 dicam,
834 1337 937 1393 quid
968 1347 1147 1391 uterque
1168 1336 1349 1392 cogitet.
1371 1350 1471 1376 nam
1488 1344 1532 1377 et
1550 1344 1594 1376 tu
1617 1333 1771 1376 mulier

331 1394 546 1450 optimum
569 1395 708 1436 virum
731 1395 866 1436 mavis
891 1395 1060 1445 habere,
1084 1402 1127 1434 et
1149 1401 1196 1433 tu
1217 1393 1470 1449 Xenophon
1491 1406 1672 1434 uxorem
1693 1391 1770 1432 ha-

332 1451 432 1492 bere
454 1450 729 1493 lectissimam
752 1453 940 1493 maxime
963 1451 1041 1492 vis.
1095 1451 1254 1502 Quare,
1276 1451 1359 1492 nisi
1383 1450 1465 1491 hoc
1488 1448 1767 1506 perfeceritiS,

336 1517 384 1549 ut
405 1523 543 1564 neque
567 1510 630 1549 vir
650 1510 815 1560 melior,
838 1523 976 1564 neque
999 1508 1182 1549 foemina
1200 1508 1350 1550 lectior
1372 1507 1416 1548 in
1438 1507 1559 1548 terris
1579 1507 1649 1557 sit,
1671 1519 1773 1562 pro*

332 1565 447 1606 fecto
468 1566 510 1607 id
533 1581 714 1622 semper,
736 1567 851 1622 quod
875 1567 1089 1623 optimum
1113 1565 1322 1622 putabitis
1345 1579 1450 1615 esse,
1472 1563 1609 1605 multo
1631 1562 1771 1604 maxi-

331 1637 400 1663 me
429 1624 668 1678 requiretis,
699 1633 747 1664 ut
775 1633 818 1665 et
850 1633 896 1665 tu
928 1623 1106 1664 maritus
1137 1623 1192 1663 sis
1224 1637 1352 1678 quam
1374 1621 1570 1677 optimae,
1603 1627 1648 1661 et
1674 1619 1771 1663 haec

331 1694 460 1734 quam
482 1684 523 1714 90
534 1681 700 1736 optimo
724 1681 814 1722 viro
838 1691 975 1737 nupta
997 1681 1066 1721 sit.
1128 1680 1216 1721 Hic
1242 1694 1341 1721 cum
1370 1680 1497 1719 rebus
1518 1692 1606 1719 non
1628 1676 1771 1718 dubiis

331 1746 444 1778 esset
465 1751 698 1788 assensum,
722 1738 885 1779 factum
908 1747 973 1779 est
1003 1746 1179 1794 propter
1210 1735 1550 1786 similitudinem,
1572 1742 1620 1776 ut
1640 1734 1772 1775 etiam

333 1793 452 1845 illud,
474 1795 590 1850 quod
612 1795 793 1836 dubium
821 1796 1063 1846 videbatur,
1095 1795 1129 1836 si
1160 1795 1256 1850 quis
1287 1793 1516 1850 separatim
1547 1800 1772 1848 quaereret,

271 1866 319 1901 53
334 1850 377 1892 id
400 1866 478 1907 pro
500 1862 634 1904 certo,
657 1863 832 1909 propter
854 1853 1064 1894 rationem
1086 1851 1284 1908 rogandi,
1301 1850 1622 1893 concederetur.
1655 1840 1772 1890 *Hoc

332 1908 464 1950 modo
488 1911 695 1951 sermonis
718 1911 950 1966 plurimum
973 1910 1171 1959 Socrates
1193 1923 1295 1950 usus
1312 1917 1392 1960 est,
1414 1915 1641 1964 propterea
1656 1905 1774 1961 quod

334 1965 443 2007 nihil
465 1966 557 2022 ipse
579 1967 729 2008 afferre
751 1968 804 2009 ad
828 1966 1170 2024 persuadendum
1188 1966 1374 2016 volebat,
1397 1965 1472 2006 sed
1491 1979 1547 2005 ex
1568 1978 1636 2016 eo,
1657 1962 1774 2020 quod

336 2023 418 2064 sibi
442 2023 512 2065 ille
534 2024 722 2075 dederat,
741 2025 917 2081 quicum
939 2025 1202 2080 disputabat,
1221 2023 1386 2078 aliquid
1408 2021 1622 2064 conficere
1641 2018 1773 2061 male-

336 2080 425 2131 bat,
447 2081 562 2135 quod
595 2081 664 2122 ille
694 2096 749 2122 ex
771 2097 838 2132 eo,
860 2082 976 2136 quod
1001 2082 1095 2136 jam
1117 2080 1412 2130 concessisset,
1434 2077 1674 2120 necessario
1696 2090 1772 2132 ap-

251 2149 319 2197 32
336 2137 517 2192 probare
539 2137 728 2178 deberet.
784 2138 883 2179 Hoc
903 2139 946 2178 in
970 2151 1125 2194 genere
1147 2136 1486 2193 praecipiendum
1502 2133 1633 2183 ‚nobis
1656 2133 1773 2175 vide-

288 2192 291 2195 *
336 2202 417 2245 tur,
445 2194 647 2250 primum,
677 2205 725 2235 ut
755 2195 874 2246 illud,
896 2195 1011 2250 quod
1044 2194 1294 2235 inducemus
1325 2207 1401 2249 per
1431 2191 1772 2241 similitudinem,

331 2249 544 2305 ejusmodi
569 2252 638 2302 sit,
661 2262 708 2292 ut
739 2253 795 2292 sit
816 2266 987 2294 necesse
1009 2251 1203 2293 concedi.
1225 2265 1325 2292 nam
1347 2264 1402 2291 ex
1424 2264 1511 2305 quo
1533 2247 1773 2305 postulabi-

330 2322 425 2348 mus
464 2309 588 2349 nobis
628 2309 746 2360 illud,
776 2309 893 2364 quod
922 2309 1104 2350 dubium
1137 2308 1207 2360 sit,
1236 2307 1431 2358 concedi,
1469 2306 1650 2347 dubium
1683 2318 1775 2353 esse

332 2364 519 2421 idipsum
554 2381 641 2407 non
676 2366 910 2422 oportebit.
974 2365 1143 2408 Deinde
1181 2365 1300 2417 illud,
1327 2363 1452 2419 cujus
1490 2361 1773 2405 confirmandi

372 2514 410 2543 88
435 2512 594 2544 Vir-mnne
608 2518 702 2544 tuum
722 2513 796 2553 am]
825 2514 877 2544 Sic
900 2513 1029 2554 reposui

329 2563 369 2583 ex-
391 2554 462 2584 edd.
486 2565 533 2595 pr.
555 2565 614 2596 pro
635 2560 793 2587 utrumne
814 2561 921 2593 tuum,
945 2556 1031 2595 quod

328 2600 378 2626 cst
414 2597 448 2626 in
483 2597 638 2637 vulgati5‚
672 2599 742 2628 sine
777 2598 875 2629 dubio
902 2599 1029 2629 vitiose.

330 2638 381 2668 Sic
403 2648 478 2668 mox
501 2644 638 2669 tuumne
652 2649 782 2679 equum,
796 2647 872 2670 cum
894 2649 1030 2680 praeces-

329 2680 423 2710 sisset
457 2681 530 2719 equi
558 2681 706 2718 verbum,
734 2688 773 2712 ut
801 2681 854 2712 hic
882 2682 952 2712 viri.
996 2683 1029 2713 Si

329 2723 399 2761 quis
414 2722 509 2752 malit
523 2727 637 2753 utrum
652 2729 746 2754 tuum
762 2734 779 2754 e
793 2723 884 2755 Leid.
896 2735 947 2765 pr.
963 2733 1030 2754 non

329 2773 507 2805 repugnem
526 2764 635 2795 valde:
660 2767 824 2805 possitque
847 2766 962 2797 addere
984 2767 1031 2796 vi-

327 2816 417 2843 rum,
431 2812 468 2837 ut
481 2812 531 2837 est
545 2807 579 2836 in
594 2807 658 2837 Gu.
671 2809 700 2837 ΕΖ.
716 2813 809 2838 tuum
825 2809 946 2838 vinctu.

370 2851 410 2882 89
438 2847 559 2879 Utrum
577 2849 700 2888 malis]
731 2850 782 2880 Sic
804 2856 824 2880 e·
844 2843 923 2880 Mss.
950 2856 1029 2887 tres,

328 2890 361 2920 in
376 2890 426 2922 his
440 2891 597 2923 Gronovii
611 2893 764 2933 optimus.
802 2890 899 2933 Vulg.
915 2897 1030 2923 utrum

1071 2513 1161 2544 illius
1182 2513 1290 2550 malis,
1313 2510 1401 2551 quod
1425 2509 1597 2541 manifeste
1619 2506 1774 2538 vitiosum

1072 2560 1133 2586 est.

1114 2600 1156 2632 90
1183 2597 1311 2636 Optimo
1322 2594 1417 2633 virm]
1452 2594 1539 2634 Quia
1552 2596 1630 2623 ante
1643 2601 1711 2622 non
1725 2595 1774 2621 est

1073 2640 1232 2676 mulieris,
1250 2637 1348 2680 (quod
1369 2642 1481 2667 tamen
1502 2635 1581 2666 Mss.
1595 2633 1728 2673 quidam
1740 2638 1776 2664 et

1073 2680 1144 2711 edd.
1159 2677 1375 2722 pr.'habent‚)
1393 2678 1493 2709 etiam
1514 2677 1569 2708 hic
1581 2678 1652 2707 viro
1665 2675 1775 2712 abesse

1073 2723 1210 2755 debebat
1223 2734 1231 2752 t
1256 2731 1334 2752 nam
1347 2731 1365 2751 e
1379 2720 1476 2751 verbo
1497 2722 1603 2760 nupta
1615 2719 1659 2749 sie
1676 2716 1775 2748 intel·

1074 2765 1131 2804 ligi
1157 2769 1275 2805 potest.
1326 2763 1415 2802 Ergo
1438 2761 1626 2798 deleverim,
1654 2763 1713 2790 aut
1739 2759 1775 2788 in

1073 2807 1178 2847 primo
1194 2807 1340 2837 mulieris
1353 2804 1542 2835 addiderim.
1585 2801 1648 2833 Sed
1666 2801 1774 2832 decer-

1074 2858 1150 2880 nere
1174 2858 1240 2881 non
1262 2848 1376 2881 audeo.
1391 2847 1455 2879 Ms.
1468 2847 1532 2878 Gu.
1547 2848 1577 2878 2.
1591 2843 1679 2885 addit
1701 2852 1774 2874 mu-

1074 2892 1144 2922 lier-
