1945 3235
348 121 426 154 206
789 116 865 155 DE
902 116 1290 157 INVENTIONE

346 235 446 261 cum
475 220 550 271 eis,
581 235 688 277 quos
718 231 869 264 contra
897 223 1028 274 dicat,
1049 223 1330 280 comparatio.
1391 220 1497 278 Ejus
1526 232 1686 275 autem,
1705 222 1782 280 qui·

347 278 575 333 praemium
607 288 736 335 petet,
759 279 863 322 facti
895 281 959 321 sui
990 281 1286 337 amplificatio,
1309 289 1353 321 et
1381 294 1545 331 eorum,
1567 281 1639 336 qui
1670 295 1782 337 prae-

261 335 434 379 115mio
457 335 600 377 affecti
624 347 737 387 sunt,
759 352 858 378 cum
880 338 966 378 suis
989 338 1114 380 factis
1135 338 1372 380 contentio.
1426 336 1595 378 Deinde
1615 348 1782 380 ceteros

345 408 372 432 a
394 393 562 434 virtutis
585 394 726 435 studio
750 394 964 450 repulsum
996 396 1063 446 iri,
1086 396 1120 436 si
1150 396 1242 451 ipse
1276 394 1454 452 praemio
1477 409 1563 436 non
1593 395 1650 435 sit
1678 394 1784 436 affe·

343 459 453 491 ctus.
516 451 758 492 Facultates
789 462 933 493 autem
957 453 1295 503 considerantur,
1317 466 1416 494 cum
1446 452 1619 507 aliquod
1647 466 1782 516 :pecu-

343 507 510 548 uiarum
553 509 779 563 praemium
819 509 1085 564 postulatur:
1122 511 1166 552 in
1205 525 1290 566 quo
1329 512 1524 550 30utrum
1562 523 1689 566 copla
1725 509 1783 550 sit

343 565 450 620 agri,
475 566 765 621 vectigalium,
788 567 998 622 pecuniae,
1021 582 1075 609 an
1098 568 1290 624 penuria,
1313 567 1621 609 consideratur.
1674 566 1780 608 Loci

342 637 606 663 communes.
664 623 906 665 Facultates
945 638 1116 680 augere,
1145 639 1231 666 non
1269 626 1462 666 minuere
1492 624 1706 681 oportere,
1736 631 1782 665 et

345 677 646 735 Impudcntem
679 694 784 731 esse,
813 682 887 737 qui
921 695 999 736 pro
1035 682 1245 723 beneficio
1278 697 1364 723 non
1403 682 1602 737 gratiam,
1631 695 1780 722 verum

341 737 581 777 mercedem
613 738 826 792 postulet:
859 748 1011 780 contra
1039 748 1183 780 autem
1215 739 1268 780 de
1300 740 1485 795 pecunia
1515 738 1779 789 ratiocinari,

342 794 562 834 sordidum
582 808 687 845 esse,
710 809 809 836 cum
840 795 893 837 de
926 796 1066 852 gratia
1095 796 1318 838 referenda
1346 796 1629 848 deliberetur3
1659 806 1704 837 et
1732 809 1779 837 se

341 865 427 891 non
458 851 643 906 pretium
675 867 752 908 pro
783 852 916 904 facto,
947 853 1020 894 sed
1054 853 1262 894 honorem
1285 854 1418 907 3¹[ita
1449 864 1499 895 ut
1531 853 1779 895 factitatum

231 918 261 948 Ρ·
277 912 327 942 '77-
342 908 415 960 sit]
440 923 516 964 pro
540 909 750 950 beneficio
773 910 1003 965 postulare.
1034 908 1100 951 Ac
1123 911 1176 951 de
1195 911 1581 953 constitutionibus
1602 911 1778 967 quidem

298 962 326 982 ²¹·
342 966 443 1005 satis
465 966 631 1007 dictum
652 977 740 1008 est:
772 981 887 1008 nunc
911 967 964 1008 de
993 967 1045 1008 iis
1067 968 1385 1020 controversiis,
1407 982 1504 1023 quae
1538 968 1582 1009 in
1615 969 1778 1025 scripto

342 1034 578 1074 versantur,
599 1024 830 1066 dicendum
854 1024 1037 1065 videtur.

259 1084 329 1130 40
401 1079 450 1121 In
484 1082 644 1137 scripto
675 1092 867 1123 versatur
890 1082 1197 1133 controversia,
1219 1096 1319 1124 cum
1350 1083 1683 1139 ex·scriptionis
1710 1097 1779 1124 ra-

255 1155 327 1188 ΠΟ·
343 1137 458 1179 tione
480 1138 641 1195 aliquid
663 1139 783 1180 dubii
806 1140 1011 1181 nascitur.
1047 1172 1050 1175 .
1072 1139 1124 1181 Id
1146 1140 1197 1180 fit
1218 1153 1273 1182 ex
1296 1139 1517 1196 ambiguo,
1539 1154 1594 1181 ex
1616 1140 1778 1196 scripto

339 1204 383 1235 et
421 1197 647 1247 sententia,
680 1211 735 1238 ex
775 1197 1001 1238 contrariis
1040 1197 1224 1254 legibus,
1255 1211 1310 1238 ex
1349 1197 1692 1248 ratiocinatione,
1711 1211 1781 1238 ,ex

338 1252 604 1295 definitione.
649 1254 716 1295 Ex
739 1255 946 1311 ambiguo
968 1263 1113 1296 autem
1137 1256 1328 1296 nascitur
1348 1256 1656 1306 controversia,
1678 1268 1778 1296 cum

336 1310 439 1365 quid
470 1312 649 1352 senserit
681 1312 879 1368 scriptor,
909 1313 1142 1353 obscurum
1172 1321 1251 1364 est,
1283 1312 1400 1368 quod
1432 1313 1641 1368 scriptum
1671 1312 1780 1353 duas

336 1367 532 1423 pluresve
554 1383 618 1410 res
641 1370 873 1425 significat,
896 1369 950 1410 ad
972 1369 1087 1410 hunc
1109 1369 1309 1412 modum:
1335 1369 1663 1420 Paterfamilias,
1677 1383 1777 1411 oum

336 1425 472 1466 filium
497 1425 695 1468 heredem
719 1426 893 1478 faceret,
917 1441 1115 1468 vasorum
1146 1436 1447 1482 argenteorum
1471 1437 1646 1468 centum
1668 1441 1778 1482 pon-

335 1482 391 1523 do
424 1485 548 1524 uxori
581 1499 668 1524 suae
701 1484 761 1525 sic
792 1484 979 1540 legavit:
1014 1496 1172 1526 HERES
1209 1497 1340 1525 1112:th
1367 1497 1667 1542 uxoRrMssAE
1692 1497 1778 1525 vA-

337 1553 505 1581 SORUM
542 1554 926 1583 ARGENTEORUM
975 1554 1144 1582 PoNDo
1192 1555 1415 1592 CENTUM,
1451 1555 1558 1594 ρυλε
1599 1555 1777 1593 VOLET,

338 1610 485 1638 DATO.
547 1598 654 1639 Post
684 1609 867 1639 mortem
900 1599 992 1654 ejus
1032 1601 1074 1631 32
1087 1613 1185 1640 vasa
1224 1599 1472 1655 magnifica,
1505 1610 1563 1640 etr
1591 1599 1780 1655 pretiose

334 1654 487 1696 caelata
507 1657 617 1712 petit
647 1671 673 1696 a
694 1656 783 1696 filio
805 1666 957 1697 mater.
979 1659 1019 1688 33
1035 1655 1104 1702 ille
1135 1670 1192 1707 se,
1216 1671 1314 1711 quae
1345 1656 1436 1712 ipse
1458 1656 1601 1708 vellet,
1619 1655 1778 1697 debere

334 1711 456 1753 dicit.
518 1713 728 1763 Primum,
763 1713 796 1754 si
831 1713 922 1754 fieri
956 1711 1130 1770 poterit,
1163 1713 1544 1755 demonstrandum
1576 1723 1775 1765 ests-non

332 1783 423 1810 esse
456 1771 660 1828 ambigue
692 1771 926 1826 scriptum;
958 1780 1188 1827 propterea
1207 1771 1323 1826 quod
1347 1784 1495 1811 omnes
1526 1771 1570 1811 in
1593 1784 1776 1812 consue-

333 1827 481 1868 tudine
516 1827 723 1869 sermonis
753 1828 866 1869 3⁴sic
896 1828 961 1869 uti
996 1828 1161 1869 soleant
1191 1842 1241 1869 eo
1264 1829 1396 1870 verbo
1418 1842 1506 1869 uno
1528 1828 1779 1885 pluribusue

328 1940 453 1972 habent
477 1942 643 1981 derogari,
662 1942 832 1974 subtrahi:
859 1953 934 1982 quae
955 1948 1034 1975 sunt
1077 1944 1205 1973 coelata.
1249 1942 1314 1974 Ms.
1341 1943 1405 1974 Gu.
1438 1945 1466 1976 1.
1491 1942 1593 1974 hahet
1616 1943 1779 1982 pretiosa,

328 1984 500 2014 manifeste
530 1986 645 2024 glossae
670 1986 760 2015 verbi
781 1986 932 2022 delibari,
953 1986 1043 2017 item-
1077 1985 1132 2015 sed
1147 1996 1166 2015 a
1180 1996 1225 2016 m.
1239 1995 1266 2015 s.
1283 1985 1342 2016 Ed.
1357 1985 1473 2016 Juntae
1486 1984 1587 2016 habet
1600 1985 1777 2026 magng'fi'ce

328 2024 493 2062 deum-ari,
517 2028 603 2066 quod
624 2033 675 2057 est
694 2028 849 2057 vitiosum
872 2037 931 2067 pro
954 2028 1032 2058 deli·
1076 2031 1107 2056 et
1114 2028 1256 2066 pretiose
1269 2029 1405 2057 coelctea:
1427 2028 1514 2067 quod
1528 2031 1570 2059 et.
1585 2029 1693 2067 ipsum
1708 2031 1776 2058 non

329 2068 411 2098 bari.
434 2068 480 2098 Et
491 2068 605 2099 eodem
618 2070 716 2099 verbo
728 2069 882 2099 similiter
891 2079 970 2100 usus
981 2075 1033 2100 est
1074 2069 1236 2108 displicet.
1696 2072 1699 2075 '

329 2109 443 2141 cicero
456 2121 482 2140 c.
498 2114 547 2142 δᾶ.
561 2112 618 2141 ubi
630 2113 753 2152 pariter
765 2111 898 2151 quidam
910 2112 1029 2143 substi-
1116 2113 1156 2141 33
1180 2111 1244 2142 Ille
1256 2121 1302 2149 se,
1313 2120 1384 2151 quoe
1398 2113 1464 2151 ipse
1477 2112 1584 2148 vellet,
1598 2111 1711 2146 debere
1724 2111 1774 2142 cli-

327 2157 463 2182 tueruut
478 2153 644 2192 vulgatam
655 2153 754 2194 liujus
766 2153 1026 2185 locidelz'berare.
1071 2152 1140 2192 cit.]
1169 2153 1230 2188 Ms.
1256 2153 1344 2184 Cass.
1372 2153 1460 2184 delet
1485 2154 1569 2194 ipse;
1594 2153 1690 2184 male.
1716 2153 1774 2184 sed

369 2197 410 2224 30
438 2194 558 2225 Utrum
603 2197 718 2235 copim]
759 2195 867 2236 Vulgo
913 2201 1027 2226 utrum

325 2237 468 2276 copiane,
495 2238 527 2267 iu
558 2248 620 2277 quo
648 2238 860 2269 manifestum
882 2243 944 2275 est,
968 2243 1026 2269 aut

324 2283 441 2310 ulrum
455 2279 554 2310 deleri
576 2281 704 2316 debere,
729 2287 786 2311 aut
806 2291 855 2311 ne.
905 2280 1028 2312 Utrum

326 2321 416 2351 abest
433 2332 451 2352 a
466 2322 527 2352 Ms.
543 2323 605 2354 Gu.
622 2326 652 2355 52.
668 2323 707 2352 ab
723 2323 794 2354 aliis
809 2333 860 2364 ap.
875 2322 1026 2354 Oudend.

323 2373 374 2393 oze.
390 2364 497 2404 Igitur
507 2364 577 2403 hos,
587 2366 664 2405 quia
675 2365 784 2406 plures
796 2371 887 2403 sunt,
897 2371 1027 2397 secutus

323 2415 407 2436 sum.

365 2451 399 2478 31
425 2449 489 2485 Ita,
506 2455 542 2480 ut
551 2449 754 2488 factitatum
774 2450 841 2489 sit]
869 2450 950 2481 Haec
966 2461 1027 2490 ego

322 2492 433 2531 spuria
441 2492 576 2529 judium
600 2501 678 2522 nam
690 2501 821 2522 sensum
838 2492 890 2522 vix
903 2492 1026 2525 habent

322 2533 545 2569 commodum,
561 2539 595 2563 et
620 2534 747 2564 tollunt
761 2535 1023 2566 concinnitatem

322 2576 450 2615 pai-ium
467 2577 597 2615 paribus
612 2576 891 2617 respondentium.
912 2579 1021 2617 itaque

322 2619 414 2647 uncis
429 2618 557 2648 inclusi.
602 2618 633 2648 Si
652 2627 764 2650 tamen
787 2619 858 2658 quis
878 2622 1024 2659 genuina

319 2660 426 2690 malit.
442 2660 621 2699 intelligat,
631 2661 717 2701 apud
731 2663 869 2701 majores
881 2667 1021 2699 nostros,

320 2707 353 2733 et
370 2702 434 2732 alio
459 2709 618 2743 tempore.
663 2704 727 2734 Ms.
748 2704 811 2733 Gu.
831 2707 855 2734 l.
873 2704 971 2736 habet
986 2710 1023 2736 ut

307 2744 403 2784 sacti
418 2749 551 2775 tantum
567 2746 620 2774 sie.

361 2790 401 2817 3²2
420 2787 507 2818 Vasa
535 2787 727 2828 nuzgng'ficu,
751 2793 782 2818 ee
802 2789 942 2829 pretiose
966 2799 1024 2819 coe-

321 2829 417 2869 lam]
445 2830 563 2860 Putem
584 2831 647 2860 ista
665 2840 734 2860 esse
753 2836 954 2871 permutata,
978 2831 1023 2862 le-

320 2872 526 2912 gendumque
541 2881 621 2904 vasa
629 2873 778 2914 preciosa
798 2878 830 2905 et
849 2874 964 2914 magni
989 2882 1025 2904 ce

1071 2194 1244 2234 legendum
1260 2200 1309 2226 est
1324 2196 1411 2227 velit.
1458 2195 1641 2236 Vulgatum
1663 2199 1773 2226 ortum

1069 2243 1120 2268 aet
1133 2247 1172 2267 cx
1187 2238 1322 2277 antiqua
1337 2239 1499 2278 scriptura
1512 2239 1604 2269 velet«.
1637 2237 1731 2269 Infra
1743 2248 1778 2268 c.

1069 2282 1122 2310 41.
1143 2286 1232 2310 reete
1253 2286 1304 2310 est
1316 2282 1412 2310 vellet
1419 2294 1431 2314 ;
1455 2280 1512 2311 sed
1531 2281 1576 2312 ibi
1589 2279 1712 2320 pendet
1733 2290 1773 2311 ex

1070 2322 1175 2352 daret.
1198 2334 1226 2352 c.
1248 2325 1301 2353 45.
1323 2324 1447 2363 pariter
1468 2321 1718 2356 confunduntur
1737 2322 1774 2359 in>

1070 2363 1151 2394 Mss.
1167 2366 1287 2395 vellent
1298 2371 1333 2395 et
1347 2366 1457 2395 velint.

1113 2410 1154 2437 34
1178 2406 1234 2437 Sic
1260 2408 1311 2437 uti
1342 2409 1466 2437 soleant
1501 2405 1575 2445 &c.]
1621 2405 1768 2437 Primum

1070 2449 1242 2489 vulgatum
1261 2451 1362 2479 solent
1375 2449 1499 2480 correxi
1514 2458 1553 2478 ex
1567 2448 1638 2491 lege
1659 2448 1769 2479 latini-

1069 2491 1148 2521 tatis
1161 2503 1167 2520 ;
1191 2497 1225 2521 et
1237 2491 1282 2521 sic
1294 2491 1394 2522 habet
1408 2491 1475 2521 Ms.
1488 2489 1624 2521 Leid.-1;
1640 2489 1771 2523 Deinde

1069 2533 1142 2564 dedi
1160 2535 1196 2563 in
1211 2543 1284 2563 eam
1301 2535 1508 2569 sententium,
1522 2533 1559 2562 in
1579 2541 1693 2572 quam,
1708 2543 1769 2573 pro

1065 2575 1228 2606 ablativis.
1243 2586 1320 2606 nam
1339 2576 1386 2606 sie
1402 2575 1498 2606 latini
1511 2579 1651 2614 semper,
1667 2581 1701 2606 et
1719 2576 1765 2607 sic

1066 2618 1190 2648 habent
1202 2618 1282 2648 Mss.
1294 2628 1346 2658 ap.
1359 2617 1506 2648 Oudend.
1523 2617 1577 2656 qui
1590 2621 1625 2647 et
1636 2617 1768 2657 probat.

1065 2671 1099 2690 eo
1111 2661 1204 2691 verbo
1217 2670 1281 2691 uno
1290 2662 1338 2700 pl.
1353 2660 1515 2699 intellige,
1528 2667 1598 2698 qua·
1611 2660 1706 2697 volet,
1722 2669 1766 2691 se.

1065 2707 1104 2733 ut
1116 2702 1149 2733 id
1166 2703 1316 2742 capiatur
1335 2701 1374 2732 de
1388 2712 1440 2739 eo,
1457 2702 1509 2732 cui
1522 2701 1668 2741 legatum
1689 2702 1766 2732 scri-

1067 2750 1163 2785 ptum
1181 2750 1243 2782 est,
1272 2754 1340 2775 non
1365 2744 1403 2775 de
1427 2744 1556 2780 herede,
1575 2750 1636 2774 aut
1659 2748 1700 2774 ut
1724 2743 1776 2774 ad‘·

1066 2787 1254 2827 proximum
1275 2787 1518 2817 substantivum
1541 2786 1589 2827 (h.
1611 2785 1634 2816 1.
1655 2786 1749 2816 uxori
1751 2796 1762 2826 Α·

1067 2838 1135 2860 non
1149 2829 1191 2860 ad
1205 2830 1364 2861 remotius
1382 2829 1501 2871 (heres)
1523 2829 1692 2860 referatur.
