1945 3235
729 118 1015 158 BRUTUS.
1507 126 1585 164 479

146 239 243 281 quae
266 233 410 266 custos
433 234 498 267 est
518 232 756 267 ceterarum
775 222 938 279 ingenii
961 222 1165 277 partium,
1179 230 1267 263 tam
1286 223 1439 265 debilis
1458 234 1585 277 esset,

147 293 196 324 ut
219 298 270 324 ne
302 284 344 324 in
369 284 528 340 scripto
556 283 730 337 quidem
760 279 1039 329 meminisset,
1072 278 1176 332 quid
1212 281 1354 335 paullo
1386 292 1485 323 ante
1507 298 1586 339 po-

147 341 316 392 suisset,
338 340 453 392 huic,
474 341 650 381 minime
672 339 827 379 mirum
849 345 927 387 est,
945 350 1000 376 ex
1024 345 1218 391 tempore
1235 337 1394 378 dicenti
1415 340 1583 381 solitam

148 398 322 439 effluere
349 407 553 438 mentem.
614 397 767 451 Itaque
799 409 896 436 cum
931 394 969 433 ei
1003 407 1082 434 nec
1115 393 1307 434 officium
1342 395 1520 447 deesset,
1542 401 1676 439 et2‘20

151 456 354 512 flagraret
376 455 517 496 studio
533 454 719 504 dicendi,
736 465 963 508 perpaucae
984 451 1037 492 ad
1060 465 1158 491 eum
1180 466 1320 492 causae
1337 452 1589 496 defereban-

152 522 236 554 tur.
299 513 456 555 Orator
490 521 647 562 autem,
671 511 779 551 vivis
812 509 906 564 ejus
938 509 1191 564 aequalibus,
1222 509 1447 565 proximus
1478 513 1592 566 opti-

151 571 233 611 mis
264 571 582 620 numerabatur,
621 575 797 624 propter
842 566 1069 608 verborum
1108 566 1363 618 bonitatem,
1406 577 1453 608 ut
1494 578 1595 610 ante

153 627 262 679 dixi,
294 637 337 668 et
367 626 613 683 expeditam
646 641 696 666 ac
727 624 1016 681 profluentem
1048 624 1370 679 quodammodo
1400 625 1596 667 celerita-

154 694 256 726 tem.
329 684 481 739 Itaque
522 683 614 739 ejus
649 683 866 724 orationes
900 682 1198 738 adspiciendas
1240 692 1383 724 tamen
1424 698 1594 725 censeo.

155 751 256 783 sunt
278 741 361 782 illae
394 741 568 796 quidem
603 741 909 797 languidiores,
932 748 1214 780 veruntamen
1236 748 1418 796 possunt
1439 756 1597 798 augere

145 808 196 840 et
217 799 337 854 quasi
357 798 467 839 alere
490 799 533 840 id
557 800 734 849 bonum,
756 798 873 853 quod
895 798 940 838 in
958 796 1030 838 illo
1050 797 1325 839 mediocriter
1342 797 1473 840 fuisse
1492 814 1598 841 con-

155 857 374 898 cedimus:
408 857 524 913 quod
558 856 689 898 habet
724 864 889 897 tantam
926 855 1031 907 vim,
1053 864 1102 896 ut
1124 854 1278 908 solum,
1301 856 1391 896 sine
1420 856 1529 910 aliis,
1551 857 1597 899 in

155 913 347 955 Curione
379 915 566 971 speciem
597 914 779 956 oratoris
812 913 994 969 alicujus
1025 912 1231 954 effecerit.
1293 913 1378 955 Sed
1399 914 1452 955 ad
1475 914 1599 956 insti-

156 981 251 1013 tuta
275 972 512 1013 redeamus.

214 1029 264 1070 In
289 1030 441 1071 eodem
474 1030 609 1086 igitur
641 1044 820 1071 numero
855 1028 1049 1085 ejusdem
1080 1027 1221 1069 aetatis
1254 1028 1307 1070 C.
1332 1027 1476 1071 Carbo
1498 1029 1595 1081 fuit,
1609 1019 1679 1074 62

158 1087 272 1129 illius
295 1087 635 1144 eloquentissimi
660 1088 738 1128 viri
761 1087 889 1140 filius,
911 1101 998 1127 non
1022 1087 1123 1127 satis
1154 1094 1305 1128 acutus
1327 1095 1493 1139 orator;
1525 1088 1597 1129 sed
1608 1099 1684 1134 221

156 1155 300 1187 tamen
320 1157 464 1187 orator
481 1156 730 1187 numeratus
753 1154 831 1186 est.
894 1143 998 1185 Erat
1022 1145 1065 1185 in
1086 1144 1226 1185 verbis
1245 1145 1450 1201 gravitas,
1472 1155 1515 1186 et
1537 1145 1601 1187 fa-

155 1204 236 1244 cile
266 1204 453 1255 dicebat,
476 1212 520 1244 et
550 1204 853 1244 auctoritatem
887 1202 1127 1243 naturalem
1164 1203 1381 1258 quandam
1414 1203 1605 1245 habebat

157 1261 313 1303 oratio.
383 1261 567 1303 Acutior
598 1262 655 1307 Q.
678 1261 833 1302 Varius
868 1261 995 1301 rebus
1026 1260 1314 1311 inveniendis,
1349 1274 1428 1301 nec
1459 1261 1604 1302 minus

159 1319 301 1360 verbis
323 1320 578 1376 expeditus:
611 1319 736 1360 fortis
759 1333 859 1360 vero
883 1328 1018 1369 actor,
1041 1326 1085 1358 et
1105 1318 1352 1369 vehemens,
1383 1327 1427 1359 et
1461 1319 1604 1360 verbis

157 1391 238 1418 nec
260 1376 400 1434 inops,
422 1392 501 1418 nec
523 1376 734 1432 abjectus,
757 1385 799 1418 et
828 1391 956 1432 quem
982 1375 1106 1432 plane
1127 1384 1342 1416 oratorem
1364 1376 1507 1417 dicere
1528 1392 1603 1418 au-

158 1435 293 1476 deres.
356 1435 438 1476 Cn.
457 1434 726 1490 Pomponius
746 1434 952 1475 lateribus
975 1448 1190 1490 pugnans,
1213 1433 1398 1475 incitans
1420 1434 1602 1486 animos,

158 1507 270 1544 acer,
284 1494 477 1544 acerbus,
492 1492 763 1533 criminosus.
797 1492 993 1532 Multum
1007 1492 1060 1532 ab
1076 1491 1126 1531 iis
1141 1493 1289 1533 aberat
1304 1491 1353 1533 L.
1365 1491 1528 1544 Fufius,
1539 1502 1603 1534 ta·
1614 1505 1691 1540 222

157 1565 258 1591 men
280 1564 334 1592 ex
358 1550 633 1592 accusatione
647 1549 728 1590 M'.
743 1549 924 1604 Aquillii
946 1549 1184 1605 diligentiae,
1205 1549 1395 1591 fructum
1416 1560 1604 1607 ceperat.

158 1608 275 1650 Nam
305 1607 372 1649 M.
397 1608 604 1659 Drusum,
634 1618 757 1648 tuum
778 1622 988 1663 magnum
1015 1606 1291 1658 avunculum,
1314 1622 1489 1663 gravem
1511 1623 1607 1649 ora-

159 1675 313 1717 torem,
329 1666 389 1707 ita
409 1666 623 1706 duntaxat
645 1680 745 1706 cum
768 1665 820 1706 de
836 1664 1060 1721 republica
1081 1665 1243 1706 diceret
1260 1681 1268 1706 ε
1295 1665 1343 1706 L.
1358 1674 1503 1706 autem
1519 1666 1604 1707 Lu-

153 1723 321 1765 cullum
352 1724 484 1764 etiam
516 1732 707 1775 acutum,
738 1733 993 1779 patremque
1016 1732 1154 1774 tuum,
1188 1722 1465 1778 Brute,juris
1497 1739 1606 1780 quo-

160 1795 259 1836 que,
281 1792 325 1822 et
347 1781 526 1838 publici,
549 1790 593 1822 et
620 1780 777 1837 privati
801 1795 901 1822 sane
932 1780 1117 1836 peritum
1136 1797 1144 1822 ε
1180 1779 1249 1822 Μ.
1274 1779 1516 1833 Lucullum,
1537 1780 1606 1822 M.

153 1838 412 1891 Octavium,
436 1838 518 1880 Cn.
542 1838 590 1880 F.
614 1839 707 1894 (qui
737 1848 908 1880 tantum
940 1838 1212 1889 auctoritate,
1242 1838 1513 1894 dicendoque
1535 1854 1609 1880 va-

160 1896 255 1948 luit,
278 1906 327 1938 ut
349 1897 487 1953 legem
508 1896 810 1953 Semproniam
831 1896 1174 1946 frumentariam,
1198 1897 1347 1952 populi
1371 1896 1609 1952 frequentis

161 1954 379 2011 suffragiis
401 1955 711 2011 abrogaverit),
741 1953 823 1995 Cn.
845 1954 1097 2005 Octavium,
1121 1953 1189 1995 M.
1214 1954 1279 2005 F„
1299 1953 1367 1995 M.
1393 1954 1610 1996 Catonem

162 2022 345 2069 patrem,
377 2013 434 2060 Q.
458 2013 589 2053 etiam
620 2011 825 2054 Catulum
858 2011 1010 2062 filium,
1045 2011 1310 2053 abducamus
1340 2027 1394 2053 ex
1429 2013 1535 2064 acie,
1565 2012 1609 2053 id

160 2081 242 2122 est,
273 2070 506 2126 ajudiciis,
529 2080 573 2111 et
594 2071 638 2111 in
662 2070 874 2126 praesidiis
906 2069 1174 2126 reipublicae,
1197 2070 1266 2111 cui
1290 2068 1417 2111 facile
1439 2069 1608 2111 satisfa-

161 2143 257 2170 cere
280 2129 461 2185 possint,
484 2127 760 2170 collocemus.
821 2127 987 2169 Eodem
1019 2127 1076 2174 Q.
1101 2126 1357 2183 Caepionem
1389 2128 1607 2180 referrem,
1619 2138 1697 2173 223

161 2187 245 2227 nisi
287 2187 416 2227 nimis
455 2186 642 2242 equestri
684 2186 825 2227 ordini
867 2186 1052 2238 deditus,
1092 2201 1118 2226 a
1157 2195 1309 2227 senatu
1345 2186 1652 2228 dissedisset.P·
1673 2190 1742 2220 185.

164 2243 248 2285 Cn.
268 2244 530 2295 Carbonem,
563 2243 631 2285 M.
651 2242 860 2297 Marium,
882 2253 927 2284 et
955 2258 1011 2284 ex
1042 2243 1195 2284 eodem
1226 2258 1383 2300 genere
1413 2244 1609 2302 complu·
1621 2241 1651 2262 ³·

161 2316 228 2343 res
249 2302 428 2343 minime
447 2302 603 2358 dignos
634 2301 843 2358 elegantis
876 2311 1116 2344 conventus
1148 2302 1338 2353 auribus,
1361 2303 1609 2358 aptissimos

162 2360 351 2416 cognovi
384 2360 641 2406 turbulentis
672 2360 970 2401 concionibus.
1004 2374 1090 2416 quo
1122 2360 1166 2400 in
1197 2373 1355 2416 genere
1384 2364 1452 2413 (ut
1480 2360 1527 2400 in
1559 2360 1610 2401 iis

162 2418 412 2473 perturbem
434 2427 613 2459 aetatum
636 2417 849 2468 ordinem)
872 2432 1010 2474 nuper
1033 2418 1081 2458 L.
1098 2417 1306 2464 Quintius
1329 2416 1436 2458 fuit:
1469 2417 1612 2474 aptior

165 2485 308 2516 autem
331 2476 461 2516 etiam
487 2475 714 2517 Palicanus
737 2475 912 2516 auribus
934 2476 1248 2532 imperitorum.
1311 2473 1383 2526 Et,
1404 2476 1612 2531 quoniam
1623 2473 1701 2509 224

165 2531 295 2587 hujus
318 2533 486 2590 generis
518 2533 633 2574 facta
665 2533 829 2574 mentio
847 2542 944 2583 ‹est,
971 2533 1273 2574 seditiosorum
1295 2533 1491 2574 omnium
1512 2542 1614 2590 post

169 2589 406 2643 Gracchos,
427 2592 475 2632 L.
495 2590 705 2647 Apuleius
728 2591 985 2632 Saturninus
1007 2590 1383 2646 eloquentissimus
1401 2591 1516 2633 visus
1533 2600 1613 2643 est,

167 2648 307 2703 magis
339 2649 482 2705 specie
505 2659 663 2700 tamen,
688 2656 732 2689 et
761 2658 899 2699 motu,
921 2658 1050 2704 atque
1088 2650 1182 2704 ipso
1216 2649 1379 2690 amictu
1411 2649 1615 2705 capiebat

169 2703 382 2758 homines,
403 2722 533 2762 quam
555 2716 630 2747 aut
650 2706 822 2748 dicendi
845 2706 988 2762 copia,
1011 2715 1085 2747 aut
1106 2706 1406 2748 mediocritate
1429 2707 1616 2763 pruden-

170 2762 259 2803 tiae.
323 2763 473 2820 Longe
495 2773 639 2805 autem
674 2773 772 2821 post
804 2773 926 2805 natos
957 2764 1156 2805 homines
1190 2765 1538 2821 improbissimus
1562 2762 1617 2805 C.

171 2819 376 2862 Servilius
400 2821 599 2874 Glaucia,
623 2823 696 2863 sed
718 2831 947 2879 peracutus
970 2832 1015 2862 et
1045 2822 1238 2875 callidus,
1258 2837 1358 2864 cum
1380 2822 1618 2878 primisque

170 2876 390 2922 ridiculus.
466 2879 508 2921 Is
547 2895 602 2923 ex
642 2880 821 2924 summis
856 2888 900 2923 et
932 2878 1137 2933 fortunae,
1175 2890 1219 2924 et
1260 2880 1363 2924 vitae
1404 2879 1619 2933 sordibus,
