1914 3220
675 124 1131 182 PRAEFATIO.
1453 123 1585 177 xxiii

135 260 364 334 petebat
405 259 478 312 ab
524 257 641 311 aliis
687 257 853 320 edita,
897 263 960 310 ut
999 254 1257 308 Tacitum
1300 253 1580 308 Beroaldi-

132 366 286 411 num,
322 346 392 399 de
432 361 545 414 quo
583 342 639 395 in
680 340 1001 413 praefatione
1042 339 1113 392 ad
1152 338 1451 391 editionem
1483 358 1579 392 no-

132 440 302 490 stram
338 428 518 487 Taciti
564 428 818 483 diximus.
897 425 964 478 In
1000 423 1276 477 Ciceronis
1318 423 1574 494 operibus

131 517 268 588 quid
312 515 396 570 vel
438 512 763 585 praestiterit,
800 511 886 564 vel
932 518 1188 581 praestare
1228 509 1478 571 voluerit,
1519 509 1574 561 in

129 602 313 673 capite
354 601 514 672 primi
552 597 841 652 voluminis
873 596 1029 650 dixit.
1107 594 1192 647 Ac
1239 594 1483 666 primum
1521 611 1578 645 se

127 687 294 742 libros
321 684 614 749 Ciceronis,
654 685 749 748 ait,
789 702 900 736 non
940 682 1012 736 ad
1039 681 1286 733 ordinem
1314 679 1575 752 temporis

128 771 377 835 edidisse,
442 772 538 825 sed
590 788 758 842 quem
826 766 1117 821 necessitas
1182 764 1574 837 praescriberet,

126 858 260 915 dum
303 858 600 911 vetuStiora
645 853 981 925 exemplaria
1022 871 1054 906 e
1096 851 1318 906 diversis
1365 858 1421 903 et
1459 851 1576 903 lon-

124 944 343 1015 ginquis
371 943 502 997 locis
529 951 838 996 arcesseret.
917 938 985 992 Id
1014 938 1227 992 videtur
1253 945 1471 992 tantum
1501 936 1573 989 ad

125 1030 364 1103 primum
408 1029 665 1085 volumen
706 1027 994 1099 pertinere,
1033 1025 1088 1077 in
1129 1042 1242 1095 quo
1278 1024 1429 1086 liber,
1474 1020 1573 1093 qui

127 1115 325 1169 Orator
361 1114 690 1175 inscribitur,
731 1111 906 1165 Bruto
961 1110 1285 1182 praepositus
1336 1119 1434 1172 est,
1477 1108 1570 1162 ad-

124 1202 241 1255 dita
277 1199 654 1253 admonitione
687 1197 809 1260 hac,
844 1197 995 1267 quod
1041 1196 1200 1250 Bruti
1236 1197 1573 1271 exemplum,

123 1288 254 1341 dum
286 1286 486 1348 Orator
517 1284 930 1356 exprimeretur,
970 1282 1219 1336 nondum
1259 1281 1570 1335 habuisset:

121 1380 251 1443 nam
280 1372 446 1426 ceteri
484 1371 605 1423 libri
637 1387 827 1422 omnes
855 1387 939 1431 e0,
968 1385 1082 1438 quo
1109 1369 1184 1421 ab
1221 1368 1355 1431 aliis,
1383 1368 1572 1422 ordine

120 1457 177 1510 in
229 1458 451 1530 singulis
497 1456 867 1509 voluminibus
911 1455 1166 1508 collocati
1213 1461 1357 1507 sunt.
1414 1453 1572 1506 Vetu-

118 1546 280 1597 stiora
321 1543 637 1615 exemplaria
681 1551 866 1594 utrum
910 1540 1114 1612 scripta
1160 1541 1447 1614 intelligat,
1498 1560 1572 1595 an

118 1629 362 1682 formulis
406 1627 817 1701 typographicis
860 1627 1154 1698 descripta,
1201 1645 1301 1698 pro
1342 1645 1571 1681 consue-

117 1715 310 1767 tudine
336 1714 550 1767 illorum
578 1722 910 1785 temporum,
939 1728 1066 1784 quae
1100 1720 1154 1766 et
1193 1712 1313 1765 haec
1339 1712 1436 1776 ita,
1458 1710 1570 1765 'Co-

117 1803 265 1860 dices
308 1803 440 1855 item
493 1800 833 1873 appellabat,
877 1799 1093 1852 videtur
1133 1799 1363 1870 intelligi
1409 1816 1568 1871 posse

118 1907 184 1940 ex
226 1887 458 1958 epistola
495 1887 610 1958 ejus
651 1886 721 1938 ad
751 1886 1088 1946 Trivultz'um,
1134 1885 1191 1936 in
1229 1902 1343 1955 qua
1379 1885 1455 1938 sic
1497 1883 1568 1937 de

117 1990 217 2025 sua
248 1991 415 2043 opera
454 1973 715 2042 loquitur,
742 1981 805 2025 ut
844 1971 1017 2042 magis
1043 1969 1203 2024 editis
1231 1988 1403 2040 quam
1442 1969 1569 2024 scri-

115 2057 223 2128 ptis
251 2057 517 2128 exemplis
557 2058 891 2128 singularum
925 2056 1164 2129 partium
1191 2074 1322 2110 usus
1348 2074 1464 2109 esse
1490 2054 1567 2107 vi-

117 2143 328 2205 deatur,
356 2161 557 2215 nempe
586 2161 712 2214 quae
754 2143 935 2215 priora
960 2151 1142 2195 essent
1177 2142 1263 2204 iis,
1288 2159 1415 2212 quae
1446 2149 1562 2196 tum

114 2229 278 2300 vulgo
318 2227 373 2281 in
414 2229 666 2282 manibus
706 2240 1076 2288 versarentur;
1117 2227 1343 2299 vidique
1382 2227 1566 2280 confe-

115 2313 304 2376 rendO,
331 2332 458 2367 eum
486 2316 542 2368 in
574 2315 798 2387 singulis
837 2315 984 2368 libris
1013 2313 1298 2384 quandam
1327 2312 1568 2384 superio-

114 2417 228 2452 rem
255 2399 553 2453 editionem
582 2409 836 2454 secutum
862 2419 998 2464 esse,
1025 2399 1095 2453 de
1135 2417 1249 2471 qua
1286 2400 1343 2452 in
1371 2399 1563 2453 ceteris

115 2484 532 2556 praefationibus
570 2486 846 2541 interdum
887 2486 1097 2557 aliquid
1125 2484 1382 2546 monebO,
1411 2491 1566 2556 pate-

113 2571 308 2641 bitque
336 2572 502 2625 etiam
530 2590 614 2624 res
640 2592 708 2625 ex
735 2572 879 2626 notis
917 2572 1070 2625 meis,
1150 2569 1366 2625 Habuit
1403 2571 1564 2644 hujus

112 2657 429 2728 exemplum
457 2675 487 2710 e
526 2657 860 2711 bibliotheca
900 2655 1262 2729 Lugdunensi
1290 2655 1561 2720 GraeviuS‚

113 2743 208 2796 sed
239 2762 305 2796 eo
332 2743 635 2809 admodum
663 2744 1000 2817 negligenter
1024 2749 1106 2797 est
1131 2761 1278 2797 usus.
1360 2742 1482 2803 Nos
1506 2751 1563 2796 et
1585 2771 1589 2774 ⁴

795 2831 830 2881 b
859 2836 896 2884 4
