1945 3235
573 120 758 159 LIBER
789 119 1062 160 TERTIUS.
1496 123 1549 160 63

108 237 244 286 prope
275 226 516 270 admoveris
546 226 606 278 id,
628 225 746 281 quod
777 233 952 281 oportet
980 222 1132 265 videri.
1193 223 1277 265 Sed
1309 239 1556 281 quanquam

106 286 233 328 facile
260 295 325 327 est
347 286 401 336 ei,
423 284 497 340 qui
521 283 664 340 paullo
687 283 810 339 plura
839 282 1146 337 exploraverit,
1169 283 1365 336 quamvis
1397 283 1556 324 multos

111 353 156 385 et
177 344 355 385 idoneos
377 343 494 383 locos
513 354 788 397 comparare:
814 349 958 380 tamen
982 339 1016 379 si
1039 338 1135 395 quis
1155 338 1208 378 ad
1232 338 1314 379 ista
1337 340 1439 381 satis
1463 340 1557 381 ido-

106 415 211 442 neos
227 401 420 442 invenire
438 413 482 440 se
503 413 591 440 non
615 398 802 455 putabit,
817 397 908 453 ipse
933 396 1015 437 sibi
1031 395 1284 446 constituat,
1299 411 1429 451 quam
1443 398 1558 445 volet

107 458 283 509 multos,
305 457 468 499 licebit.
531 456 757 511 Cogitatio
792 456 908 495 enim
938 454 1136 510 quamvis
1160 453 1385 509 regionem
1412 464 1558 510 potest

108 515 327 572 amplecti,
350 523 393 555 et
416 514 460 554 in
489 527 540 555 ea
571 515 702 554 situm
725 512 809 553 loci
832 512 1059 567 cujusdam
1079 516 1119 547 98
1135 511 1187 552 ad
1211 526 1336 552 suum
1363 526 1558 553 commo-

107 573 213 614 dum
235 582 278 613 et
300 571 526 613 arbitrium
554 570 758 611 fabricari
785 579 829 611 et
855 569 1148 610 architectari.
1212 569 1359 616 Quare
1392 568 1557 621 licebit,

107 631 142 671 si
165 630 436 686 hacpromta
457 629 585 685 copia
605 628 801 669 contenti
816 642 903 668 non
922 628 1096 679 erimus,
1118 626 1408 683 nosmetipsos
1431 627 1558 668 nobis

107 687 376 744 cogitatione
396 697 544 727 nostra
566 686 790 742 regionem
808 685 1088 736 constituere,
1107 694 1151 725 et
1170 684 1425 726 idoneorum
1440 684 1560 726 loco-

106 759 202 786 rum
234 743 632 786 commodissimam
665 743 993 784 distinctionem
1022 756 1289 798 comparare.
1352 741 1421 784 De
1450 742 1557 784 locis

107 802 209 843 satis
231 802 398 843 dictum
420 803 510 844 est:
534 815 650 842 nunc
669 801 723 842 ad
746 801 987 858 imaginum
1009 799 1224 841 rationem
1246 809 1528 842 transeamus.

164 859 387 906 Quoniam
417 874 522 916 ergo
555 873 698 900 rerum
732 859 891 900 similes
918 858 1130 914 imagines
1168 872 1261 899 esse
1291 867 1480 915 oportet,
1512 866 1556 899 et
1570 847 1642 895 20

103 921 145 953 99
158 932 213 959 ex
232 917 435 958 omnibus
458 917 601 959 verbis
623 927 748 958 notas
769 917 897 958 nobis
920 915 1224 957 similitudines
1246 915 1405 972 eligere
1426 916 1617 958 debe-33

105 990 216 1026 mus,
238 975 432 1031 duplices
455 974 760 1016 similitudines
781 989 874 1016 esse
896 974 1082 1025 debent3
1107 988 1203 1015 unae
1228 988 1386 1027 rerum,
1409 973 1556 1016 alterae

107 1033 351 1082 verborum.
422 1032 586 1074 Rerum
622 1032 926 1074 similitudines
960 1032 1279 1088 exprimuntur,
1310 1047 1411 1073 cum
1442 1043 1558 1073 sum-

56 1091 59 1093 ’
105 1091 258 1131 matim
281 1091 475 1146 ipsorum
497 1091 774 1147 negotiorum
809 1090 1021 1146 imagines
1054 1104 1381 1145 comparamus:
1405 1091 1560 1132 verbo·
1572 1095 1603 1126 b·

107 1163 203 1189 rum
226 1148 531 1190 similitudines
555 1148 896 1198 constituuntur,
921 1161 1021 1188 cum
1047 1147 1390 1203 uniuscujusque
1418 1148 1560 1189 nomi-

107 1206 174 1247 nis
204 1214 249 1246 et
269 1205 470 1247 vocabuli
492 1206 703 1247 memoria
735 1205 927 1261 imagine
949 1213 1140 1245 notatur.
1225 1204 1287 1245 'tei
1315 1205 1448 1246 totius
1470 1220 1562 1246 me-

106 1264 290 1305 moriam
321 1278 436 1320 saepe
468 1278 554 1304 una
582 1272 701 1314 nota,
725 1271 769 1303 et
796 1263 987 1318 imagine
1009 1262 1197 1319 simplici
1219 1263 1563 1319 comprehende-

108 1336 218 1373 mus,
241 1321 325 1362 hoc
354 1320 508 1362 modo:
534 1330 582 1362 ut
613 1321 646 1361 si
679 1330 906 1362 accusator
936 1320 1112 1371 dixerit,
1145 1320 1199 1360 ab
1232 1334 1304 1361 reo
1339 1321 1562 1362 hominem

105 1393 273 1419 veneno
304 1387 522 1435 uagatum,
553 1387 598 1419 et
631 1378 885 1419 hereditatis
917 1393 1047 1419 causa
1077 1378 1244 1419 factum
1282 1379 1488 1435 arguerit,
1519 1389 1563 1420 et

110 1436 202 1492 ejus
225 1436 286 1477 rei
311 1436 471 1477 multos
502 1436 664 1477 dixerit
696 1445 826 1476 testes
853 1446 898 1477 et
930 1436 1130 1477 conscios
1161 1450 1274 1478 esse:
1303 1437 1337 1477 si
1369 1437 1453 1478 hoc
1474 1438 1563 1493 pri-

107 1508 243 1546 mum,
267 1502 316 1535 ut
345 1493 399 1535 ad
430 1492 752 1536 defendendum
784 1494 911 1535 nobis
943 1493 1199 1550 expeditum
1223 1494 1292 1546 sit,
1314 1495 1564 1537 meminisse

108 1550 321 1604 volemus3
345 1551 389 1593 in
411 1551 552 1608 primo
569 1552 665 1594 loco
684 1552 746 1593 rei
766 1552 900 1593 totius
915 1551 1152 1608 imaginem
1167 1551 1561 1606 conformabimu53

108 1619 324 1666 aegrotum
346 1609 389 1650 in
421 1610 534 1650 lecto
561 1611 796 1651 cubantem
827 1609 1037 1651 faciemus
1072 1610 1214 1666 ipsum
1241 1610 1378 1662 illum,
1400 1611 1454 1652 de
1476 1626 1564 1667 quo

106 1678 274 1723 agetur,
298 1667 332 1708 si
365 1666 549 1708 formam
580 1667 675 1724 ejus
698 1668 1017 1720 detinebimus;
1046 1668 1080 1708 si
1103 1682 1202 1708 eum
1225 1683 1313 1710 non
1335 1669 1565 1725 agnoveri-

107 1739 218 1775 mus,
247 1725 435 1781 aliquem
469 1736 686 1782 aegrotum
713 1741 801 1768 non
831 1726 885 1767 de
915 1726 1098 1767 minimo
1129 1725 1226 1767 loco
1258 1740 1492 1778 SumemUS,
1515 1738 1565 1769 ut

104 1782 192 1824 cito
211 1783 255 1824 in
278 1793 467 1824 mentem
491 1785 636 1825 venire
660 1783 811 1839 possit,
834 1794 878 1824 et
897 1798 1016 1826 reum
1040 1783 1094 1825 ad
1113 1783 1276 1826 lectum
1295 1784 1389 1840 ejus
1415 1787 1475 1815 100
1487 1785 1565 1827 ad-

107 1840 350 1890 stituemus,
384 1840 539 1882 dextra
570 1842 791 1898 poculum,
827 1841 1001 1883 sinistra
1029 1841 1213 1893 tabulas,
1237 1843 1407 1884 medico
1442 1844 1564 1885 testi-

105 1898 225 1939 culos
247 1898 452 1939 arietinos
484 1909 720 1941 tenentem.
782 1899 884 1941 Hoc
907 1899 1039 1941 modo
1068 1910 1113 1940 et
1143 1900 1335 1952 testium,
1366 1909 1411 1941 et
1439 1901 1562 1943 here-

107 1955 271 2007 ditatis,
295 1966 339 1997 et
359 1971 524 1998 veneno
543 1958 685 1998 necati
707 1957 963 1999 memoriam
984 1957 1143 1999 habere
1161 1958 1415 2014 poterimus.
1446 1959 1468 2001 I
1475 1968 1560 2001 tem
1571 1963 1628 1998 34

105 2012 308 2070 deinceps
340 2024 484 2055 cetera
514 2015 697 2056 crimina
726 2030 782 2056 ex
825 2014 976 2056 ordine
1018 2015 1062 2056 in
1094 2014 1200 2056 locis
1233 2030 1470 2072 ponemus:
1502 2026 1560 2070 et,

104 2071 447 2128 quotiescunque
471 2087 559 2114 rem
583 2073 832 2114 meminisse
854 2072 1063 2123 volemus,
1087 2074 1120 2113 si
1154 2074 1393 2115 formarum
1414 2076 1561 2133 dispo-

105 2129 276 2181 sitione,
307 2139 350 2171 et
372 2130 614 2187 imaginum
647 2131 848 2187 diligenti
879 2131 1106 2172 notatione
1138 2132 1323 2183 utemur,
1347 2132 1476 2174 facile
1497 2149 1562 2184 ea,

104 2201 202 2241 quae
227 2186 434 2240 volemus,
455 2188 665 2230 memoria
687 2203 1020 2244 consequemur.
1065 2188 1179 2231 Cum
1199 2191 1432 2232 verborum
1446 2191 1565 2233 simi-
1579 2184 1647 2232 21

106 2243 310 2286 litudines
334 2246 600 2302 imaginibus
620 2247 866 2302 exprimere
888 2246 1098 2297 volemus,
1122 2248 1217 2303 plus
1240 2248 1406 2304 negotii
1431 2251 1566 2292 susci-

0 2318 11 2383 l
105 2301 289 2357 piemus,
312 2315 356 2344 et
386 2305 526 2360 magis
551 2305 775 2361 ingenium
812 2314 1010 2346 nostrum
1031 2306 1349 2347 exercebimus.
1412 2307 1463 2350 Id
1486 2323 1566 2350 nos

108 2360 190 2401 hoc
218 2362 350 2403 modo
374 2361 515 2404 facere
538 2363 775 2419 oportebit.
838 2362 940 2404 Jam
967 2361 1288 2405 ldomm'tz'onem
1311 2379 1422 2421 reges
1443 2365 1569 2407 Am·-

145 2512 185 2544 98
206 2509 260 2541 Ad
279 2520 378 2542 suum
401 2511 601 2542 commodum
627 2516 657 2543 et
679 2512 814 2544 arbitri-
906 2515 918 2542 1
947 2510 1222 2551 Domuitionem]
1249 2512 1351 2543 Multi
1367 2513 1447 2545 Mss.
1462 2514 1566 2546 etiam

104 2552 187 2592 mm]
215 2552 331 2584 Addidi
354 2555 559 2586 commodum
573 2560 604 2585 et
618 2566 636 2585 e
652 2555 732 2585 Mss.
761 2565 812 2596 ap.
859 2557 964 2585 nostri
974 2555 1220 2586 domiultt'onem
1230 2567 1239 2583 :
1251 2560 1284 2585 et
1294 2557 1340 2586 sie
1353 2556 1426 2587 edd.
1435 2568 1482 2597 pr.
1494 2567 1564 2588 om·

103 2594 254 2626 Oudend.
278 2602 313 2626 et
328 2596 380 2627 ed.
399 2600 490 2631 1474.
516 2602 554 2628 et
567 2597 706 2628 Mediol.
721 2608 771 2638 pr.
859 2606 928 2634 nes,
940 2608 1019 2636 quas
1032 2597 1189 2628 vidimus:
1205 2597 1301 2637 idque
1311 2598 1394 2629 bene
1408 2601 1565 2638 convenit

0 2646 15 2666 ‚³
145 2641 187 2673 99
214 2637 273 2669 Ex·
287 2640 435 2670 omnibus
455 2641 561 2671 verbis
575 2644 670 2671 notas
689 2645 814 2671 nosmet
858 2641 904 2671 rei
928 2645 963 2670 et
977 2640 1126 2680 imagini,
1143 2649 1214 2680 quae
1237 2642 1429 2682 apponitur,
1443 2649 1482 2674 ut
1494 2653 1564 2673 mo—

12 2664 15 2725 l
74 2706 77 2707 γ
104 2679 218 2720 nobis]
245 2680 386 2713 Nosmet
412 2681 538 2714 addunt
560 2683 642 2713 Mss.
680 2688 715 2713 et
740 2683 813 2714 edd.
859 2688 915 2713 net
926 2683 1150 2713 Guilielmius.
1174 2683 1422 2715 Domuitionem
1437 2687 1563 2725 primus

105 2731 154 2762 pr.
170 2721 303 2754 Delevit
312 2723 426 2755 Aldus.
857 2725 960 2756 edidit
973 2726 1141 2756 Victorius
1162 2736 1180 2755 e
1204 2726 1361 2763 Divin.1‚
1390 2730 1443 2759 33.
1470 2728 1563 2759 bene.

149 2766 210 2795 100
231 2765 486 2808 Adstituemus.]
514 2768 645 2800 Primus
669 2768 716 2799 sie
745 2768 812 2799 edi·
858 2778 936 2798 nam
950 2769 1124 2808 respicitur
1137 2768 1179 2799 ad
1193 2778 1317 2800 nomen
1330 2770 1485 2808 Domitii,
1500 2776 1534 2801 et
1547 2781 1565 2801 e

104 2804 153 2836 dit
179 2805 303 2846 Aldus3
337 2811 521 2851 superiores
549 2820 664 2841 omnes
689 2816 811 2842 statue·
859 2811 963 2842 verbis
977 2812 1089 2852 imago
1101 2812 1161 2849 fit;
1177 2811 1264 2851 quod
1274 2811 1482 2845 Guilielmius
1499 2823 1566 2844 non

103 2859 188 2922 mag-5
232 2849 377 2883 Verbum
404 2853 555 2895 nuspiam
572 2854 650 2885 alibi
665 2856 809 2886 occurrit
855 2854 1027 2894 cogitavit.

104 2900 148 2921 mi
176 2902 196 2922 ι.
