1945 3235
349 155 431 189 234
870 152 950 190 DE
983 151 1267 190 ORATORE

355 254 426 295 illa
447 267 611 295 summa
633 256 874 307 veniamus3
905 271 999 311 quae
1022 258 1086 297 vis
1107 257 1188 298 alia
1207 255 1350 313 potuit
1370 263 1444 297 aut
1464 255 1672 312 dispersos
1692 255 1770 297 ho-

355 312 493 353 mines
526 326 655 353 unum
690 314 731 354 in
765 314 902 354 locum
935 327 1210 370 congregare,
1239 324 1313 354 aut
1344 328 1369 353 a
1397 313 1499 363 fera,
1537 314 1775 369 agrestique

356 369 448 409 vita
478 369 529 409 ad
561 370 672 410 hunc
703 370 932 411 humanum
964 371 1123 411 cultum
1155 371 1407 424 civilemque
1435 370 1656 420 deducere,
1686 381 1773 419 aut,

352 424 442 479 jam
466 427 709 467 constitutis
740 427 1001 477 civitatibus,
1033 427 1159 483 leges,
1179 427 1358 481 judicia,
1383 427 1484 480 jura
1509 427 1773 468 describere?

295 482 438 533 34Ac,
478 498 531 523 ne
566 483 698 539 plura,
737 498 831 538 quae
874 494 969 524 sunt
1010 498 1131 539 paene
1171 483 1508 532 innumerabilia,
1542 493 1774 534 consecter,

358 539 714 595 comprehendam
737 540 878 591 brevi3
901 541 961 582 sic
982 541 1093 581 enim
1117 550 1272 591 statuo,
1289 539 1470 596 'perfecti
1488 540 1667 581 oratoris
1686 554 1774 581 mo-

355 597 574 637 deratione
595 606 637 637 et
669 597 875 652 sapientia
896 611 981 637 non
1013 598 1147 638 solum
1179 598 1309 653 ipsius
1340 597 1609 653 dignitatem,
1640 597 1711 637 sed
1732 605 1775 637 et

354 654 618 709 privatorum
661 653 952 708 plurimorum,
984 663 1026 694 et
1065 655 1271 695 universae
1310 654 1556 710 reipublicae
1597 653 1774 694 salutem

354 712 543 751 maxime
564 711 788 751 contineri.
850 711 1141 756 Quamobrem
1174 711 1352 767 pergite,
1383 722 1430 752 ut
1459 710 1614 761 facitiS,
1635 709 1776 751 adole-

355 777 545 808 scentes:
579 777 705 822 atque
735 767 778 808 in
809 767 850 807 id
881 767 1082 817 studium,
1114 767 1155 808 in
1187 783 1270 823 quo
1301 769 1416 818 estis,
1448 767 1699 818 incumbite,
1731 777 1777 807 ut

358 833 401 864 et
432 824 553 865 vobis
587 824 751 874 honori,
782 833 826 864 et
856 825 1002 865 amicis
1036 824 1225 875 utilitati,
1263 833 1306 865 et
1338 824 1582 880 reipublicae
1615 823 1775 864 emolu-

312 876 504 929 9mento
539 894 629 921 csse
665 881 851 936 possitis.
910 882 1019 923 Tum
1057 883 1251 922 Scaevola
1286 882 1478 932 comiter,
1511 890 1558 922 ut
1598 881 1774 931 solebat,

297 947 347 980 35
361 937 527 988 Cetera,
549 938 702 992 inquit,
733 938 938 978 assentior
961 938 1130 988 Crasso,
1153 953 1205 978 nc
1235 948 1309 979 aut
1329 939 1380 979 de
1407 938 1458 979 C.
1484 938 1618 989 Laelii,
1641 938 1773 978 soceri

250 1003 282 1035 1>-
297 995 457 1046 88·mei,
488 1005 560 1035 aut
590 996 642 1035 de
672 994 813 1049 hujuS‚
845 995 1003 1050 generi,
1029 1005 1102 1035 aut
1127 1002 1231 1044 arte,
1263 1004 1336 1035 aut
1368 995 1503 1050 gloria
1529 995 1774 1036 detraham:

317 1048 431 1092 ³²'sed
464 1052 534 1092 illa
562 1051 662 1102 duo,
696 1051 862 1102 Crasse,
892 1053 1101 1102 ‘24vercor‚
1134 1061 1182 1091 ut
1213 1052 1293 1092 tibi
1332 1051 1489 1108 possim
1518 1051 1774 1103 concedere3

357 1123 505 1159 unum,
526 1109 640 1164 quod
671 1109 724 1149 ab
748 1107 986 1148 oratoribus
1008 1108 1202 1149 civitates
1224 1118 1267 1149 ct
1297 1109 1419 1149 initio
1441 1108 1709 1159 constitutas,
1732 1118 1775 1149 et

358 1181 473 1221 saepe
502 1176 771 1206 conservatas
793 1179 883 1206 esse
912 1165 1058 1206 dixisti
1077 1182 1085 1206 :
1117 1165 1310 1216 alterum,
1331 1165 1461 1220 quod,
1482 1174 1645 1206 remoto
1667 1164 1775 1217 foro,

355 1224 579 1273 concione,
607 1222 797 1277 judiciis,
829 1231 991 1272 senatu,
1022 1222 1223 1272 statuisti,
1244 1232 1454 1263 oratorem
1486 1222 1529 1262 in
1556 1221 1674 1262 omni
1703 1235 1777 1277 ge-

294 1291 345 1325 36
359 1294 456 1321 nere
486 1280 690 1320 sermonis
719 1289 761 1320 et
794 1279 1070 1320 humanitatis
1099 1294 1189 1320 esse
1221 1279 1471 1335 perfectum.
1532 1279 1641 1326 Quis
1662 1279 1776 1320 enim

356 1338 436 1378 tibi
459 1337 541 1378 hoc
562 1337 833 1386 concesserit,
854 1345 928 1376 aut
950 1337 1073 1377 initio
1095 1351 1227 1391 genus
1251 1337 1471 1377 hominum
1494 1336 1536 1376 in
1559 1335 1777 1376 montibus

353 1410 404 1435 ac
435 1395 550 1434 silvis
580 1394 847 1450 dissipatum,
878 1407 963 1433 non
994 1393 1266 1449 prudentium
1293 1393 1480 1434 consiliis
1509 1392 1776 1449 compulsum

352 1452 512 1508 potius,
553 1466 680 1506 quam
720 1451 972 1491 disertorum
1015 1451 1206 1491 oratione
1243 1450 1481 1500 delinitum,
1522 1465 1566 1490 se
1606 1450 1775 1506 oppidis

355 1509 657 1563 moenibusque
679 1508 881 1563 sepsisse?
912 1516 985 1547 aut
1007 1521 1106 1547 vero
1126 1507 1306 1562 reliquas
1339 1502 1556 1557 utilitates,
1577 1508 1616 1538 25
1630 1516 1704 1547 aut
1734 1507 1777 1547 in

356 1565 680 1615 constituendis,
702 1573 775 1605 aut
801 1564 1100 1605 conservandis
1129 1564 1375 1605 civitatibus
1405 1578 1492 1604 non
1521 1578 1546 1604 a
1575 1563 1778 1619 sapienti-

359 1624 436 1664 bus
459 1633 500 1663 et
524 1621 704 1664 fortibus
728 1622 842 1671 viris,
864 1621 935 1661 sed
958 1636 982 1661 a
1003 1621 1170 1661 disertis
1191 1631 1234 1661 et
1254 1629 1402 1661 ornate
1427 1620 1668 1661 dicentibus
1688 1634 1778 1661 esse

294 1681 345 1720 37
357 1680 610 1721 constitutas
626 1678 737 1725 ?,-¹An
761 1693 858 1718 vero
882 1678 959 1718 tibi
987 1678 1194 1718 Romulus
1215 1677 1283 1718 ille
1305 1687 1378 1718 aut
1401 1687 1590 1732 pastores
1612 1687 1655 1717 et
1674 1691 1777 1718 con—

353 1752 483 1778 venas
513 1750 810 1792 congregasse,
845 1745 918 1775 aut
954 1735 1208 1775 Sabinorum
1239 1734 1456 1776 connubia
1487 1733 1778 1789 conjunxisse,

352 1792 427 1835 aut
464 1793 743 1834 finitimorum
781 1792 866 1832 vim
906 1792 1150 1847 repressisse
1189 1791 1434 1847 eloquentia
1468 1791 1651 1842 videtur,
1692 1804 1778 1832 non

352 1851 532 1892 consilio
553 1861 596 1891 et
618 1849 827 1905 sapientia
849 1848 1079 1904 singulari?
1112 1848 1230 1895 Quid
1250 1848 1393 1889 enirn?
1415 1847 1457 1888 in
1483 1848 1626 1889 Numa
1649 1847 1778 1888 Pom-

351 1909 471 1965 pilio,
493 1908 623 1963 quid?
654 1907 696 1947 in
720 1906 809 1947 Ser.
831 1905 968 1955 Tullo,
991 1905 1121 1961 quid?
1152 1906 1195 1945 in
1215 1905 1366 1948 ceteris
1390 1905 1577 1960 regibus,
1595 1918 1778 1960 quorum

349 1966 485 2007 multa
517 1973 616 2005 sunt
655 1964 815 2005 eximia
855 1963 906 2003 ad
943 1962 1283 2003 constituendam
1319 1961 1642 2016 rempublicam,
1675 1975 1779 2002 num

350 2023 464 2077 quod
495 2021 748 2077 eloquentiae
784 2020 1012 2075 vestigium
1047 2021 1250 2075 apparet?
1293 2018 1439 2066 Quid?
1469 2019 1634 2059 exactis
1666 2017 1779 2073 regi-

349 2080 444 2130 bus,
467 2079 654 2132 (tametsi
686 2078 821 2133 ipsam
852 2077 1121 2116 exactionem
1154 2085 1310 2126 mente,
1340 2089 1425 2116 non
1456 2074 1618 2130 lingua,
1638 2075 1777 2130 perfe-

350 2146 465 2177 ctam
499 2136 546 2176 L.
572 2135 694 2176 Bruti
724 2147 814 2174 esse
843 2132 1090 2183 cernimus‚)
1111 2133 1183 2173 sed
1212 2132 1413 2188 deinceps
1443 2131 1603 2182 omnia,
1636 2145 1778 2172 nonne

290 2202 340 2238 38
352 2192 477 2250 plena
496 2192 786 2240 consiliorum,
818 2189 960 2230 inania
981 2190 1206 2230 verborum
1237 2189 1456 2230 videmus?
1496 2187 1591 2245 Ego
1615 2202 1713 2229 vero
1743 2188 1779 2229 si

352 2250 478 2291 velim
511 2259 554 2290 et
583 2259 739 2289 nostrae
775 2246 963 2287 civitatis
998 2245 1205 2301 exemplis
1243 2245 1322 2297 uti,
1355 2255 1399 2286 et
1435 2245 1628 2295 aliarum,
1659 2245 1780 2301 plura

348 2308 538 2363 proferre
580 2306 738 2361 possim
780 2303 1036 2344 detrimenta
1077 2301 1259 2358 publicis
1308 2303 1448 2353 rebus,
1488 2316 1616 2357 quam
1656 2301 1778 2356 adju-

347 2373 507 2414 menta,
530 2377 604 2419 per
634 2361 828 2402 homines
850 2359 1218 2414 eloquentissimos
1243 2360 1497 2416 importata:
1528 2359 1616 2409 sed,
1636 2367 1686 2399 ut
1714 2371 1778 2399 re-

347 2421 463 2476 liqua
485 2419 826 2476 praetermittam,
849 2416 1039 2457 omnium
1073 2416 1174 2456 mihi
1200 2416 1360 2465 videor,
1382 2416 1590 2471 exceptiS,
1613 2413 1778 2465 Crasse,

347 2479 471 2518 vobis
503 2477 685 2525 duobus,
717 2473 1087 2530 eloquentissimos
1120 2472 1286 2514 audisse
1317 2472 1385 2514 Ti.
1417 2479 1461 2513 et
1492 2471 1543 2513 C.
1577 2472 1777 2527 Sempro-

347 2535 458 2585 nios,
479 2548 660 2589 quorum
682 2541 815 2587 pater,
837 2531 967 2571 horno
991 2529 1174 2585 prudens
1196 2539 1239 2569 et
1269 2530 1426 2585 gravis,
1450 2528 1779 2583 haudquaquam

347 2591 563 2646 eloquens,
584 2599 627 2630 et
658 2602 770 2644 saepe
801 2588 918 2638 alias,
939 2595 982 2627 et
1015 2586 1202 2627 maxime
1224 2599 1389 2636 censor,
1417 2584 1542 2626 saluti
1573 2583 1779 2641 reipubli-

387 2722 428 2753 24
444 2719 573 2755 Vereor,
595 2723 632 2748 ut
654 2718 710 2748 tibi
729 2715 874 2758 possim]
901 2715 962 2746 Ed.
984 2715 1038 2746 w.
1083 2724 1162 2745 esse.
1196 2713 1377 2754 vulgatum
1393 2717 1442 2744 est
1457 2714 1498 2744 ab
1513 2713 1606 2745 Aldo.

344 2763 436 2794 haud
448 2763 504 2791 tibi
514 2771 642 2801 possum
658 2761 835 2795 concedere,
848 2766 975 2788 servato
990 2764 1040 2788 ta·
1124 2759 1164 2788 25
1191 2757 1260 2787 Aut
1285 2757 1320 2785 in
1345 2756 1457 2794 const]
1496 2756 1610 2788 Addidi
1640 2757 1676 2786 in
1703 2765 1778 2787 eum

343 2814 419 2835 rnen
436 2813 554 2833 vereor.
577 2809 693 2832 ceterae
716 2802 829 2841 primae
850 2810 890 2830 ne
906 2801 962 2830 tibi
980 2802 1038 2830 ἃς.
1085 2798 1229 2834 Pearcio,
1246 2797 1331 2836 quod
1347 2797 1465 2828 delevit
1481 2798 1592 2828 Aldus.
1630 2797 1693 2829 Sed
1706 2797 1779 2828 edd.

344 2847 408 2877 Ms.
424 2845 462 2876 E.
484 2855 594 2875 vereor
611 2848 680 2878 aut,
703 2843 788 2873 unde
811 2852 853 2872 m.
875 2851 937 2872 sec.
961 2842 1039 2872 fecit
1081 2849 1130 2880 pr.
1146 2840 1268 2870 habent
1282 2840 1382 2869 etiam
1398 2841 1638 2876 constituendis,
1653 2844 1691 2869 ut
1713 2839 1777 2870 Ms-

345 2889 445 2920 haud.
486 2888 643 2927 Apparet,
662 2887 822 2917 incertam
843 2884 1038 2925 scripturam
1082 2882 1121 2914 E.
1137 2891 1205 2914 non
1217 2881 1434 2921 instituendis,
1451 2889 1487 2913 ut
1503 2886 1553 2912 est
1575 2883 1610 2913 in
1623 2881 1777 2921 vulgatis.
