1945 3235
471 161 771 202 ORATORIAE
809 159 1179 202 PARTITIONES.
1467 164 1547 207 597

81 270 157 310 a'ut
186 282 316 321 nova,
348 275 424 310 aut
454 269 609 326 prisca,
632 277 708 311 aut
742 269 797 311 ab
827 276 998 309 oratore
1026 267 1279 309 modificata
1306 274 1351 309 et
1381 266 1545 310 inflexa

81 326 432 382 quodammodo:
465 328 609 383 qualia
642 335 741 369 sunt
774 341 838 377 ea,
872 340 970 380 quae
995 325 1324 377 transferuntur,
1355 335 1430 367 aut
1462 327 1542 367 im-

77 393 320 437 mutantur,
347 394 424 426 aut
454 401 518 437 ea,
541 386 699 441 quibus
732 393 952 438 tamquam
984 383 1325 433 abutimu1‚aut
1354 397 1418 435 ea,
1441 399 1539 440 quae

79 442 378 495 obsculamuS,
417 458 515 499 quae
554 441 866 484 incredibiliter
905 439 1111 504 tollimus,
1141 455 1326 496 quaeque
1360 442 1442 482 mir
1445 443 1538 482 abi-

76 498 176 552 lius,
212 515 343 556 quam
374 500 581 542 sennonis
623 498 891 540 consuetudo
926 498 1104 554 patiam,
1135 511 1352 538 ornamus.
1401 499 1453 540 C.
1488 499 1534 541 F.
1550 492 1586 546 6

77 556 239 600 Habeo
261 559 314 600 de
333 558 601 614 simplicibus
624 556 793 598 verbis:
826 571 943 598 nunc
965 557 1018 597 de
1040 555 1352 622 conjunctione
1373 570 1537 610 quaero
1554 570 1601 604 13

79 614 132 656 C.
158 616 210 657 P.
245 617 425 658 Numeri
459 615 635 671 quidam
667 623 768 655 sunt
790 615 834 656 in
866 614 1178 670 conjunctione
1201 613 1414 664 servandi,
1437 628 1542 655 con—

79 675 332 729 secutioque
362 668 608 715 verborum.
671 672 887 714 Numeros
919 687 1042 714 aures
1069 672 1174 728 ipsae
1205 671 1458 723 metiuntur,
1488 686 1544 713 ne

76 742 153 772 aut
185 747 272 774 non
304 731 485 787 comple
478 746 522 772 ι5
555 730 712 783 verbis,
745 730 860 786 quod
896 744 1221 786 ploposueiis,
1210 739 1284 770 aut
1312 729 1540 771 redundes.

74 789 341 831 Consecutio
361 799 522 840 autem,
545 803 598 830 ne
630 789 877 845 generibuS,
900 789 1105 839 numeris,
1132 786 1417 843 temp01ibuS‚
1442 802 1539 843 per-

72 847 205 899 sonis,
237 847 408 889 casibus
436 848 711 904 perturbetur
741 847 896 888 oratio.
958 846 1089 898 Nam,
1113 854 1160 886 ut
1190 845 1233 886 in
1266 845 1537 901 simplicibus

74 905 232 957 verbis,
264 905 381 962 quod
405 920 492 946 non
524 914 589 946 est
613 905 838 946 Latinum:
873 904 997 946 sicin
1024 879 1287 959 coiijunctiS,
1309 903 1426 960 quod
1449 913 1581 945 nonb.

71 971 138 1004 est
160 977 443 1019 consequens,
467 963 800 1019 vituperandum
824 972 903 1004 est.
965 962 1229 1003 Communia
1259 973 1403 1002 autem
1434 962 1598 1003 sim-19

71 1020 251 1078 plicium
287 1021 710 1076 conjunctorumque
733 1029 833 1061 sunt
856 1021 951 1061 hace
981 1020 1175 1076 quinque
1203 1020 1325 1077 quasi
1357 1018 1508 1061 lumin
1498 1036 1537 1072 a,

70 1079 325 1131 dilucidum,
362 1081 505 1130 breve,
551 1078 788 1144 probabile,
833 1078 1010 1129 illustre,
1052 1093 1197 1120 suave.
1279 1077 1539 1125 Dilucidum.

72 1137 123 1178 fit
164 1137 336 1178 usitatis
381 1138 539 1188 verbis,
584 1152 786 1193 propriis,
820 1135 1114 1193 32dispositis‚
1148 1143 1223 1177 aut
1264 1136 1536 1178 circumscri-

70 1195 224 1251 ptione
259 1195 477 1246 conclusa,
508 1205 583 1236 aut
616 1195 950 1245 intermissione,
984 1204 1060 1236 aut
1096 1194 1346 1236 concisione
1385 1195 1539 1236 xcrbo-

67 1266 180 1294 1·.um
243 1252 492 1295 Obscurum
527 1263 686 1305 autem,
710 1262 785 1295 aut
819 1253 1142 1309 longitudine,·
1142 1261 1205 1294 rut
1237 1253 1538 1296 contractione

70 1311 294 1363 orationis,
337 1321 412 1352 aut
452 1311 756 1368 ambiguitate,
788 1320 862 1352 aut
896 1311 1134 1352 inflexione
1170 1320 1301 1366 atque
1333 1311 1555 1352 immuta--

69 1368 190 1410 tione
229 1370 476 1411 verborum.
551 1369 749 1410 Brevitas
792 1378 937 1410 autem
979 1368 1211 1410 conficitur
1265 1368 1538 1425 simplicibus

68 1427 238 1470 verbis:
272 1427 403 1468 semel
426 1441 684 1483 unaquaque
705 1441 750 1467 re
776 1426 973 1478 dicenda,
997 1426 1102 1467 nulli
1135 1427 1210 1478 rei,
1233 1426 1332 1478 nisi,
1354 1436 1402 1468 ut
1424 1427 1539 1475 dilu÷

68 1485 166 1527 cide
183 1485 317 1536 dicas,
341 1484 581 1526 serviendo.
636 1484 870 1526 Probabile
893 1495 1038 1526 autem
1061 1499 1196 1540 genus
1219 1494 1284 1526 est
1308 1485 1535 1538 orationis,

66 1543 103 1584 si
136 1558 225 1584 non
254 1543 384 1584 nimis
426 1551 491 1584 est
525 1552 717 1584 comtum
753 1553 884 1598 atque
924 1543 1184 1598 expolitum,
1219 1543 1253 1584 si
1284 1552 1350 1584 est
1382 1552 1534 1585 aucto-

65 1601 170 1643 ritas
191 1610 236 1643 et
266 1601 436 1657 pondus
460 1601 504 1641 in
529 1600 685 1652 verbis,
717 1600 752 1642 si
785 1601 1012 1642 sententiae
1038 1601 1104 1641 vel
1135 1616 1302 1657 graves,
1326 1601 1393 1642 vel
1414 1612 1530 1657 aptae

66 1659 350 1716 opinionibus
389 1658 616 1700 hominum
647 1668 691 1700 et
728 1659 937 1700 moribus.
1000 1657 1184 1700 Illustris
1216 1669 1358 1700 autem
1390 1661 1596 1702 oratio20

65 1726 145 1770 est,
170 1718 204 1759 si
227 1726 272 1759 ct
294 1717 425 1758 verba
454 1717 669 1773 gravitate
697 1716 865 1758 delecta
897 1727 1134 1774 ponuntur,
1166 1726 1208 1759 et
1242 1716 1461 1770 translata,
1486 1728 1532 1760 et

65 1775 298 1832 superlata,
320 1783 364 1816 et
388 1774 440 1816 ad
463 1789 623 1816 nomen
654 1775 877 1831 adjuncta,
905 1784 949 1816 et
981 1775 1128 1832 duplic
1133 1784 1218 1826 ita,
1250 1785 1295 1816 et
1326 1775 1443 1816 idem
1475 1776 1531 1817 si-

63 1833 337 1891 gnificantia,
371 1842 501 1888 atque
532 1834 586 1874 ab
617 1832 712 1889 ips}
740 1834 913 1875 actione
948 1843 1080 1889 atque
1110 1834 1205 1874 imit
1210 1834 1356 1875 wione
1388 1849 1530 1876 rerum

62 1906 152 1933 non
175 1891 470 1933 abhorrentia.
532 1889 662 1932 33Est
683 1891 800 1932 enim
821 1891 918 1933 haec
941 1906 1039 1948 pars
1062 1891 1286 1956 orationis,
1309 1907 1408 1948 quc
1440 1908 1530 1935 rem

63 1949 305 1991 constituat
326 1963 451 2005 paene
487 1958 587 1989 ante
619 1949 788 1991 oculos:
821 1950 911 1991 34is
933 1964 1051 1990 enim
1081 1950 1271 1990 maxime
1295 1965 1441 1991 sensus
1464 1960 1531 1992 at-

62 2007 274 2064 tingitur:
317 2007 391 2048 sed
424 2006 556 2048 ceteri
587 2015 748 2059 tamen,
783 2016 827 2048 et
859 2007 1052 2048 maxime
1079 2022 1201 2048 mens
1241 2007 1335 2064 ipsa
1361 2009 1530 2050 moveri

62 2075 224 2122 potest.
286 2065 371 2106 Sed
403 2079 500 2120 quae
535 2064 654 2106 (licta
681 2074 782 2107 sunt
811 2065 865 2107 de
898 2065 1095 2107 oratione
1128 2065 1334 2117 dilucida,
1366 2067 1531 2108 cadunt

53 2124 106 2164 ⁴in
129 2124 244 2165 hanc
266 2123 475 2164 illustrem
506 2123 666 2164 omnia.
729 2123 807 2165 Est
835 2123 952 2164 enim
975 2123 1070 2180 plus
1100 2124 1323 2180 aliquanto
1348 2124 1528 2178 illustre,

59 2196 193 2237 quam
212 2181 315 2223 illud
339 2180 593 2222 dilucidum.
616 2181 750 2223 altero
775 2181 838 2233 fit,
862 2190 910 2223 ut
928 2181 1383 2238 i11telliga1nus,altero
1409 2198 1524 2235 κει-ο,

61 2249 111 2281 ut
133 2239 279 2281 videle
301 2238 539 2280 videamur.
601 2238 742 2281 Suave
771 2250 917 2282 antem
948 2254 1085 2296 genus
1111 2254 1170 2281 eri
1178 2250 1194 2281 t
1219 2240 1407 2292 dicendi,
1436 2242 1585 2298 pri-21

59 2312 183 2339 mum
214 2297 432 2353 elegantia
463 2306 506 2337 et
528 2296 808 2352 jucunditate
844 2299 1074 2340 verborum
1105 2299 1354 2339 sonantium
1388 2309 1431 2340 ct
1467 2299 1527 2340 le-

58 2355 208 2398 nium:
241 2355 397 2397 deinde
419 2354 746 2411 conjunctione,
763 2371 862 2413 quae
885 2370 1024 2412 neque
1047 2371 1221 2413 asperos
1241 2356 1280 2397 h·
1273 2357 1400 2398 theat
1423 2371 1528 2398 con-

101 2516 144 2546 32
165 2514 340 2555 dispositis]
361 2514 426 2545 Ms.
441 2515 480 2545 E.
496 2514 687 2555 compositis.
709 2513 773 2545 Sed
815 2524 897 2552 esse,
925 2519 960 2545 et
985 2514 1122 2546 auderet
1152 2515 1315 2554 corrigere
1341 2516 1531 2546 constituae.

58 2557 145 2588 illud
166 2557 302 2588 melius:
329 2568 447 2599 nempe
470 2559 569 2588 verba
592 2556 773 2597 disponun-
817 2558 880 2589 Sed
903 2558 1095 2588 consecutio
1119 2557 1269 2596 legitima
1282 2558 1328 2587 sic
1345 2559 1457 2597 jubet,
1473 2569 1531 2589 cu·

58 2604 117 2630 tur
139 2605 175 2630 et
198 2605 447 2640 componuntur
462 2600 514 2631 vel
534 2610 593 2641 per
608 2599 772 2640 periodos,
810 2601 866 2640 jus
882 2601 996 2632 Cicero
1012 2604 1185 2630 accuratus
1208 2601 1399 2631 observator
1411 2601 1476 2631 fuit
1491 2611 1531 2632 ex

59 2652 134 2682 quae
163 2647 214 2673 est
248 2643 508 2684 circumscriptio
533 2645 698 2679 conclusa,
725 2643 776 2673 vel
820 2643 890 2683 ipso
912 2648 1079 2684 praecepto
1095 2653 1166 2680 suo,
1183 2642 1270 2682 quod
1293 2647 1342 2673 est
1357 2644 1467 2674 inhoc
1483 2645 1532 2684 ip-

59 2695 120 2726 per
143 2685 305 2723 membra,
328 2686 417 2717 unde
441 2687 546 2716 oratio
565 2685 778 2716 mmnbratim
820 2695 855 2716 so
871 2685 990 2726 capite.
1036 2686 1151 2725 ltaque
1175 2686 1253 2716 licet
1274 2686 1308 2715 iu
1331 2685 1395 2715 hoc
1412 2697 1532 2727 genere

47 2727 151 2767 fusa,
168 2737 241 2768 quae
264 2733 315 2758 cst
332 2728 366 2758 h.
383 2728 406 2758 1.
423 2729 634 2765 intermissio,
658 2727 710 2757 vel
724 2727 779 2758 de·
822 2728 1037 2759 correctionis
1053 2737 1127 2758 cum
1143 2727 1264 2759 fidncia.
1278 2729 1411 2759 versari.

61 2771 160 2819 nique
184 2780 243 2811 per
265 2776 434 2802 commata
459 2776 494 2803 et
508 2771 623 2808 incisa,
639 2780 712 2810 qua:
726 2775 778 2801 est
863 2773 904 2801 :34
927 2772 962 2801 Is
976 2781 1002 2800 e.
1027 2781 1053 2801 s.
1077 2772 1223 2802 ‘maxime
1242 2771 1440 2811 attingitur]
1467 2773 1486 2802 i.
1503 2783 1533 2804 e.

60 2814 197 2844 concisio
211 2814 398 2844 veomborum
820 2813 965 2844 afficitur
990 2815 1152 2844 oratione.
1191 2814 1251 2844 Ed.
1266 2815 1350 2846 Vcn.
1367 2815 1453 2844 male
1469 2816 1531 2846 his.

105 2858 146 2886 33
170 2855 351 2896 Est-—quoe
379 2856 583 2896 constituat]
631 2856 665 2886 Si
692 2861 778 2886 esset
821 2855 904 2886 Mox
921 2856 1050 2886 videtur
1064 2856 1220 2887 excidisse
1235 2862 1293 2886 aut
1310 2856 1382 2885 loco
1403 2863 1532 2888 motum

61 2899 98 2928 in
137 2898 229 2928 libris
266 2899 409 2939 vulgatis
438 2900 618 2936 constituit,
657 2904 779 2938 quotus
821 2903 864 2938 et,
888 2902 927 2929 ut
949 2899 1011 2929 sit:
1043 2899 1099 2930 sed
1121 2903 1152 2929 et
1176 2900 1278 2929 ceteri
1306 2903 1434 2937 tamen,
1462 2905 1533 2931 mh·—

62 2940 200 2983 quisque
217 2943 357 2974 sentiret
380 2946 439 2973 aut
461 2942 608 2974 erederet
623 2942 779 2972 vitiosum
821 2942 910 2973 xime
924 2951 1017 2973 mens
1033 2941 1101 2984 ipsa
1116 2952 1160 2972 ιιι.
1178 2952 1208 2982 1».

702 2988 829 3040 oqss
