1945 3235
714 146 994 186 BRUTUS.
1495 151 1572 192 475

132 251 175 293 O
205 264 423 309 magnam,
462 252 616 309 inquit,
646 252 806 294 artem!
853 250 1029 292 Brutus.
1068 246 1280 304 siquidem
1319 252 1427 304 istis,
1468 266 1568 295 cum
1581 257 1660 292 204

131 311 288 351 summi
319 320 460 352 essent
491 319 694 361 oratoreS,
725 309 821 351 duae
853 323 918 350 res
949 307 1170 357 maximae,
1192 307 1324 348 altera
1344 309 1466 350 alteri
1496 309 1570 350 de-

130 366 230 408 fuit.
290 367 436 424 Atque
457 369 500 409 in
522 367 588 408 his
619 367 862 408 oratoribus
894 365 999 406 illud
1032 364 1459 407 animadvertendum
1489 376 1568 420 est,
1583 363 1654 418 56

131 439 257 480 posse
279 440 369 467 esse
392 440 595 476 summos,
612 425 685 479 qui
708 425 819 465 inter
841 437 885 463 se
907 423 994 463 sint
1011 421 1252 462 dissimiles.
1313 421 1437 463 Nihil
1455 424 1571 465 enim

132 490 221 522 tam
252 483 474 535 dissimile,
496 497 625 537 quam
651 481 783 522 Cotta
814 480 1023 536 Sulpicio,
1056 488 1099 520 et
1129 490 1308 534 uterque
1331 480 1570 534 aequalibus

132 540 218 580 suis
250 540 480 595 plurimum
512 538 730 595 praestitit.
794 538 940 585 Quare
961 537 1045 579 hoc
1067 537 1258 578 doctoris
1290 536 1570 592 intelligentis

131 607 210 648 est,
232 598 389 648 videre,
412 611 497 652 quo
520 595 629 636 ferat
649 606 803 636 natura
821 611 897 636 sua
915 609 1149 651 quemque:
1181 604 1224 634 et
1245 609 1295 635 ea
1316 594 1425 635 duce
1448 604 1570 634 uten-

131 664 218 695 tem
241 655 302 695 sic
323 655 561 704 instituere,
585 662 632 694 ut
658 652 895 694 Isocratem
919 654 962 694 in
994 653 1201 693 acerrimo
1230 651 1405 708 ingenio
1427 650 1571 693 Theo-

130 712 296 768 pompi,
326 720 370 752 et
400 711 618 752 lenissimo
654 709 816 767 Ephori
840 711 1001 752 dixisse
1023 710 1228 750 traditum
1262 718 1342 760 est,
1373 709 1493 750 alteri
1527 722 1571 750 se

129 769 313 810 calcaria
332 768 550 819 adhibere,
573 768 693 809 alteri
717 768 876 809 frenos.
937 767 1117 823 Sulpicii
1138 767 1368 818 orationes,
1388 781 1485 822 quae
1508 765 1570 807 fe·
1581 774 1658 809 205

130 835 296 877 runtur,
327 840 397 866 eas
425 835 525 882 post
557 835 741 867 mortem
771 826 864 881 ejus
898 826 1118 881 scripsisse
1142 823 1192 865 P.
1214 823 1425 865 Canutius
1448 834 1571 879 puta·
1652 835 1656 839 “

132 892 214 934 tur,
238 883 413 940 aequalis
435 898 570 935 meus,
592 883 723 925 homo
747 894 870 925 extra
892 893 1085 924 nostrum
1109 882 1319 933 ordinem,
1341 896 1436 923 meo
1454 882 1573 936 judi-

129 940 199 982 cio
220 940 540 983 disertissimus,
603 940 743 997 Ipsius
780 941 962 997 Sulpicii
995 940 1112 982 nulla
1143 939 1281 981 oratio
1315 949 1404 981 est:
1439 954 1572 995 saepe-

129 1012 214 1053 que
234 1012 288 1040 ex
312 1013 363 1040 eo
385 999 546 1050 audivi,
568 1013 667 1040 cum
701 1014 745 1040 se
776 1000 961 1040 scribere
994 1012 1134 1054 neque
1167 1011 1409 1048 consuesse,
1435 1011 1574 1052 neque

129 1069 257 1112 posse
285 1057 461 1098 diceret.
522 1057 667 1098 Cottae
689 1059 731 1087 24
744 1071 821 1113 pro
854 1071 912 1107 se,
946 1056 1040 1112 lege
1068 1056 1210 1106 Varia,
1245 1070 1342 1110 quae
1374 1055 1573 1096 inscribi-

131 1122 216 1165 tur,
237 1129 332 1155 eam
354 1117 393 1146 ⁶25
409 1115 458 1156 L.
477 1114 615 1155 AElius
633 1114 803 1170 scripsit
827 1113 972 1155 Cottae
993 1124 1163 1170 rogatu.
1213 1112 1315 1153 Fuit
1336 1113 1370 1153 is
1393 1113 1572 1154 omnino

130 1171 196 1212 vir
216 1172 431 1228 egregius,
452 1182 495 1214 et
514 1186 642 1228 eques
665 1171 888 1213 Romanus
907 1187 1006 1212 cum
1029 1171 1178 1228 primis
1196 1170 1418 1221 honestus,
1437 1171 1573 1211 idem·

132 1243 216 1284 que
238 1231 551 1271 eruditissimus
580 1238 624 1270 et
658 1228 826 1271 Graecis
856 1229 1025 1281 litteris,
1051 1238 1095 1270 et
1118 1229 1308 1270 Latinis:
1341 1228 1576 1283 antiquita-

130 1287 272 1343 tisque
294 1297 452 1329 nostrae
473 1298 515 1329 et
538 1288 581 1328 in
606 1287 792 1328 inventis
814 1287 957 1338 rebus,
971 1296 1013 1328 et
1031 1288 1074 1328 in
1092 1287 1214 1337 actis,
1230 1286 1576 1342 scriptorumque

130 1354 325 1386 veterum
356 1345 544 1387 litterate
565 1346 742 1401 peritus
775 1360 905 1401 quam
928 1344 1154 1386 scientiam
1178 1343 1315 1385 Varro
1337 1353 1484 1384 noster
1504 1358 1577 1384 ac-

129 1412 301 1458 ceptam
323 1403 377 1443 ab
409 1403 496 1455 illo,
526 1412 783 1458 auctamque
812 1418 890 1459 per
920 1417 1025 1453 sese,
1047 1403 1113 1443 vir
1135 1400 1312 1458 ingenio
1349 1410 1576 1458 praestans,

130 1461 335 1516 omnique
356 1460 567 1512 doctrina,
589 1460 783 1516 pluribus
806 1470 850 1501 et
871 1460 1175 1502 illustrioribus
1198 1459 1351 1500 litteris
1382 1458 1579 1516 explica-

130 1517 208 1559 vit.
270 1518 353 1559 Sed
377 1518 487 1560 idem
508 1518 663 1570 AElius,
683 1518 855 1560 Stoicus
872 1532 963 1559 esse
985 1517 1138 1569 voluit,
1161 1526 1306 1558 orator
1328 1528 1471 1558 autem
1494 1531 1573 1558 nec
1585 1527 1662 1562 206

130 1575 296 1617 studuit
327 1591 545 1632 umquam,
567 1590 646 1616 nec
669 1575 767 1616 fuit.
800 1576 1017 1617 scribebat
1038 1585 1182 1616 tamen
1213 1574 1445 1626 orationes,
1468 1589 1573 1629 quas

131 1633 203 1674 alii
226 1633 420 1674 dicerent
439 1651 449 1686 3
479 1644 529 1674 ut
551 1634 607 1680 Q.
629 1633 810 1674 Metello
834 1633 882 1674 F.
902 1644 951 1674 ut
971 1633 1028 1679 Q.
1054 1633 1271 1689 Caepioni,
1290 1641 1338 1672 ut
1362 1632 1419 1678 Q.
1441 1631 1572 1672 Pom-

131 1691 230 1746 peio
249 1690 393 1732 Rufo:
425 1706 685 1746 quamquam
704 1692 739 1731 is
762 1691 891 1732 etiam
915 1691 1007 1747 ipse
1029 1691 1199 1747 scripsit
1219 1705 1303 1741 eas,
1318 1690 1474 1745 quibus
1496 1704 1573 1745 pro

132 1762 177 1788 se
199 1757 264 1789 est
285 1764 400 1800 usus,
424 1749 495 1790 sed
528 1763 613 1789 non
642 1749 732 1789 sine
755 1749 886 1789 AElio.
947 1749 987 1780 26
1003 1747 1086 1789 His
1108 1749 1223 1789 enim
1248 1747 1418 1803 scriptis
1441 1747 1570 1787 etiam
1585 1758 1663 1797 ⁶307

131 1806 225 1862 ipse
257 1806 448 1858 interfui,
470 1822 568 1848 cum
602 1821 737 1847 essem
770 1807 884 1863 apud
908 1805 1071 1847 AElium
1094 1805 1356 1857 adolescens,
1389 1819 1574 1860 eumque

130 1864 280 1905 audire
318 1864 585 1921 perstudiose
618 1864 812 1905 solerem.
886 1863 1063 1905 Cottam
1096 1873 1240 1904 autem
1272 1863 1419 1914 miror,
1460 1877 1575 1903 sum-

131 1935 252 1962 mum
282 1921 419 1978 ipsum
456 1931 668 1963 oratorem
696 1921 960 1977 minimeque
987 1922 1199 1978 ineptum,
1233 1921 1425 1962 AElianas
1460 1920 1575 1961 leves

132 1979 423 2021 oratiunculas
449 1979 632 2021 voluisse
653 1979 891 2020 existimari
915 1993 1025 2020 suas.
1088 1978 1171 2020 His
1190 1979 1358 2020 duobus
1381 1977 1574 2033 ejusdem
1588 1980 1658 2037 57

133 2037 276 2078 aetatis
315 2038 678 2078 annumerabatur
715 2052 842 2078 nemo
883 2037 1060 2078 tertius:
1114 2036 1187 2077 sed
1229 2036 1337 2077 mihi
1376 2035 1576 2091 placebat

135 2093 404 2151 Pomponius
437 2096 641 2146 maxime,
673 2095 738 2135 vel
770 2095 926 2146 dicam,
950 2094 1128 2135 minime
1159 2094 1431 2150 displicebat.
1491 2093 1578 2134 Lo-

128 2165 209 2193 cus
243 2162 334 2194 erat
363 2154 541 2195 omnino
564 2153 608 2193 in
641 2152 844 2193 maximis
875 2154 1030 2203 causis,
1055 2161 1212 2208 praeter
1233 2166 1320 2203 θος,
1344 2151 1396 2192 de
1418 2152 1576 2207 quibus

139 2225 265 2265 supra
294 2211 401 2261 dixi,
424 2211 608 2252 nemini:
643 2209 870 2265 propterea
891 2211 1007 2266 quod
1032 2209 1266 2261 Antonius,
1289 2210 1362 2264 qui
1386 2209 1578 2250 maxime

131 2269 438 2323 expetebatur,
472 2267 675 2309 facilis‘in
711 2268 850 2309 causis
882 2267 1138 2324 recipiendis
1164 2277 1278 2319 erat3
1312 2267 1578 2308 fastidiosior

136 2325 331 2376 Crassus,
354 2326 426 2367 sed
449 2335 591 2367 tamen
613 2325 863 2381 recipiebat.
883 2325 1037 2366 horum
1061 2326 1134 2381 qui
1154 2335 1354 2366 neutrum
1373 2325 1577 2374 habebat,

134 2383 419 2440 confugiebat
441 2384 495 2424 ad
525 2383 775 2439 Philippum
804 2383 906 2434 fere,
936 2393 1011 2423 aut
1042 2384 1094 2424 ad
1115 2382 1357 2424 Caesarem:
1390 2384 1426 2415 2²7
1445 2381 1578 2422 Cotta

178 2500 219 2530 24
235 2507 299 2538 pro
313 2508 357 2535 se,
372 2499 443 2537 lege
456 2497 573 2535 Varia,
587 2508 641 2538 qu.
662 2497 756 2537 insen]
784 2498 837 2528 Sic
922 2499 961 2531 ‘27
991 2497 1083 2528 Cotta
1108 2501 1140 2526 et
1163 2496 1200 2527 S.
1219 2496 1307 2536 exp]
1333 2496 1497 2527 Viderunt
1518 2496 1578 2526 viri

138 2540 460 2581 interpungendum:
484 2547 535 2571 est
558 2540 740 2580 abruptius,
764 2550 836 2579 pm,
879 2539 981 2576 docti,
1004 2540 1056 2570 hic
1080 2538 1203 2578 aliquid
1229 2539 1350 2576 deesse,
1379 2539 1414 2569 in
1439 2548 1503 2578 quo
1525 2549 1582 2568 ex-

138 2592 209 2619 quae
243 2583 340 2614 inser.
377 2593 436 2624 pro
464 2593 497 2613 se
525 2582 625 2621 dicta,
662 2592 738 2613 cum
765 2582 837 2622 lege
879 2581 1000 2622 plendo
1026 2582 1108 2612 nihil
1129 2582 1202 2611 libri
1220 2584 1354 2621 juvant.
1398 2581 1580 2612 Lambinus

135 2623 235 2654 Varia
248 2635 320 2655 reus
334 2633 428 2656 esset.
878 2625 1006 2665 explet:
1031 2625 1208 2655 seeundum
1226 2624 1319 2655 Phil.
1343 2628 1372 2654 et
1393 2624 1468 2655 Caes.
1492 2623 1579 2662 quod

179 2669 219 2697 25
243 2668 284 2698 L.
300 2668 419 2699 AElius
431 2668 573 2708 scripsit]
592 2668 643 2698 Sic
659 2666 835 2697 reztituiex
877 2667 972 2697 facile
986 2667 1096 2707 potuit
1117 2678 1136 2697 a
1156 2666 1289 2697 librario
1311 2667 1423 2697 omitti
1443 2670 1580 2707 propter

137 2708 209 2739 edd.
233 2709 315 2740 Ven.
339 2711 429 2741 Med.
452 2711 526 2742 ΑΜ.
551 2711 646 2741 dunt.
665 2711 752 2740 Yict.
776 2712 834 2739 &a
877 2709 1126 2740 similitudinem
1142 2709 1310 2746 clausulae,
1326 2716 1365 2739 ut
1387 2719 1453 2740 non
1478 2707 1578 2739 semel

138 2750 260 2782 Scribit
294 2757 344 2783 est
386 2754 502 2784 vitium
546 2752 833 2793 typographieum‚
877 2752 1001 2782 factum
1029 2752 1063 2781 in
1092 2752 1182 2782 libris
1219 2751 1481 2783 animadversum
1515 2755 1578 2780 est.

137 2793 225 2833 quod
251 2804 309 2834 per
337 2796 572 2836 negligentiam
601 2796 765 2826 editorum
801 2795 837 2824 in
883 2794 977 2824 Posui
993 2795 1028 2824 iu
1042 2801 1150 2832 textu,
1167 2801 1206 2824 ut
1227 2803 1340 2825 sensus
1354 2794 1482 2834 integer
1495 2798 1579 2824 esset

138 2835 288 2875 vulgatas
300 2837 441 2878 irrepsit.
879 2836 1078 2876 legentibus,
1094 2837 1150 2867 sed
1172 2837 1289 2868 inclusi
1307 2837 1412 2874 uncis,
1426 2841 1463 2868 ut
1479 2847 1499 2867 a
1512 2845 1581 2865 cer*

181 2879 222 2909 26
243 2879 309 2910 His
322 2890 349 2909 e.
371 2882 500 2920 scriptis
515 2881 580 2921 ipse
602 2879 754 2920 interfui]
773 2880 793 2910 i.
807 2890 835 2909 e.
880 2880 922 2910 tis
936 2879 1203 2920 distingueretur.

138 2930 212 2951 curn
227 2921 455 2953 scriberentur.
