<?xml version="1.0" encoding="UTF-8"?>
<!DOCTYPE html PUBLIC "-//W3C//DTD XHTML 1.0 Transitional//EN"
    "http://www.w3.org/TR/xhtml1/DTD/xhtml1-transitional.dtd">
<html xmlns="http://www.w3.org/1999/xhtml" xml:lang="en" lang="en">
 <head>
  <title>
</title>
<meta http-equiv="Content-Type" content="text/html;charset=utf-8" />
  <meta name='ocr-system' content='tesseract 3.04.00' />
  <meta name='ocr-capabilities' content='ocr_page ocr_carea ocr_par ocr_line ocrx_word'/>
</head>
<body>
  <div class='ocr_page' id='page_1' title='image "./operaomnia01ciceuoft/operaomnia01ciceuoft_0207.png"; bbox 0 0 1945 3235; ppageno 0'>
   <div class='ocr_carea' id='block_1_1' title="bbox 683 120 1619 165">
    <p class='ocr_par' dir='ltr' id='par_1_1' title="bbox 683 120 1619 165">
     <span class='ocr_line' id='line_1_1' title="bbox 683 120 1619 165; baseline -0.001 -5"><span class='ocrx_word' id='word_1_1' title='bbox 683 120 869 160; x_wconf 81' lang='lat' dir='ltr'>LIBER</span> <span class='ocrx_word' id='word_1_2' title='bbox 899 120 1140 159; x_wconf 85' lang='lat' dir='ltr'><strong>PRIMUS.</strong></span> <span class='ocrx_word' id='word_1_3' title='bbox 1549 128 1619 165; x_wconf 82' lang='lat'>185</span> 
     </span>
    </p>
   </div>
   <div class='ocr_carea' id='block_1_2' title="bbox 176 219 1701 2571">
    <p class='ocr_par' dir='ltr' id='par_1_2' title="bbox 189 219 1622 611">
     <span class='ocr_line' id='line_1_2' title="bbox 198 219 1622 283; baseline 0.001 -14"><span class='ocrx_word' id='word_1_4' title='bbox 198 225 299 269; x_wconf 82' lang='lat' dir='ltr'>Hoc</span> <span class='ocrx_word' id='word_1_5' title='bbox 317 226 361 268; x_wconf 90' lang='lat' dir='ltr'>in</span> <span class='ocrx_word' id='word_1_6' title='bbox 379 240 533 283; x_wconf 85' lang='lat' dir='ltr'>genere</span> <span class='ocrx_word' id='word_1_7' title='bbox 550 224 804 267; x_wconf 86' lang='lat' dir='ltr'>narrationis</span> <span class='ocrx_word' id='word_1_8' title='bbox 821 219 955 265; x_wconf 82' lang='lat' dir='ltr'>multa</span> <span class='ocrx_word' id='word_1_9' title='bbox 967 223 1104 264; x_wconf 85' lang='lat' dir='ltr'>inesse</span> <span class='ocrx_word' id='word_1_10' title='bbox 1123 223 1251 265; x_wconf 88' lang='lat' dir='ltr'>debet</span> <span class='ocrx_word' id='word_1_11' title='bbox 1272 224 1496 279; x_wconf 68' lang='lat' dir='ltr'>festivitas,</span> <span class='ocrx_word' id='word_1_12' title='bbox 1519 244 1622 270; x_wconf 75' lang='lat' dir='ltr'>eon—</span> 
     </span>
     <span class='ocr_line' id='line_1_3' title="bbox 196 280 1622 341; baseline -0.004 -16"><span class='ocrx_word' id='word_1_13' title='bbox 196 284 310 326; x_wconf 82' lang='lat' dir='ltr'>fecta</span> <span class='ocrx_word' id='word_1_14' title='bbox 330 298 383 325; x_wconf 89' lang='lat' dir='ltr'>ex</span> <span class='ocrx_word' id='word_1_15' title='bbox 407 297 545 326; x_wconf 90' lang='lat' dir='ltr'>rerum</span> <span class='ocrx_word' id='word_1_16' title='bbox 579 282 797 333; x_wconf 86' lang='lat' dir='ltr'>varietate,</span> <span class='ocrx_word' id='word_1_17' title='bbox 823 282 1064 322; x_wconf 85' lang='lat' dir='ltr'>animorum</span> <span class='ocrx_word' id='word_1_18' title='bbox 1097 280 1459 335; x_wconf 81' lang='lat' dir='ltr'>dissimilitudine,</span> <span class='ocrx_word' id='word_1_19' title='bbox 1481 288 1622 341; x_wconf 71' lang='lat' dir='ltr'>gravi-</span> 
     </span>
     <span class='ocr_line' id='line_1_4' title="bbox 193 337 1620 395; baseline -0.001 -13"><span class='ocrx_word' id='word_1_20' title='bbox 193 350 296 393; x_wconf 81' lang='lat' dir='ltr'>tate,</span> <span class='ocrx_word' id='word_1_21' title='bbox 329 341 517 391; x_wconf 86' lang='lat' dir='ltr'>lenitate,</span> <span class='ocrx_word' id='word_1_22' title='bbox 548 354 637 395; x_wconf 87' lang='lat' dir='ltr'>spe,</span> <span class='ocrx_word' id='word_1_23' title='bbox 668 349 801 390; x_wconf 90' lang='lat' dir='ltr'>metu,</span> <span class='ocrx_word' id='word_1_24' title='bbox 833 338 1090 394; x_wconf 83' lang='lat' dir='ltr'>suspicione,</span> <span class='ocrx_word' id='word_1_25' title='bbox 1128 337 1354 389; x_wconf 82' lang='lat' dir='ltr'>desiderio,</span> <span class='ocrx_word' id='word_1_26' title='bbox 1382 339 1620 384; x_wconf 73' lang='lat' dir='ltr'>dissimula.</span> 
     </span>
     <span class='ocr_line' id='line_1_5' title="bbox 193 395 1619 452; baseline 0.001 -12"><span class='ocrx_word' id='word_1_27' title='bbox 193 398 325 450; x_wconf 85' lang='lat' dir='ltr'>tione,</span> <span class='ocrx_word' id='word_1_28' title='bbox 347 411 500 448; x_wconf 89' lang='lat' dir='ltr'>errore,</span> <span class='ocrx_word' id='word_1_29' title='bbox 514 396 819 447; x_wconf 82' lang='lat' dir='ltr'>misericordia,</span> <span class='ocrx_word' id='word_1_30' title='bbox 832 395 1017 436; x_wconf 87' lang='lat' dir='ltr'>fortunae</span> <span class='ocrx_word' id='word_1_31' title='bbox 1037 396 1390 446; x_wconf 88' lang='lat' dir='ltr'>commutatione,</span> <span class='ocrx_word' id='word_1_32' title='bbox 1404 395 1619 452; x_wconf 86' lang='lat' dir='ltr'>insperato</span> 
     </span>
     <span class='ocr_line' id='line_1_6' title="bbox 193 452 1618 507; baseline 0 -10"><span class='ocrx_word' id='word_1_33' title='bbox 193 454 483 505; x_wconf 87' lang='lat' dir='ltr'>incommodo,</span> <span class='ocrx_word' id='word_1_34' title='bbox 513 454 656 495; x_wconf 90' lang='lat' dir='ltr'>subita</span> <span class='ocrx_word' id='word_1_35' title='bbox 683 453 850 503; x_wconf 86' lang='lat' dir='ltr'>laetitia,</span> <span class='ocrx_word' id='word_1_36' title='bbox 873 452 1070 507; x_wconf 86' lang='lat' dir='ltr'>jucundo</span> <span class='ocrx_word' id='word_1_37' title='bbox 1100 452 1218 493; x_wconf 78' lang='lat' dir='ltr'>exitu</span> <span class='ocrx_word' id='word_1_38' title='bbox 1244 466 1399 493; x_wconf 85' lang='lat' dir='ltr'>rerum.</span> <span class='ocrx_word' id='word_1_39' title='bbox 1460 453 1618 497; x_wconf 87' lang='lat' dir='ltr'>Verum</span> 
     </span>
     <span class='ocr_line' id='line_1_7' title="bbox 189 509 1619 567; baseline -0.002 -12"><span class='ocrx_word' id='word_1_40' title='bbox 189 510 287 555; x_wconf 80' lang='lat' dir='ltr'>haec</span> <span class='ocrx_word' id='word_1_41' title='bbox 309 527 363 553; x_wconf 89' lang='lat' dir='ltr'>ex</span> <span class='ocrx_word' id='word_1_42' title='bbox 396 511 476 562; x_wconf 84' lang='lat' dir='ltr'>his,</span> <span class='ocrx_word' id='word_1_43' title='bbox 498 526 595 566; x_wconf 86' lang='lat' dir='ltr'>quae</span> <span class='ocrx_word' id='word_1_44' title='bbox 625 519 775 567; x_wconf 85' lang='lat' dir='ltr'>postea</span> <span class='ocrx_word' id='word_1_45' title='bbox 795 510 848 551; x_wconf 91' lang='lat' dir='ltr'>de</span> <span class='ocrx_word' id='word_1_46' title='bbox 879 509 1121 550; x_wconf 82' lang='lat' dir='ltr'>elocutione</span> <span class='ocrx_word' id='word_1_47' title='bbox 1152 509 1472 566; x_wconf 86' lang='lat' dir='ltr'>praecipientur,</span> <span class='ocrx_word' id='word_1_48' title='bbox 1495 525 1619 552; x_wconf 82' lang='lat' dir='ltr'>orna-</span> 
     </span>
     <span class='ocr_line' id='line_1_8' title="bbox 189 577 590 611; baseline -0.01 0"><span class='ocrx_word' id='word_1_49' title='bbox 189 578 337 611; x_wconf 87' lang='lat' dir='ltr'>menta</span> <span class='ocrx_word' id='word_1_50' title='bbox 358 577 590 609; x_wconf 89' lang='lat' dir='ltr'>sumentur.</span> 
     </span>
    </p>

    <p class='ocr_par' dir='ltr' id='par_1_3' title="bbox 176 625 1701 2571">
     <span class='ocr_line' id='line_1_9' title="bbox 249 625 1678 682; baseline 0 -14"><span class='ocrx_word' id='word_1_51' title='bbox 249 627 377 668; x_wconf 91' lang='lat' dir='ltr'>Nunc</span> <span class='ocrx_word' id='word_1_52' title='bbox 406 625 458 669; x_wconf 84' lang='lat' dir='ltr'>de</span> <span class='ocrx_word' id='word_1_53' title='bbox 490 625 732 669; x_wconf 78' lang='lat' dir='ltr'>narratione</span> <span class='ocrx_word' id='word_1_54' title='bbox 762 639 825 677; x_wconf 85' lang='lat' dir='ltr'>ea,</span> <span class='ocrx_word' id='word_1_55' title='bbox 855 639 952 680; x_wconf 81' lang='lat' dir='ltr'>quae</span> <span class='ocrx_word' id='word_1_56' title='bbox 985 639 1125 666; x_wconf 83' lang='lat' dir='ltr'>causae</span> <span class='ocrx_word' id='word_1_57' title='bbox 1157 625 1350 666; x_wconf 87' lang='lat' dir='ltr'>continet</span> <span class='ocrx_word' id='word_1_58' title='bbox 1381 625 1678 682; x_wconf 72' lang='lat' dir='ltr'>expositio-28</span> 
     </span>
     <span class='ocr_line' id='line_1_10' title="bbox 187 681 1701 738; baseline 0.001 -13"><span class='ocrx_word' id='word_1_59' title='bbox 187 698 300 734; x_wconf 84' lang='lat' dir='ltr'>nem,</span> <span class='ocrx_word' id='word_1_60' title='bbox 329 682 558 724; x_wconf 85' lang='lat' dir='ltr'>dicendum</span> <span class='ocrx_word' id='word_1_61' title='bbox 586 683 769 724; x_wconf 86' lang='lat' dir='ltr'>videtur.</span> <span class='ocrx_word' id='word_1_62' title='bbox 831 681 1018 738; x_wconf 87' lang='lat' dir='ltr'>Oportet</span> <span class='ocrx_word' id='word_1_63' title='bbox 1059 682 1191 738; x_wconf 86' lang='lat' dir='ltr'>igitur</span> <span class='ocrx_word' id='word_1_64' title='bbox 1222 696 1316 722; x_wconf 84' lang='lat' dir='ltr'>eam</span> <span class='ocrx_word' id='word_1_65' title='bbox 1349 691 1433 724; x_wconf 87' lang='lat' dir='ltr'>tres</span> <span class='ocrx_word' id='word_1_66' title='bbox 1461 684 1617 727; x_wconf 85' lang='lat' dir='ltr'>habere</span> <span class='ocrx_word' id='word_1_67' title='bbox 1630 681 1701 730; x_wconf 67' lang='lat'>20</span> 
     </span>
     <span class='ocr_line' id='line_1_11' title="bbox 189 739 1618 797; baseline 0 -15"><span class='ocrx_word' id='word_1_68' title='bbox 189 755 276 783; x_wconf 86' lang='lat' dir='ltr'>res:</span> <span class='ocrx_word' id='word_1_69' title='bbox 309 748 357 780; x_wconf 87' lang='lat' dir='ltr'>ut</span> <span class='ocrx_word' id='word_1_70' title='bbox 380 740 532 791; x_wconf 77' lang='lat' dir='ltr'>brevis,</span> <span class='ocrx_word' id='word_1_71' title='bbox 551 748 600 781; x_wconf 88' lang='lat' dir='ltr'>ut</span> <span class='ocrx_word' id='word_1_72' title='bbox 630 748 791 797; x_wconf 87' lang='lat' dir='ltr'>aperta,</span> <span class='ocrx_word' id='word_1_73' title='bbox 813 748 860 781; x_wconf 88' lang='lat' dir='ltr'>ut</span> <span class='ocrx_word' id='word_1_74' title='bbox 883 739 1117 795; x_wconf 86' lang='lat' dir='ltr'>probabilis</span> <span class='ocrx_word' id='word_1_75' title='bbox 1149 739 1218 779; x_wconf 87' lang='lat' dir='ltr'>sit.</span> <span class='ocrx_word' id='word_1_76' title='bbox 1279 739 1428 781; x_wconf 89' lang='lat' dir='ltr'>Brevis</span> <span class='ocrx_word' id='word_1_77' title='bbox 1451 742 1545 793; x_wconf 90' lang='lat' dir='ltr'>erit,</span> <span class='ocrx_word' id='word_1_78' title='bbox 1568 743 1618 794; x_wconf 90' lang='lat' dir='ltr'>si,</span> 
     </span>
     <span class='ocr_line' id='line_1_12' title="bbox 190 797 1619 849; baseline 0.001 -10"><span class='ocrx_word' id='word_1_79' title='bbox 190 798 302 839; x_wconf 90' lang='lat' dir='ltr'>unde</span> <span class='ocrx_word' id='word_1_80' title='bbox 323 811 493 839; x_wconf 87' lang='lat' dir='ltr'>necesse</span> <span class='ocrx_word' id='word_1_81' title='bbox 511 806 590 849; x_wconf 89' lang='lat' dir='ltr'>est,</span> <span class='ocrx_word' id='word_1_82' title='bbox 612 797 710 838; x_wconf 90' lang='lat' dir='ltr'>inde</span> <span class='ocrx_word' id='word_1_83' title='bbox 730 797 902 838; x_wconf 87' lang='lat' dir='ltr'>initium</span> <span class='ocrx_word' id='word_1_84' title='bbox 921 805 1125 847; x_wconf 85' lang='lat' dir='ltr'>sumetur,</span> <span class='ocrx_word' id='word_1_85' title='bbox 1144 805 1187 838; x_wconf 90' lang='lat' dir='ltr'>et</span> <span class='ocrx_word' id='word_1_86' title='bbox 1205 811 1291 838; x_wconf 91' lang='lat' dir='ltr'>non</span> <span class='ocrx_word' id='word_1_87' title='bbox 1310 798 1364 838; x_wconf 89' lang='lat' dir='ltr'>ab</span> <span class='ocrx_word' id='word_1_88' title='bbox 1386 798 1536 839; x_wconf 86' lang='lat' dir='ltr'>ultimo</span> <span class='ocrx_word' id='word_1_89' title='bbox 1554 814 1619 840; x_wconf 90' lang='lat' dir='ltr'>re-</span> 
     </span>
     <span class='ocr_line' id='line_1_13' title="bbox 183 854 1619 911; baseline 0.001 -15"><span class='ocrx_word' id='word_1_90' title='bbox 183 863 371 911; x_wconf 83' lang='lat' dir='ltr'>petetur,</span> <span class='ocrx_word' id='word_1_91' title='bbox 389 861 433 895; x_wconf 88' lang='lat' dir='ltr'>et</span> <span class='ocrx_word' id='word_1_92' title='bbox 453 854 488 895; x_wconf 90' lang='lat' dir='ltr'>si</span> <span class='ocrx_word' id='word_1_93' title='bbox 507 855 630 910; x_wconf 82' lang='lat' dir='ltr'>cujus</span> <span class='ocrx_word' id='word_1_94' title='bbox 643 855 702 895; x_wconf 88' lang='lat' dir='ltr'>rei</span> <span class='ocrx_word' id='word_1_95' title='bbox 722 854 823 895; x_wconf 88' lang='lat' dir='ltr'>satis</span> <span class='ocrx_word' id='word_1_96' title='bbox 842 854 921 895; x_wconf 92' lang='lat' dir='ltr'>erit</span> <span class='ocrx_word' id='word_1_97' title='bbox 937 869 1147 895; x_wconf 85' lang='lat' dir='ltr'>summam</span> <span class='ocrx_word' id='word_1_98' title='bbox 1170 855 1344 905; x_wconf 82' lang='lat' dir='ltr'>dixisse,</span> <span class='ocrx_word' id='word_1_99' title='bbox 1366 855 1458 910; x_wconf 78' lang='lat' dir='ltr'>ejus</span> <span class='ocrx_word' id='word_1_100' title='bbox 1478 866 1619 911; x_wconf 80' lang='lat' dir='ltr'>partes</span> 
     </span>
     <span class='ocr_line' id='line_1_14' title="bbox 185 911 1618 967; baseline 0.001 -13"><span class='ocrx_word' id='word_1_101' title='bbox 185 927 273 954; x_wconf 88' lang='lat' dir='ltr'>non</span> <span class='ocrx_word' id='word_1_102' title='bbox 295 911 504 953; x_wconf 89' lang='lat' dir='ltr'>dicentur.</span> <span class='ocrx_word' id='word_1_103' title='bbox 531 927 631 953; x_wconf 88' lang='lat' dir='ltr'>nam</span> <span class='ocrx_word' id='word_1_104' title='bbox 654 926 768 967; x_wconf 87' lang='lat' dir='ltr'>saepe</span> <span class='ocrx_word' id='word_1_105' title='bbox 802 912 903 952; x_wconf 88' lang='lat' dir='ltr'>satis</span> <span class='ocrx_word' id='word_1_106' title='bbox 939 921 1017 962; x_wconf 89' lang='lat' dir='ltr'>est,</span> <span class='ocrx_word' id='word_1_107' title='bbox 1048 911 1152 967; x_wconf 91' lang='lat' dir='ltr'>quid</span> <span class='ocrx_word' id='word_1_108' title='bbox 1174 911 1339 953; x_wconf 85' lang='lat' dir='ltr'>factum</span> <span class='ocrx_word' id='word_1_109' title='bbox 1360 913 1429 964; x_wconf 88' lang='lat' dir='ltr'>sit,</span> <span class='ocrx_word' id='word_1_110' title='bbox 1452 913 1618 966; x_wconf 90' lang='lat' dir='ltr'>dicere;</span> 
     </span>
     <span class='ocr_line' id='line_1_15' title="bbox 185 968 1618 1026; baseline 0.001 -15"><span class='ocrx_word' id='word_1_111' title='bbox 185 984 272 1011; x_wconf 89' lang='lat' dir='ltr'>non</span> <span class='ocrx_word' id='word_1_112' title='bbox 295 978 343 1010; x_wconf 92' lang='lat' dir='ltr'>ut</span> <span class='ocrx_word' id='word_1_113' title='bbox 372 983 555 1019; x_wconf 81' lang='lat' dir='ltr'>enarres,</span> <span class='ocrx_word' id='word_1_114' title='bbox 584 969 948 1026; x_wconf 83' lang='lat' dir='ltr'>quemadmodum</span> <span class='ocrx_word' id='word_1_115' title='bbox 979 969 1034 1009; x_wconf 88' lang='lat' dir='ltr'>sit</span> <span class='ocrx_word' id='word_1_116' title='bbox 1066 968 1251 1010; x_wconf 83' lang='lat' dir='ltr'>factum:</span> <span class='ocrx_word' id='word_1_117' title='bbox 1283 978 1326 1010; x_wconf 87' lang='lat' dir='ltr'>et</span> <span class='ocrx_word' id='word_1_118' title='bbox 1360 970 1393 1010; x_wconf 90' lang='lat' dir='ltr'>si</span> <span class='ocrx_word' id='word_1_119' title='bbox 1416 985 1502 1011; x_wconf 92' lang='lat' dir='ltr'>non</span> <span class='ocrx_word' id='word_1_120' title='bbox 1525 970 1618 1012; x_wconf 87' lang='lat' dir='ltr'>lon-</span> 
     </span>
     <span class='ocr_line' id='line_1_16' title="bbox 186 1026 1618 1083; baseline 0.001 -15"><span class='ocrx_word' id='word_1_121' title='bbox 186 1027 298 1083; x_wconf 83' lang='lat' dir='ltr'>gius,</span> <span class='ocrx_word' id='word_1_122' title='bbox 320 1028 498 1083; x_wconf 82' lang='lat' dir='ltr'>6¹quam</span> <span class='ocrx_word' id='word_1_123' title='bbox 520 1028 636 1083; x_wconf 87' lang='lat' dir='ltr'>quod</span> <span class='ocrx_word' id='word_1_124' title='bbox 668 1026 778 1067; x_wconf 88' lang='lat' dir='ltr'>scitu</span> <span class='ocrx_word' id='word_1_125' title='bbox 807 1041 916 1082; x_wconf 90' lang='lat' dir='ltr'>opus</span> <span class='ocrx_word' id='word_1_126' title='bbox 938 1035 1017 1077; x_wconf 86' lang='lat' dir='ltr'>est,</span> <span class='ocrx_word' id='word_1_127' title='bbox 1039 1026 1083 1067; x_wconf 90' lang='lat' dir='ltr'>in</span> <span class='ocrx_word' id='word_1_128' title='bbox 1105 1027 1316 1080; x_wconf 86' lang='lat' dir='ltr'>narrando</span> <span class='ocrx_word' id='word_1_129' title='bbox 1339 1028 1618 1083; x_wconf 87' lang='lat' dir='ltr'>procedetur:</span> 
     </span>
     <span class='ocr_line' id='line_1_17' title="bbox 186 1082 1622 1136; baseline 0.002 -12"><span class='ocrx_word' id='word_1_130' title='bbox 186 1092 231 1125; x_wconf 86' lang='lat' dir='ltr'>et</span> <span class='ocrx_word' id='word_1_131' title='bbox 252 1086 286 1125; x_wconf 85' lang='lat' dir='ltr'>si</span> <span class='ocrx_word' id='word_1_132' title='bbox 308 1084 468 1125; x_wconf 86' lang='lat' dir='ltr'>nullam</span> <span class='ocrx_word' id='word_1_133' title='bbox 491 1084 535 1125; x_wconf 87' lang='lat' dir='ltr'>in</span> <span class='ocrx_word' id='word_1_134' title='bbox 565 1098 653 1125; x_wconf 90' lang='lat' dir='ltr'>rem</span> <span class='ocrx_word' id='word_1_135' title='bbox 682 1083 808 1124; x_wconf 87' lang='lat' dir='ltr'>aliam</span> <span class='ocrx_word' id='word_1_136' title='bbox 842 1082 1115 1131; x_wconf 67' lang='lat' dir='ltr'>transibitur:</span> <span class='ocrx_word' id='word_1_137' title='bbox 1147 1092 1190 1124; x_wconf 89' lang='lat' dir='ltr'>et</span> <span class='ocrx_word' id='word_1_138' title='bbox 1220 1085 1253 1124; x_wconf 89' lang='lat' dir='ltr'>si</span> <span class='ocrx_word' id='word_1_139' title='bbox 1288 1085 1350 1126; x_wconf 86' lang='lat' dir='ltr'>ita</span> <span class='ocrx_word' id='word_1_140' title='bbox 1371 1084 1551 1136; x_wconf 90' lang='lat' dir='ltr'>dicetur,</span> <span class='ocrx_word' id='word_1_141' title='bbox 1573 1096 1622 1127; x_wconf 86' lang='lat' dir='ltr'>ut</span> 
     </span>
     <span class='ocr_line' id='line_1_18' title="bbox 186 1140 1620 1197; baseline 0.001 -14"><span class='ocrx_word' id='word_1_142' title='bbox 186 1156 511 1197; x_wconf 80' lang='lat' dir='ltr'>nonnumquam</span> <span class='ocrx_word' id='word_1_143' title='bbox 531 1156 586 1183; x_wconf 82' lang='lat' dir='ltr'>ex</span> <span class='ocrx_word' id='word_1_144' title='bbox 609 1156 674 1192; x_wconf 92' lang='lat' dir='ltr'>eo,</span> <span class='ocrx_word' id='word_1_145' title='bbox 693 1140 809 1196; x_wconf 91' lang='lat' dir='ltr'>quod</span> <span class='ocrx_word' id='word_1_146' title='bbox 837 1140 1002 1181; x_wconf 83' lang='lat' dir='ltr'>dictum</span> <span class='ocrx_word' id='word_1_147' title='bbox 1037 1140 1106 1191; x_wconf 88' lang='lat' dir='ltr'>sit,</span> <span class='ocrx_word' id='word_1_148' title='bbox 1128 1140 1186 1191; x_wconf 87' lang='lat' dir='ltr'>id,</span> <span class='ocrx_word' id='word_1_149' title='bbox 1207 1142 1323 1195; x_wconf 90' lang='lat' dir='ltr'>quod</span> <span class='ocrx_word' id='word_1_150' title='bbox 1346 1142 1510 1183; x_wconf 88' lang='lat' dir='ltr'>dictum</span> <span class='ocrx_word' id='word_1_151' title='bbox 1532 1157 1620 1184; x_wconf 91' lang='lat' dir='ltr'>non</span> 
     </span>
     <span class='ocr_line' id='line_1_19' title="bbox 186 1197 1619 1254; baseline 0.001 -15"><span class='ocrx_word' id='word_1_152' title='bbox 186 1199 255 1250; x_wconf 88' lang='lat' dir='ltr'>sit,</span> <span class='ocrx_word' id='word_1_153' title='bbox 285 1198 572 1254; x_wconf 83' lang='lat' dir='ltr'>intelligatur:</span> <span class='ocrx_word' id='word_1_154' title='bbox 605 1206 648 1239; x_wconf 88' lang='lat' dir='ltr'>et</span> <span class='ocrx_word' id='word_1_155' title='bbox 681 1198 715 1238; x_wconf 91' lang='lat' dir='ltr'>si</span> <span class='ocrx_word' id='word_1_156' title='bbox 748 1211 835 1238; x_wconf 89' lang='lat' dir='ltr'>non</span> <span class='ocrx_word' id='word_1_157' title='bbox 874 1197 1004 1237; x_wconf 89' lang='lat' dir='ltr'>modo</span> <span class='ocrx_word' id='word_1_158' title='bbox 1039 1197 1096 1248; x_wconf 89' lang='lat' dir='ltr'>id,</span> <span class='ocrx_word' id='word_1_159' title='bbox 1139 1198 1254 1252; x_wconf 93' lang='lat' dir='ltr'>quod</span> <span class='ocrx_word' id='word_1_160' title='bbox 1297 1199 1435 1250; x_wconf 83' lang='lat' dir='ltr'>obest,</span> <span class='ocrx_word' id='word_1_161' title='bbox 1472 1214 1619 1241; x_wconf 88' lang='lat' dir='ltr'>verum</span> 
     </span>
     <span class='ocr_line' id='line_1_20' title="bbox 184 1253 1619 1311; baseline 0.001 -15"><span class='ocrx_word' id='word_1_162' title='bbox 184 1256 394 1307; x_wconf 80' lang='lat' dir='ltr'>etiamid,</span> <span class='ocrx_word' id='word_1_163' title='bbox 417 1255 532 1311; x_wconf 91' lang='lat' dir='ltr'>quod</span> <span class='ocrx_word' id='word_1_164' title='bbox 561 1270 641 1297; x_wconf 91' lang='lat' dir='ltr'>nec</span> <span class='ocrx_word' id='word_1_165' title='bbox 674 1255 811 1306; x_wconf 88' lang='lat' dir='ltr'>obest,</span> <span class='ocrx_word' id='word_1_166' title='bbox 841 1268 921 1295; x_wconf 91' lang='lat' dir='ltr'>nec</span> <span class='ocrx_word' id='word_1_167' title='bbox 954 1253 1146 1309; x_wconf 80' lang='lat' dir='ltr'>adjuvat,</span> <span class='ocrx_word' id='word_1_168' title='bbox 1177 1255 1491 1310; x_wconf 84' lang='lat' dir='ltr'>praeteribitur:</span> <span class='ocrx_word' id='word_1_169' title='bbox 1524 1266 1566 1297; x_wconf 86' lang='lat' dir='ltr'>et</span> <span class='ocrx_word' id='word_1_170' title='bbox 1585 1258 1619 1298; x_wconf 91' lang='lat' dir='ltr'>si</span> 
     </span>
     <span class='ocr_line' id='line_1_21' title="bbox 182 1311 1600 1370; baseline 0.001 -16"><span class='ocrx_word' id='word_1_171' title='bbox 182 1313 224 1344; x_wconf 82' lang='lat'>62</span> <span class='ocrx_word' id='word_1_172' title='bbox 237 1313 366 1356; x_wconf 90' lang='lat' dir='ltr'>semel</span> <span class='ocrx_word' id='word_1_173' title='bbox 387 1313 722 1368; x_wconf 87' lang='lat' dir='ltr'>unumquodque</span> <span class='ocrx_word' id='word_1_174' title='bbox 743 1312 933 1354; x_wconf 82' lang='lat' dir='ltr'>dicetur:</span> <span class='ocrx_word' id='word_1_175' title='bbox 965 1320 1009 1352; x_wconf 86' lang='lat' dir='ltr'>et</span> <span class='ocrx_word' id='word_1_176' title='bbox 1028 1311 1062 1352; x_wconf 86' lang='lat' dir='ltr'>si</span> <span class='ocrx_word' id='word_1_177' title='bbox 1084 1325 1171 1352; x_wconf 90' lang='lat' dir='ltr'>non</span> <span class='ocrx_word' id='word_1_178' title='bbox 1190 1313 1245 1352; x_wconf 90' lang='lat' dir='ltr'>ab</span> <span class='ocrx_word' id='word_1_179' title='bbox 1263 1326 1329 1362; x_wconf 90' lang='lat' dir='ltr'>eo,</span> <span class='ocrx_word' id='word_1_180' title='bbox 1349 1313 1392 1353; x_wconf 87' lang='lat' dir='ltr'>in</span> <span class='ocrx_word' id='word_1_181' title='bbox 1414 1328 1500 1369; x_wconf 89' lang='lat' dir='ltr'>quo</span> <span class='ocrx_word' id='word_1_182' title='bbox 1523 1329 1600 1370; x_wconf 87' lang='lat' dir='ltr'>pro</span> 
     </span>
     <span class='ocr_line' id='line_1_22' title="bbox 184 1367 1621 1425; baseline 0.001 -15"><span class='ocrx_word' id='word_1_183' title='bbox 184 1370 300 1412; x_wconf 88' lang='lat' dir='ltr'>xime</span> <span class='ocrx_word' id='word_1_184' title='bbox 322 1370 505 1411; x_wconf 84' lang='lat' dir='ltr'>desitum</span> <span class='ocrx_word' id='word_1_185' title='bbox 524 1370 619 1422; x_wconf 88' lang='lat' dir='ltr'>erit,</span> <span class='ocrx_word' id='word_1_186' title='bbox 641 1369 842 1425; x_wconf 89' lang='lat' dir='ltr'>deinceps</span> <span class='ocrx_word' id='word_1_187' title='bbox 862 1368 1107 1424; x_wconf 88' lang='lat' dir='ltr'>incipietur.</span> <span class='ocrx_word' id='word_1_188' title='bbox 1166 1367 1233 1410; x_wconf 82' lang='lat' dir='ltr'>Ac</span> <span class='ocrx_word' id='word_1_189' title='bbox 1254 1370 1413 1411; x_wconf 84' lang='lat' dir='ltr'>multos</span> <span class='ocrx_word' id='word_1_190' title='bbox 1434 1371 1621 1412; x_wconf 84' lang='lat' dir='ltr'>imitatio</span> 
     </span>
     <span class='ocr_line' id='line_1_23' title="bbox 184 1426 1620 1484; baseline 0.002 -17"><span class='ocrx_word' id='word_1_191' title='bbox 184 1426 406 1469; x_wconf 89' lang='lat' dir='ltr'>brevitatis</span> <span class='ocrx_word' id='word_1_192' title='bbox 429 1427 605 1483; x_wconf 90' lang='lat' dir='ltr'>decipit,</span> <span class='ocrx_word' id='word_1_193' title='bbox 630 1434 692 1478; x_wconf 90' lang='lat' dir='ltr'>ut,</span> <span class='ocrx_word' id='word_1_194' title='bbox 716 1441 814 1467; x_wconf 88' lang='lat' dir='ltr'>cum</span> <span class='ocrx_word' id='word_1_195' title='bbox 838 1440 881 1467; x_wconf 88' lang='lat' dir='ltr'>se</span> <span class='ocrx_word' id='word_1_196' title='bbox 903 1427 1053 1467; x_wconf 85' lang='lat' dir='ltr'>breves</span> <span class='ocrx_word' id='word_1_197' title='bbox 1074 1434 1228 1482; x_wconf 87' lang='lat' dir='ltr'>putent</span> <span class='ocrx_word' id='word_1_198' title='bbox 1249 1441 1355 1479; x_wconf 86' lang='lat' dir='ltr'>esse,</span> <span class='ocrx_word' id='word_1_199' title='bbox 1377 1428 1620 1484; x_wconf 85' lang='lat' dir='ltr'>longissimi</span> 
     </span>
     <span class='ocr_line' id='line_1_24' title="bbox 186 1483 1620 1541; baseline 0.003 -17"><span class='ocrx_word' id='word_1_200' title='bbox 186 1484 295 1527; x_wconf 81' lang='lat' dir='ltr'>sint:</span> <span class='ocrx_word' id='word_1_201' title='bbox 329 1499 428 1526; x_wconf 90' lang='lat' dir='ltr'>cum</span> <span class='ocrx_word' id='word_1_202' title='bbox 448 1485 551 1526; x_wconf 89' lang='lat' dir='ltr'>dent</span> <span class='ocrx_word' id='word_1_203' title='bbox 581 1498 771 1541; x_wconf 84' lang='lat' dir='ltr'>operam,</span> <span class='ocrx_word' id='word_1_204' title='bbox 793 1492 842 1524; x_wconf 87' lang='lat' dir='ltr'>ut</span> <span class='ocrx_word' id='word_1_205' title='bbox 871 1497 936 1525; x_wconf 89' lang='lat' dir='ltr'>res</span> <span class='ocrx_word' id='word_1_206' title='bbox 959 1483 1114 1524; x_wconf 85' lang='lat' dir='ltr'>multas</span> <span class='ocrx_word' id='word_1_207' title='bbox 1139 1484 1324 1526; x_wconf 89' lang='lat' dir='ltr'>breviter</span> <span class='ocrx_word' id='word_1_208' title='bbox 1349 1485 1510 1537; x_wconf 87' lang='lat' dir='ltr'>dicant,</span> <span class='ocrx_word' id='word_1_209' title='bbox 1534 1501 1620 1529; x_wconf 89' lang='lat' dir='ltr'>non</span> 
     </span>
     <span class='ocr_line' id='line_1_25' title="bbox 181 1540 1621 1598; baseline 0.002 -17"><span class='ocrx_word' id='word_1_210' title='bbox 181 1550 230 1582; x_wconf 90' lang='lat' dir='ltr'>ut</span> <span class='ocrx_word' id='word_1_211' title='bbox 247 1542 425 1583; x_wconf 87' lang='lat' dir='ltr'>omnino</span> <span class='ocrx_word' id='word_1_212' title='bbox 455 1556 613 1598; x_wconf 86' lang='lat' dir='ltr'>paucas</span> <span class='ocrx_word' id='word_1_213' title='bbox 644 1556 708 1583; x_wconf 89' lang='lat' dir='ltr'>res</span> <span class='ocrx_word' id='word_1_214' title='bbox 731 1541 892 1592; x_wconf 85' lang='lat' dir='ltr'>dicant,</span> <span class='ocrx_word' id='word_1_215' title='bbox 923 1549 967 1582; x_wconf 88' lang='lat' dir='ltr'>et</span> <span class='ocrx_word' id='word_1_216' title='bbox 997 1555 1083 1582; x_wconf 89' lang='lat' dir='ltr'>non</span> <span class='ocrx_word' id='word_1_217' title='bbox 1110 1540 1265 1597; x_wconf 88' lang='lat' dir='ltr'>plures,</span> <span class='ocrx_word' id='word_1_218' title='bbox 1288 1557 1417 1598; x_wconf 89' lang='lat' dir='ltr'>quam</span> <span class='ocrx_word' id='word_1_219' title='bbox 1448 1557 1621 1584; x_wconf 88' lang='lat' dir='ltr'>necesse</span> 
     </span>
     <span class='ocr_line' id='line_1_26' title="bbox 182 1598 1619 1656; baseline 0.003 -17"><span class='ocrx_word' id='word_1_220' title='bbox 182 1598 251 1640; x_wconf 88' lang='lat' dir='ltr'>sit.</span> <span class='ocrx_word' id='word_1_221' title='bbox 313 1599 428 1641; x_wconf 88' lang='lat' dir='ltr'>Nam</span> <span class='ocrx_word' id='word_1_222' title='bbox 461 1599 674 1656; x_wconf 89' lang='lat' dir='ltr'>plerisque</span> <span class='ocrx_word' id='word_1_223' title='bbox 703 1599 890 1640; x_wconf 88' lang='lat' dir='ltr'>breviter</span> <span class='ocrx_word' id='word_1_224' title='bbox 920 1598 1062 1639; x_wconf 88' lang='lat' dir='ltr'>dicere</span> <span class='ocrx_word' id='word_1_225' title='bbox 1096 1598 1279 1649; x_wconf 83' lang='lat' dir='ltr'>videtur,</span> <span class='ocrx_word' id='word_1_226' title='bbox 1302 1601 1374 1655; x_wconf 86' lang='lat' dir='ltr'>qui</span> <span class='ocrx_word' id='word_1_227' title='bbox 1399 1600 1460 1640; x_wconf 86' lang='lat' dir='ltr'>ita</span> <span class='ocrx_word' id='word_1_228' title='bbox 1487 1601 1619 1643; x_wconf 85' lang='lat' dir='ltr'>dicit:</span> 
     </span>
     <span class='ocr_line' id='line_1_27' title="bbox 180 1655 1623 1712; baseline 0.001 -14"><span class='ocrx_word' id='word_1_229' title='bbox 180 1655 357 1707; x_wconf 84' lang='lat' dir='ltr'>Accessi</span> <span class='ocrx_word' id='word_1_230' title='bbox 388 1656 441 1698; x_wconf 90' lang='lat' dir='ltr'>ad</span> <span class='ocrx_word' id='word_1_231' title='bbox 463 1656 591 1708; x_wconf 88' lang='lat' dir='ltr'>aedes,</span> <span class='ocrx_word' id='word_1_232' title='bbox 623 1670 804 1712; x_wconf 88' lang='lat' dir='ltr'>puerum</span> <span class='ocrx_word' id='word_1_233' title='bbox 825 1655 1025 1698; x_wconf 84' lang='lat' dir='ltr'>evocavi:</span> <span class='ocrx_word' id='word_1_234' title='bbox 1059 1656 1308 1712; x_wconf 85' lang='lat' dir='ltr'>respondit:</span> <span class='ocrx_word' id='word_1_235' title='bbox 1341 1657 1521 1712; x_wconf 87' lang='lat' dir='ltr'>quaesivi</span> <span class='ocrx_word' id='word_1_236' title='bbox 1544 1658 1623 1699; x_wconf 86' lang='lat' dir='ltr'>do·-</span> 
     </span>
     <span class='ocr_line' id='line_1_28' title="bbox 181 1712 1620 1771; baseline 0.001 -17"><span class='ocrx_word' id='word_1_237' title='bbox 181 1713 372 1755; x_wconf 83' lang='lat' dir='ltr'>minum:</span> <span class='ocrx_word' id='word_1_238' title='bbox 403 1714 522 1755; x_wconf 91' lang='lat' dir='ltr'>domi</span> <span class='ocrx_word' id='word_1_239' title='bbox 553 1714 731 1771; x_wconf 88' lang='lat' dir='ltr'>negavit</span> <span class='ocrx_word' id='word_1_240' title='bbox 756 1727 862 1754; x_wconf 89' lang='lat' dir='ltr'>esse.</span> <span class='ocrx_word' id='word_1_241' title='bbox 923 1712 1027 1763; x_wconf 88' lang='lat' dir='ltr'>Hic,</span> <span class='ocrx_word' id='word_1_242' title='bbox 1050 1713 1221 1754; x_wconf 82' lang='lat' dir='ltr'>tametsi</span> <span class='ocrx_word' id='word_1_243' title='bbox 1257 1722 1322 1755; x_wconf 87' lang='lat' dir='ltr'>tot</span> <span class='ocrx_word' id='word_1_244' title='bbox 1352 1728 1416 1755; x_wconf 89' lang='lat' dir='ltr'>res</span> <span class='ocrx_word' id='word_1_245' title='bbox 1450 1716 1620 1756; x_wconf 89' lang='lat' dir='ltr'>brevius</span> 
     </span>
     <span class='ocr_line' id='line_1_29' title="bbox 181 1770 1620 1826; baseline 0.002 -15"><span class='ocrx_word' id='word_1_246' title='bbox 181 1784 269 1811; x_wconf 89' lang='lat' dir='ltr'>non</span> <span class='ocrx_word' id='word_1_247' title='bbox 292 1771 436 1826; x_wconf 88' lang='lat' dir='ltr'>potuit</span> <span class='ocrx_word' id='word_1_248' title='bbox 464 1771 621 1822; x_wconf 89' lang='lat' dir='ltr'>dicere,</span> <span class='ocrx_word' id='word_1_249' title='bbox 653 1779 812 1821; x_wconf 87' lang='lat' dir='ltr'>tamen,</span> <span class='ocrx_word' id='word_1_250' title='bbox 835 1770 937 1826; x_wconf 90' lang='lat' dir='ltr'>quia</span> <span class='ocrx_word' id='word_1_251' title='bbox 967 1770 1068 1811; x_wconf 83' lang='lat' dir='ltr'>satis</span> <span class='ocrx_word' id='word_1_252' title='bbox 1102 1770 1186 1811; x_wconf 89' lang='lat' dir='ltr'>fuit</span> <span class='ocrx_word' id='word_1_253' title='bbox 1207 1771 1382 1823; x_wconf 84' lang='lat' dir='ltr'>dixisse,</span> <span class='ocrx_word' id='word_1_254' title='bbox 1405 1772 1524 1813; x_wconf 85' lang='lat' dir='ltr'>domi</span> <span class='ocrx_word' id='word_1_255' title='bbox 1546 1787 1620 1814; x_wconf 89' lang='lat' dir='ltr'>ne-</span> 
     </span>
     <span class='ocr_line' id='line_1_30' title="bbox 180 1826 1619 1885; baseline 0.002 -17"><span class='ocrx_word' id='word_1_256' title='bbox 180 1827 302 1883; x_wconf 88' lang='lat' dir='ltr'>gavit</span> <span class='ocrx_word' id='word_1_257' title='bbox 323 1842 427 1880; x_wconf 89' lang='lat' dir='ltr'>esse,</span> <span class='ocrx_word' id='word_1_258' title='bbox 450 1828 500 1868; x_wconf 84' lang='lat' dir='ltr'>fit</span> <span class='ocrx_word' id='word_1_259' title='bbox 530 1843 670 1869; x_wconf 87' lang='lat' dir='ltr'>rerum</span> <span class='ocrx_word' id='word_1_260' title='bbox 701 1827 978 1868; x_wconf 88' lang='lat' dir='ltr'>multitudine</span> <span class='ocrx_word' id='word_1_261' title='bbox 1006 1826 1176 1883; x_wconf 83' lang='lat' dir='ltr'>longus.</span> <span class='ocrx_word' id='word_1_262' title='bbox 1239 1829 1384 1875; x_wconf 82' lang='lat' dir='ltr'>Quare</span> <span class='ocrx_word' id='word_1_263' title='bbox 1406 1829 1489 1870; x_wconf 83' lang='lat' dir='ltr'>hoc</span> <span class='ocrx_word' id='word_1_264' title='bbox 1511 1845 1619 1885; x_wconf 89' lang='lat' dir='ltr'>quo-</span> 
     </span>
     <span class='ocr_line' id='line_1_31' title="bbox 180 1883 1616 1941; baseline 0.002 -16"><span class='ocrx_word' id='word_1_265' title='bbox 180 1899 263 1940; x_wconf 87' lang='lat' dir='ltr'>que</span> <span class='ocrx_word' id='word_1_266' title='bbox 286 1885 328 1926; x_wconf 89' lang='lat' dir='ltr'>in</span> <span class='ocrx_word' id='word_1_267' title='bbox 352 1899 507 1941; x_wconf 85' lang='lat' dir='ltr'>genere</span> <span class='ocrx_word' id='word_1_268' title='bbox 530 1885 707 1927; x_wconf 86' lang='lat' dir='ltr'>vitanda</span> <span class='ocrx_word' id='word_1_269' title='bbox 736 1893 799 1926; x_wconf 90' lang='lat' dir='ltr'>est</span> <span class='ocrx_word' id='word_1_270' title='bbox 824 1883 1046 1925; x_wconf 87' lang='lat' dir='ltr'>brevitatis</span> <span class='ocrx_word' id='word_1_271' title='bbox 1070 1884 1271 1936; x_wconf 84' lang='lat' dir='ltr'>imitatio,</span> <span class='ocrx_word' id='word_1_272' title='bbox 1294 1895 1337 1927; x_wconf 86' lang='lat' dir='ltr'>et</span> <span class='ocrx_word' id='word_1_273' title='bbox 1364 1901 1450 1927; x_wconf 89' lang='lat' dir='ltr'>non</span> <span class='ocrx_word' id='word_1_274' title='bbox 1473 1887 1616 1928; x_wconf 87' lang='lat' dir='ltr'>minus</span> 
     </span>
     <span class='ocr_line' id='line_1_32' title="bbox 180 1942 1614 1997; baseline 0.002 -15"><span class='ocrx_word' id='word_1_275' title='bbox 180 1955 321 1983; x_wconf 87' lang='lat' dir='ltr'>rerum</span> <span class='ocrx_word' id='word_1_276' title='bbox 343 1956 430 1983; x_wconf 90' lang='lat' dir='ltr'>non</span> <span class='ocrx_word' id='word_1_277' title='bbox 463 1942 813 1993; x_wconf 79' lang='lat' dir='ltr'>necessariarum,</span> <span class='ocrx_word' id='word_1_278' title='bbox 836 1956 966 1997; x_wconf 88' lang='lat' dir='ltr'>quam</span> <span class='ocrx_word' id='word_1_279' title='bbox 990 1942 1217 1982; x_wconf 84' lang='lat' dir='ltr'>verborum</span> <span class='ocrx_word' id='word_1_280' title='bbox 1247 1942 1524 1984; x_wconf 88' lang='lat' dir='ltr'>multitudine</span> <span class='ocrx_word' id='word_1_281' title='bbox 1546 1959 1614 1986; x_wconf 86' lang='lat' dir='ltr'>su-</span> 
     </span>
     <span class='ocr_line' id='line_1_33' title="bbox 179 1993 1678 2056; baseline 0.002 -16"><span class='ocrx_word' id='word_1_282' title='bbox 179 1999 491 2055; x_wconf 86' lang='lat' dir='ltr'>persedendum</span> <span class='ocrx_word' id='word_1_283' title='bbox 523 2008 602 2040; x_wconf 89' lang='lat' dir='ltr'>est.</span> <span class='ocrx_word' id='word_1_284' title='bbox 661 1998 826 2056; x_wconf 90' lang='lat' dir='ltr'>Aperta</span> <span class='ocrx_word' id='word_1_285' title='bbox 858 2007 1001 2039; x_wconf 87' lang='lat' dir='ltr'>autem</span> <span class='ocrx_word' id='word_1_286' title='bbox 1033 1998 1221 2039; x_wconf 79' lang='lat' dir='ltr'>narratio</span> <span class='ocrx_word' id='word_1_287' title='bbox 1245 2000 1404 2055; x_wconf 87' lang='lat' dir='ltr'>poterit</span> <span class='ocrx_word' id='word_1_288' title='bbox 1430 2015 1536 2053; x_wconf 84' lang='lat' dir='ltr'>esse,</span> <span class='ocrx_word' id='word_1_289' title='bbox 1566 1993 1678 2055; x_wconf 70' lang='lat' dir='ltr'>si,29</span> 
     </span>
     <span class='ocr_line' id='line_1_34' title="bbox 178 2055 1619 2113; baseline 0.003 -17"><span class='ocrx_word' id='word_1_290' title='bbox 178 2064 227 2096; x_wconf 93' lang='lat' dir='ltr'>ut</span> <span class='ocrx_word' id='word_1_291' title='bbox 248 2056 437 2112; x_wconf 76' lang='lat' dir='ltr'>quidque</span> <span class='ocrx_word' id='word_1_292' title='bbox 457 2057 646 2112; x_wconf 90' lang='lat' dir='ltr'>primum</span> <span class='ocrx_word' id='word_1_293' title='bbox 676 2066 847 2113; x_wconf 87' lang='lat' dir='ltr'>gestum</span> <span class='ocrx_word' id='word_1_294' title='bbox 879 2055 973 2106; x_wconf 91' lang='lat' dir='ltr'>erit,</span> <span class='ocrx_word' id='word_1_295' title='bbox 998 2055 1059 2095; x_wconf 81' lang='lat' dir='ltr'>ita</span> <span class='ocrx_word' id='word_1_296' title='bbox 1089 2055 1275 2111; x_wconf 87' lang='lat' dir='ltr'>primum</span> <span class='ocrx_word' id='word_1_297' title='bbox 1297 2067 1553 2112; x_wconf 83' lang='lat' dir='ltr'>exponetur,</span> <span class='ocrx_word' id='word_1_298' title='bbox 1575 2070 1619 2101; x_wconf 86' lang='lat' dir='ltr'>et</span> 
     </span>
     <span class='ocr_line' id='line_1_35' title="bbox 178 2112 1618 2170; baseline 0.004 -16"><span class='ocrx_word' id='word_1_299' title='bbox 178 2127 320 2154; x_wconf 89' lang='lat' dir='ltr'>rerum</span> <span class='ocrx_word' id='word_1_300' title='bbox 352 2128 403 2155; x_wconf 86' lang='lat' dir='ltr'>ac</span> <span class='ocrx_word' id='word_1_301' title='bbox 435 2122 679 2170; x_wconf 88' lang='lat' dir='ltr'>temporum</span> <span class='ocrx_word' id='word_1_302' title='bbox 709 2114 815 2155; x_wconf 86' lang='lat' dir='ltr'>ordo</span> <span class='ocrx_word' id='word_1_303' title='bbox 849 2112 1103 2163; x_wconf 88' lang='lat' dir='ltr'>servabitur,</span> <span class='ocrx_word' id='word_1_304' title='bbox 1127 2122 1173 2153; x_wconf 89' lang='lat' dir='ltr'>ut</span> <span class='ocrx_word' id='word_1_305' title='bbox 1203 2112 1265 2154; x_wconf 86' lang='lat' dir='ltr'>ita</span> <span class='ocrx_word' id='word_1_306' title='bbox 1297 2124 1537 2169; x_wconf 83' lang='lat' dir='ltr'>narrentur,</span> <span class='ocrx_word' id='word_1_307' title='bbox 1570 2130 1618 2161; x_wconf 87' lang='lat' dir='ltr'>ut</span> 
     </span>
     <span class='ocr_line' id='line_1_36' title="bbox 178 2170 1618 2227; baseline 0.004 -16"><span class='ocrx_word' id='word_1_308' title='bbox 178 2180 313 2226; x_wconf 81' lang='lat' dir='ltr'>gestae</span> <span class='ocrx_word' id='word_1_309' title='bbox 336 2185 400 2212; x_wconf 91' lang='lat' dir='ltr'>res</span> <span class='ocrx_word' id='word_1_310' title='bbox 423 2181 562 2223; x_wconf 90' lang='lat' dir='ltr'>erunt,</span> <span class='ocrx_word' id='word_1_311' title='bbox 576 2181 651 2213; x_wconf 86' lang='lat' dir='ltr'>aut</span> <span class='ocrx_word' id='word_1_312' title='bbox 669 2180 716 2213; x_wconf 91' lang='lat' dir='ltr'>ut</span> <span class='ocrx_word' id='word_1_313' title='bbox 739 2170 930 2227; x_wconf 88' lang='lat' dir='ltr'>potuisse</span> <span class='ocrx_word' id='word_1_314' title='bbox 952 2170 1043 2226; x_wconf 85' lang='lat' dir='ltr'>geri</span> <span class='ocrx_word' id='word_1_315' title='bbox 1067 2170 1341 2212; x_wconf 87' lang='lat' dir='ltr'>videbuntur.</span> <span class='ocrx_word' id='word_1_316' title='bbox 1403 2170 1493 2214; x_wconf 82' lang='lat' dir='ltr'>Hic</span> <span class='ocrx_word' id='word_1_317' title='bbox 1515 2190 1618 2217; x_wconf 80' lang='lat' dir='ltr'>con-</span> 
     </span>
     <span class='ocr_line' id='line_1_37' title="bbox 179 2228 1619 2285; baseline 0.005 -17"><span class='ocrx_word' id='word_1_318' title='bbox 179 2228 451 2270; x_wconf 81' lang='lat' dir='ltr'>siderandum</span> <span class='ocrx_word' id='word_1_319' title='bbox 473 2228 569 2279; x_wconf 86' lang='lat' dir='ltr'>erit,</span> <span class='ocrx_word' id='word_1_320' title='bbox 591 2243 645 2270; x_wconf 92' lang='lat' dir='ltr'>ne</span> <span class='ocrx_word' id='word_1_321' title='bbox 666 2229 771 2285; x_wconf 90' lang='lat' dir='ltr'>quid</span> <span class='ocrx_word' id='word_1_322' title='bbox 793 2228 1056 2284; x_wconf 88' lang='lat' dir='ltr'>perturbate,</span> <span class='ocrx_word' id='word_1_323' title='bbox 1079 2241 1132 2268; x_wconf 89' lang='lat' dir='ltr'>ne</span> <span class='ocrx_word' id='word_1_324' title='bbox 1155 2228 1259 2282; x_wconf 91' lang='lat' dir='ltr'>quid</span> <span class='ocrx_word' id='word_1_325' title='bbox 1281 2238 1480 2272; x_wconf 78' lang='lat' dir='ltr'>contorte</span> <span class='ocrx_word' id='word_1_326' title='bbox 1502 2232 1619 2275; x_wconf 83' lang='lat' dir='ltr'>dica·</span> 
     </span>
     <span class='ocr_line' id='line_1_38' title="bbox 178 2285 1619 2345; baseline 0.005 -20"><span class='ocrx_word' id='word_1_327' title='bbox 178 2293 261 2336; x_wconf 85' lang='lat' dir='ltr'>tur,</span> <span class='ocrx_word' id='word_1_328' title='bbox 292 2300 346 2326; x_wconf 91' lang='lat' dir='ltr'>ne</span> <span class='ocrx_word' id='word_1_329' title='bbox 364 2300 493 2341; x_wconf 87' lang='lat' dir='ltr'>quam</span> <span class='ocrx_word' id='word_1_330' title='bbox 516 2286 559 2327; x_wconf 91' lang='lat' dir='ltr'>in</span> <span class='ocrx_word' id='word_1_331' title='bbox 579 2286 708 2327; x_wconf 86' lang='lat' dir='ltr'>aliam</span> <span class='ocrx_word' id='word_1_332' title='bbox 731 2300 821 2326; x_wconf 88' lang='lat' dir='ltr'>rem</span> <span class='ocrx_word' id='word_1_333' title='bbox 844 2293 1098 2335; x_wconf 87' lang='lat' dir='ltr'>transeatur,</span> <span class='ocrx_word' id='word_1_334' title='bbox 1121 2299 1174 2325; x_wconf 88' lang='lat' dir='ltr'>ne</span> <span class='ocrx_word' id='word_1_335' title='bbox 1199 2286 1253 2326; x_wconf 86' lang='lat' dir='ltr'>ab</span> <span class='ocrx_word' id='word_1_336' title='bbox 1275 2285 1429 2327; x_wconf 87' lang='lat' dir='ltr'>ultimo</span> <span class='ocrx_word' id='word_1_337' title='bbox 1452 2301 1619 2345; x_wconf 82' lang='lat' dir='ltr'>repeta-</span> 
     </span>
     <span class='ocr_line' id='line_1_39' title="bbox 180 2342 1618 2411; baseline 0.004 -28"><span class='ocrx_word' id='word_1_338' title='bbox 180 2350 261 2393; x_wconf 86' lang='lat' dir='ltr'>tur,</span> <span class='ocrx_word' id='word_1_339' title='bbox 284 2357 337 2384; x_wconf 91' lang='lat' dir='ltr'>ne</span> <span class='ocrx_word' id='word_1_340' title='bbox 359 2343 413 2384; x_wconf 86' lang='lat' dir='ltr'>ad</span> <span class='ocrx_word' id='word_1_341' title='bbox 435 2350 678 2384; x_wconf 86' lang='lat' dir='ltr'>extremum</span> <span class='ocrx_word' id='word_1_342' title='bbox 708 2342 953 2400; x_wconf 86' lang='lat' dir='ltr'>prodeatur,</span> <span class='ocrx_word' id='word_1_343' title='bbox 977 2356 1031 2382; x_wconf 89' lang='lat' dir='ltr'>ne</span> <span class='ocrx_word' id='word_1_344' title='bbox 1053 2342 1172 2398; x_wconf 88' lang='lat' dir='ltr'>quid,</span> <span class='ocrx_word' id='word_1_345' title='bbox 1195 2343 1311 2398; x_wconf 90' lang='lat' dir='ltr'>quod</span> <span class='ocrx_word' id='word_1_346' title='bbox 1333 2343 1387 2385; x_wconf 88' lang='lat' dir='ltr'>ad</span> <span class='ocrx_word' id='word_1_347' title='bbox 1410 2358 1500 2387; x_wconf 86' lang='lat' dir='ltr'>rem</span> <span class='ocrx_word' id='word_1_348' title='bbox 1517 2362 1618 2411; x_wconf 76' lang='lat' dir='ltr'>per-</span> 
     </span>
     <span class='ocr_line' id='line_1_40' title="bbox 177 2399 1619 2456; baseline 0.005 -16"><span class='ocrx_word' id='word_1_349' title='bbox 177 2399 328 2450; x_wconf 82' lang='lat' dir='ltr'>tineat,</span> <span class='ocrx_word' id='word_1_350' title='bbox 351 2409 655 2456; x_wconf 67' lang='lat' dir='ltr'>praetereatur:</span> <span class='ocrx_word' id='word_1_351' title='bbox 687 2409 732 2441; x_wconf 84' lang='lat' dir='ltr'>et</span> <span class='ocrx_word' id='word_1_352' title='bbox 754 2399 946 2450; x_wconf 86' lang='lat' dir='ltr'>omnino,</span> <span class='ocrx_word' id='word_1_353' title='bbox 970 2414 1067 2454; x_wconf 87' lang='lat' dir='ltr'>quae</span> <span class='ocrx_word' id='word_1_354' title='bbox 1092 2409 1311 2456; x_wconf 80' lang='lat' dir='ltr'>praecepta</span> <span class='ocrx_word' id='word_1_355' title='bbox 1331 2400 1384 2441; x_wconf 90' lang='lat' dir='ltr'>de</span> <span class='ocrx_word' id='word_1_356' title='bbox 1409 2401 1619 2447; x_wconf 76' lang='lat' dir='ltr'>brevitate</span> 
     </span>
     <span class='ocr_line' id='line_1_41' title="bbox 179 2456 1619 2519; baseline 0.003 -21"><span class='ocrx_word' id='word_1_357' title='bbox 179 2465 297 2508; x_wconf 86' lang='lat' dir='ltr'>sunt,</span> <span class='ocrx_word' id='word_1_358' title='bbox 329 2456 413 2498; x_wconf 94' lang='lat' dir='ltr'>hoc</span> <span class='ocrx_word' id='word_1_359' title='bbox 436 2472 608 2513; x_wconf 91' lang='lat' dir='ltr'>quoque</span> <span class='ocrx_word' id='word_1_360' title='bbox 639 2458 683 2498; x_wconf 92' lang='lat' dir='ltr'>in</span> <span class='ocrx_word' id='word_1_361' title='bbox 717 2471 872 2514; x_wconf 87' lang='lat' dir='ltr'>genere</span> <span class='ocrx_word' id='word_1_362' title='bbox 905 2465 1006 2497; x_wconf 90' lang='lat' dir='ltr'>sunt</span> <span class='ocrx_word' id='word_1_363' title='bbox 1039 2457 1347 2498; x_wconf 87' lang='lat' dir='ltr'>conservanda.</span> <span class='ocrx_word' id='word_1_364' title='bbox 1384 2472 1485 2501; x_wconf 85' lang='lat' dir='ltr'>narn</span> <span class='ocrx_word' id='word_1_365' title='bbox 1504 2475 1619 2519; x_wconf 83' lang='lat' dir='ltr'>saepe</span> 
     </span>
     <span class='ocr_line' id='line_1_42' title="bbox 176 2512 1617 2571; baseline 0.005 -17"><span class='ocrx_word' id='word_1_366' title='bbox 176 2527 242 2555; x_wconf 89' lang='lat' dir='ltr'>res</span> <span class='ocrx_word' id='word_1_367' title='bbox 264 2528 416 2569; x_wconf 85' lang='lat' dir='ltr'>parum</span> <span class='ocrx_word' id='word_1_368' title='bbox 435 2524 502 2556; x_wconf 90' lang='lat' dir='ltr'>est</span> <span class='ocrx_word' id='word_1_369' title='bbox 534 2514 752 2556; x_wconf 87' lang='lat' dir='ltr'>intellecta</span> <span class='ocrx_word' id='word_1_370' title='bbox 783 2512 1056 2571; x_wconf 88' lang='lat' dir='ltr'>longitudine</span> <span class='ocrx_word' id='word_1_371' title='bbox 1086 2515 1240 2570; x_wconf 77' lang='lat' dir='ltr'>magiS,</span> <span class='ocrx_word' id='word_1_372' title='bbox 1273 2530 1403 2570; x_wconf 85' lang='lat' dir='ltr'>quam</span> <span class='ocrx_word' id='word_1_373' title='bbox 1425 2517 1617 2561; x_wconf 79' lang='lat' dir='ltr'>obscuri-</span> 
     </span>
    </p>
   </div>
   <div class='ocr_carea' id='block_1_3' title="bbox 174 2637 1618 2894">
    <p class='ocr_par' dir='ltr' id='par_1_4' title="bbox 174 2637 1618 2848">
     <span class='ocr_line' id='line_1_43' title="bbox 221 2637 1618 2681; baseline 0.007 -13"><span class='ocrx_word' id='word_1_374' title='bbox 221 2637 259 2668; x_wconf 87' lang='lat'>61</span> <span class='ocrx_word' id='word_1_375' title='bbox 274 2637 390 2680; x_wconf 71' lang='lat' dir='ltr'>‚Quam</span> <span class='ocrx_word' id='word_1_376' title='bbox 405 2640 489 2681; x_wconf 80' lang='lat' dir='ltr'>quod</span> <span class='ocrx_word' id='word_1_377' title='bbox 500 2644 571 2671; x_wconf 72' lang='lat' dir='ltr'>secu.</span> <span class='ocrx_word' id='word_1_378' title='bbox 585 2651 612 2672; x_wconf 88' lang='lat' dir='ltr'>o.</span> <span class='ocrx_word' id='word_1_379' title='bbox 627 2641 671 2681; x_wconf 83' lang='lat' dir='ltr'>e.]</span> <span class='ocrx_word' id='word_1_380' title='bbox 693 2639 774 2671; x_wconf 86' lang='lat' dir='ltr'>Edd.</span> <span class='ocrx_word' id='word_1_381' title='bbox 790 2644 872 2671; x_wconf 83' lang='lat' dir='ltr'>vett.</span> <span class='ocrx_word' id='word_1_382' title='bbox 916 2639 1172 2680; x_wconf 81' lang='lat' dir='ltr'>unumquidque,</span> <span class='ocrx_word' id='word_1_383' title='bbox 1188 2640 1274 2681; x_wconf 86' lang='lat' dir='ltr'>quod</span> <span class='ocrx_word' id='word_1_384' title='bbox 1290 2640 1342 2673; x_wconf 85' lang='lat' dir='ltr'>vel</span> <span class='ocrx_word' id='word_1_385' title='bbox 1356 2642 1425 2673; x_wconf 86' lang='lat' dir='ltr'>sine</span> <span class='ocrx_word' id='word_1_386' title='bbox 1439 2641 1531 2675; x_wconf 82' lang='lat' dir='ltr'>libris</span> <span class='ocrx_word' id='word_1_387' title='bbox 1546 2655 1618 2678; x_wconf 55' lang='lat' dir='ltr'>cor*</span> 
     </span>
     <span class='ocr_line' id='line_1_44' title="bbox 174 2679 1618 2722; baseline 0.007 -12"><span class='ocrx_word' id='word_1_388' title='bbox 174 2679 288 2711; x_wconf 78' lang='lat' dir='ltr'>delent</span> <span class='ocrx_word' id='word_1_389' title='bbox 313 2682 411 2721; x_wconf 85' lang='lat' dir='ltr'>quod.-</span> <span class='ocrx_word' id='word_1_390' title='bbox 440 2683 632 2722; x_wconf 85' lang='lat' dir='ltr'>variantque</span> <span class='ocrx_word' id='word_1_391' title='bbox 659 2683 760 2714; x_wconf 84' lang='lat' dir='ltr'>etiam</span> <span class='ocrx_word' id='word_1_392' title='bbox 793 2684 873 2714; x_wconf 88' lang='lat' dir='ltr'>MSS.</span> <span class='ocrx_word' id='word_1_393' title='bbox 917 2682 1065 2713; x_wconf 78' lang='lat' dir='ltr'>rexerim.</span> <span class='ocrx_word' id='word_1_394' title='bbox 1125 2683 1187 2714; x_wconf 85' lang='lat' dir='ltr'>Sed</span> <span class='ocrx_word' id='word_1_395' title='bbox 1213 2683 1296 2714; x_wconf 85' lang='lat' dir='ltr'>illud</span> <span class='ocrx_word' id='word_1_396' title='bbox 1329 2684 1452 2715; x_wconf 84' lang='lat' dir='ltr'>habent</span> <span class='ocrx_word' id='word_1_397' title='bbox 1477 2690 1511 2717; x_wconf 82' lang='lat' dir='ltr'>et</span> <span class='ocrx_word' id='word_1_398' title='bbox 1536 2686 1618 2720; x_wconf 75' lang='lat' dir='ltr'>Mss.</span> 
     </span>
     <span class='ocr_line' id='line_1_45' title="bbox 176 2721 1618 2767; baseline 0.006 -16"><span class='ocrx_word' id='word_1_399' title='bbox 176 2721 295 2755; x_wconf 86' lang='lat' dir='ltr'>Lamb.</span> <span class='ocrx_word' id='word_1_400' title='bbox 324 2724 508 2764; x_wconf 78' lang='lat' dir='ltr'>corrigebat</span> <span class='ocrx_word' id='word_1_401' title='bbox 522 2725 630 2765; x_wconf 82' lang='lat' dir='ltr'>quoad</span> <span class='ocrx_word' id='word_1_402' title='bbox 638 2738 647 2756; x_wconf 92' lang='grc'>.·</span> <span class='ocrx_word' id='word_1_403' title='bbox 670 2725 725 2756; x_wconf 89' lang='lat' dir='ltr'>sed</span> <span class='ocrx_word' id='word_1_404' title='bbox 743 2725 778 2756; x_wconf 89' lang='lat' dir='ltr'>id</span> <span class='ocrx_word' id='word_1_405' title='bbox 791 2725 877 2765; x_wconf 84' lang='lat' dir='ltr'>quod</span> <span class='ocrx_word' id='word_1_406' title='bbox 915 2723 1026 2764; x_wconf 83' lang='lat' dir='ltr'>plures</span> <span class='ocrx_word' id='word_1_407' title='bbox 1059 2728 1094 2755; x_wconf 83' lang='lat' dir='ltr'>et</span> <span class='ocrx_word' id='word_1_408' title='bbox 1126 2725 1197 2756; x_wconf 88' lang='lat' dir='ltr'>edd.</span> <span class='ocrx_word' id='word_1_409' title='bbox 1227 2731 1353 2758; x_wconf 85' lang='lat' dir='ltr'>veteres</span> <span class='ocrx_word' id='word_1_410' title='bbox 1386 2736 1508 2767; x_wconf 80' lang='lat' dir='ltr'>magno</span> <span class='ocrx_word' id='word_1_411' title='bbox 1541 2740 1618 2760; x_wconf 87' lang='lat' dir='ltr'>con·</span> 
     </span>
     <span class='ocr_line' id='line_1_46' title="bbox 175 2764 1617 2813; baseline 0.004 -18"><span class='ocrx_word' id='word_1_412' title='bbox 175 2764 360 2802; x_wconf 76' lang='lat' dir='ltr'>significare</span> <span class='ocrx_word' id='word_1_413' title='bbox 382 2765 415 2796; x_wconf 88' lang='lat' dir='ltr'>h.</span> <span class='ocrx_word' id='word_1_414' title='bbox 429 2766 450 2797; x_wconf 91' lang='lat' dir='ltr'>l.</span> <span class='ocrx_word' id='word_1_415' title='bbox 473 2767 622 2805; x_wconf 85' lang='lat' dir='ltr'>dixerim,</span> <span class='ocrx_word' id='word_1_416' title='bbox 638 2772 678 2798; x_wconf 82' lang='lat' dir='ltr'>ut</span> <span class='ocrx_word' id='word_1_417' title='bbox 697 2767 768 2798; x_wconf 87' lang='lat' dir='ltr'>aliis</span> <span class='ocrx_word' id='word_1_418' title='bbox 793 2767 873 2798; x_wconf 88' lang='lat' dir='ltr'>locis</span> <span class='ocrx_word' id='word_1_419' title='bbox 917 2775 1029 2796; x_wconf 86' lang='lat' dir='ltr'>sensu:</span> <span class='ocrx_word' id='word_1_420' title='bbox 1054 2771 1171 2800; x_wconf 84' lang='lat' dir='ltr'>contra</span> <span class='ocrx_word' id='word_1_421' title='bbox 1183 2778 1264 2810; x_wconf 53' lang='lat' dir='ltr'>Ques</span> <span class='ocrx_word' id='word_1_422' title='bbox 1278 2768 1397 2800; x_wconf 80' lang='lat' dir='ltr'>Lamb.</span> <span class='ocrx_word' id='word_1_423' title='bbox 1419 2771 1617 2813; x_wconf 49' lang='lat' dir='ltr'>unumquid*</span> 
     </span>
     <span class='ocr_line' id='line_1_47' title="bbox 177 2805 1094 2848; baseline 0.005 -12"><span class='ocrx_word' id='word_1_424' title='bbox 177 2805 336 2848; x_wconf 78' lang='lat' dir='ltr'>pluribuS.</span> <span class='ocrx_word' id='word_1_425' title='bbox 380 2807 496 2848; x_wconf 80' lang='lat' dir='ltr'>Itaque</span> <span class='ocrx_word' id='word_1_426' title='bbox 511 2809 594 2840; x_wconf 84' lang='lat' dir='ltr'>nihil</span> <span class='ocrx_word' id='word_1_427' title='bbox 611 2810 748 2841; x_wconf 86' lang='lat' dir='ltr'>mutavi.</span> <span class='ocrx_word' id='word_1_428' title='bbox 917 2817 978 2848; x_wconf 72' lang='lat' dir='ltr'>que</span> <span class='ocrx_word' id='word_1_429' title='bbox 991 2807 1094 2841; x_wconf 73' lang='lat' dir='ltr'>dedit.</span> 
     </span>
    </p>

    <p class='ocr_par' dir='ltr' id='par_1_5' title="bbox 219 2848 874 2894">
     <span class='ocr_line' id='line_1_48' title="bbox 219 2848 874 2894; baseline 0.005 -16"><span class='ocrx_word' id='word_1_430' title='bbox 219 2848 260 2879; x_wconf 71' lang='lat'>69</span> <span class='ocrx_word' id='word_1_431' title='bbox 285 2848 392 2880; x_wconf 76' lang='lat' dir='ltr'>Semel</span> <span class='ocrx_word' id='word_1_432' title='bbox 404 2853 675 2894; x_wconf 55' lang='lat' dir='ltr'>unumquodque]</span> <span class='ocrx_word' id='word_1_433' title='bbox 699 2852 763 2884; x_wconf 81' lang='lat' dir='ltr'>Pro</span> <span class='ocrx_word' id='word_1_434' title='bbox 785 2851 874 2890; x_wconf 74' lang='lat' dir='ltr'>vulg.</span> 
     </span>
    </p>
   </div>
   <div class='ocr_carea' id='block_1_4' title="bbox 862 2899 947 2936">
    <p class='ocr_par' dir='ltr' id='par_1_6' title="bbox 862 2899 947 2936">
     <span class='ocr_line' id='line_1_49' title="bbox 862 2899 947 2936; baseline 0.024 -2"><span class='ocrx_word' id='word_1_435' title='bbox 862 2907 895 2935; x_wconf 76' lang='lat' dir='ltr'>K</span> <span class='ocrx_word' id='word_1_436' title='bbox 920 2899 947 2936; x_wconf 79' lang='lat'>4</span> 
     </span>
    </p>
   </div>
  </div>
 </body>
</html>
