1945 3235
324 160 400 195 518
905 148 1185 187 ORATOR.

259 258 520 318 ¹3'7judicari.
581 257 664 299 Sed
685 256 889 312 quoniam
921 254 1043 312 plura
1073 262 1172 294 sunt
1206 250 1450 293 orationum
1487 263 1658 305 genera,
1693 263 1779 291 ‹ea--

322 333 406 374 quc
426 318 608 366 diversa,
633 329 770 369 neque
795 314 837 354 in
863 328 990 354 unam
1016 312 1198 353 formam
1230 309 1388 350 cadunt
1419 307 1588 348 omnia:
1623 306 1768 348 lauda-

325 377 506 425 tionum,
540 372 838 429 scriptionum,
869 382 911 411 et
936 370 1225 418 historiarum,
1261 377 1300 407 et
1334 364 1482 406 talium
1507 363 1770 414 suasionum,

323 433 494 489 qualem
521 431 730 472 Isocrates
750 428 855 469 fecit
881 428 1213 483 Panegyricum,
1235 423 1444 478 inultique
1467 422 1553 473 alii,
1573 422 1644 476 qui
1670 430 1772 461 sunt

324 490 536 533 nominati
561 488 783 544 sophistae,
816 485 1159 540 reliquarumque
1192 497 1331 524 rerum
1358 480 1556 530 formam,
1578 493 1675 534 quae
1698 477 1776 519 ab·-

326 558 426 590 sunt
457 549 511 589 ab
537 545 693 588 forensi
726 543 1020 592 contentione,
1055 542 1234 597 ejusque
1268 539 1400 580 totius
1440 536 1623 593 generis,
1658 533 1775 590 quod

327 620 470 663 graece
501 606 708 644 {masin-mbr
740 600 1002 648 nominatur,
1040 600 1157 653 quod
1195 597 1317 653 quasi
1354 596 1404 636 ad
1446 594 1778 650 inspiciendum,

328 660 628 705 delectationis
658 672 788 697 causa
817 665 1119 711 comparatum
1150 666 1230 706 est,
1269 669 1354 695 non
1393 652 1657 708 complectar
1695 650 1779 692 hoc

332 733 542 776 tempore,
567 729 760 769 nonssquo
786 713 1046 771 negligenda
1065 713 1139 754 sit:
1174 722 1238 753 est
1261 712 1375 752 enim
1399 710 1470 751 illa
1485 709 1606 765 quasi
1631 707 1780 750 nutrix

335 779 427 834 ejus
450 774 647 823 oratoriS,
669 787 796 826 quem
831 771 1062 812 informare
1086 769 1296 820 volumus,
1324 778 1368 809 et
1389 769 1441 809 de
1463 782 1549 823 quo
1581 765 1792 809 molimur,

256 838 320 886 12
338 834 496 890 aliquid
520 829 779 886 exquisitius
801 829 959 870 dicere.
1019 828 1089 869 Ab
1122 827 1201 868 hac
1232 835 1276 867 et
1306 826 1536 866 verborum
1557 823 1685 879 copia
1706 821 1783 863 ali-

339 903 421 942 tur,
451 901 494 932 et
531 903 680 930 eorum
722 886 1005 936 constructio,
1040 895 1082 926 et
1124 899 1324 926 numerus
1366 882 1565 923 liberiore
1597 880 1784 936 quadam

275 962 325 996 38
340 950 495 991 fruitur
517 946 708 988 licentia.
771 944 911 985 Datur
933 944 1062 984 etiam
1090 944 1215 984 venia
1235 939 1519 983 concinnitati
1552 937 1785 979 sententia-

338 1022 455 1050 rum:
489 1015 532 1046 et
554 1002 713 1060 arguti,
737 1002 943 1056 certique,
965 1011 1007 1041 et
1041 998 1355 1054 circumscripti
1388 997 1615 1038 verborum
1649 994 1788 1036 ambi-

338 1075 407 1107 tus
445 1062 763 1105 conceduntur:
816 1059 868 1100 de
913 1058 1223 1113 industriaque,
1262 1071 1349 1097 non
1391 1070 1445 1096 ex
1489 1052 1670 1103 insidiis,
1715 1052 1788 1093 sed

339 1131 487 1179 aperte
510 1135 559 1160 ac
582 1118 724 1175 palam
747 1117 1005 1166 elaboratur,
1029 1126 1076 1156 ut
1106 1117 1237 1157 verba
1268 1113 1410 1154 verbis
1440 1111 1562 1167 quasi
1585 1110 1790 1152 demensa

341 1192 384 1222 et
422 1179 543 1235 paria
584 1175 887 1232 respondeant,
931 1185 978 1214 ut
1019 1174 1171 1214 crebro
1213 1171 1491 1214 conferantur
1535 1167 1790 1225 pugnantia,

298 1246 327 1276 b.
343 1245 733 1293 comparenturque
756 1233 996 1273 contraria:
1029 1241 1072 1271 et
1095 1242 1141 1271 ut
1165 1231 1322 1287 pariter
1341 1238 1537 1269 extrema
1558 1225 1802 1272 terminen-v

344 1305 428 1345 tur,
447 1293 718 1346 eundemque
738 1290 923 1331 referant
945 1290 985 1330 in
1003 1289 1195 1330 cadendo
1214 1301 1364 1328 sonum
1384 1303 1392 1327 :
1424 1301 1521 1341 quae
1544 1284 1588 1325 in
1611 1283 1793 1324 veritate

343 1366 569 1395 causarum
601 1359 645 1389 et
676 1348 809 1389 rarius
842 1347 979 1387 multo
1010 1346 1207 1396 facimus,
1230 1356 1273 1386 et
1302 1354 1416 1384 certe
1451 1341 1677 1384 occultius,
1740 1339 1792 1380 In

346 1408 670 1452 Panathenaico
712 1416 853 1445 autem
899 1405 1109 1445 Isocrates
1148 1407 1186 1437 27
1201 1418 1252 1444 ea
1285 1401 1476 1442 studiose
1511 1407 1795 1441 consecutum

345 1468 520 1509 fatetur.
550 1479 635 1505 non
660 1464 773 1504 enim
795 1463 846 1503 ad
865 1462 1133 1517 judiciorum
1164 1471 1396 1509 certamen,
1417 1459 1488 1499 sed
1523 1458 1575 1498 ad
1599 1455 1798 1511 volupta-

282 1541 334 1576 39
348 1535 433 1566 teni
454 1524 622 1564 aurium
641 1521 884 1575 scripserat.
932 1519 1042 1559 Haec
1061 1528 1265 1559 tractasse
1278 1515 1649 1572 Thrasymachum
1665 1512 1798 1553 Chal-

347 1581 593 1630 cedonium,
626 1578 830 1634 primum,
853 1585 896 1617 et
922 1576 1182 1617 Leontinum
1217 1575 1360 1615 ferunt
1385 1572 1622 1629 Gorgiam:
1654 1569 1798 1611 Theo-

348 1641 502 1681 dorum
535 1637 632 1677 inde
665 1635 942 1691 Byzantium,
978 1633 1222 1688 multosque
1253 1631 1373 1682 alios,
1407 1645 1515 1686 quos
1536 1634 1800 1682 λογοδοιιδοέλους

347 1697 537 1754 appellat
568 1695 612 1734 in
650 1692 836 1733 Phaedro
861 1692 1075 1742 Socrates,
1113 1705 1295 1745 quorum
1331 1690 1432 1730 satis
1466 1699 1620 1745 arguta
1649 1689 1799 1740 multa,

349 1756 422 1797 sed
444 1765 490 1795 ut
514 1752 643 1794 niodo
667 1751 940 1807 primumque
964 1749 1198 1799 nascentia,
1220 1749 1401 1797 minuta,
1429 1756 1473 1787 et
1494 1746 1804 1788 versiculorum

351 1811 511 1854 similia
534 1809 750 1865 quaedam,
775 1807 1043 1862 nimiumque
1065 1806 1252 1862 depicta.
1296 1805 1397 1852 Quo
1417 1804 1557 1860 magis
1587 1815 1687 1846 sunt
1709 1804 1801 1846 He-

351 1870 546 1919 rodotuS,
581 1865 946 1920 Thucydidesque
985 1863 1223 1904 mirabiles:
1268 1877 1450 1918 quorum
1484 1871 1590 1903 aetas
1623 1876 1723 1904 cum
1756 1862 1802 1908 in

351 1942 501 1969 eorum
538 1935 748 1980 tempora,
780 1936 886 1977 quos
921 1921 1157 1972 nominavi,
1194 1921 1430 1970 incidisset,
1459 1919 1708 1976 longissime
1740 1928 1805 1965 ta-

351 2000 452 2026 men
492 1983 574 2039 ipsi
606 1997 630 2022 a
665 1980 822 2023 talibus
856 1979 1036 2030 deliciis,
1074 1977 1138 2020 vel
1174 1978 1318 2034 potius
1351 1977 1525 2028 ineptiis
1557 1976 1804 2022 abfuerunt.

353 2043 460 2083 alter
484 2041 599 2089 enim
624 2039 714 2079 sine
733 2037 827 2078 ullis
853 2036 1029 2077 salebris
1052 2036 1172 2091 quasi
1197 2036 1368 2077 sedatus
1388 2029 1526 2075 amnis
1546 2035 1667 2078 fluit:
1699 2035 1806 2076 alter

356 2099 579 2141 incitatior
615 2096 765 2146 fertur,
786 2104 828 2135 et
850 2094 903 2134 de
936 2094 1100 2135 bellicis
1128 2094 1253 2134 rebus
1285 2093 1402 2133 canit
1430 2092 1561 2133 etiam
1595 2092 1807 2147 quodam-

357 2158 488 2198 modo
513 2155 740 2196 bellicum:
775 2152 1010 2209 primisque
1032 2152 1086 2192 ab
1110 2151 1175 2191 his
1198 2155 1265 2203 (ut
1283 2151 1344 2191 ait
1374 2149 1717 2206 Theophrastus)
1741 2149 1808 2190 hi-

360 2215 492 2255 storia
513 2221 735 2254 commota
756 2220 835 2259 est,
854 2219 901 2250 ut
921 2209 1098 2250 auderet
1122 2208 1309 2258 uberius,
1332 2222 1462 2263 quam
1488 2207 1744 2263 superiores,
1763 2215 1808 2248 et

280 2261 345 2317 13
360 2271 552 2321 ornatius
572 2270 728 2311 dicere.
794 2266 963 2307 Horum
985 2267 1103 2307 aetati
1122 2266 1327 2312 successit
1351 2265 1577 2316 Isocrates,
1599 2265 1673 2320 qui
1697 2279 1808 2321 prae-

295 2334 348 2366 40
361 2340 424 2371 ter
446 2339 610 2370 ceteros
633 2325 826 2381 ejusdem
859 2324 1027 2380 generis
1062 2323 1258 2365 laudatur
1291 2337 1458 2379 semper
1489 2337 1513 2363 a
1537 2323 1676 2374 nobis,
1700 2337 1809 2364 none

358 2400 610 2441 numquam,
636 2384 785 2433 Brute,
808 2382 1010 2422 281eviter
1040 2391 1082 2421 et
1105 2381 1271 2422 erudite
1301 2390 1569 2437 repugnante
1593 2389 1648 2421 te.
1680 2383 1720 2414 29
1735 2379 1807 2421 sed

357 2445 484 2486 cedas
506 2442 612 2485 mihi
633 2441 829 2490 fortasse,
849 2439 898 2491 si,
917 2439 1019 2494 quid
1045 2439 1087 2479 in
1110 2453 1161 2480 eo
1185 2438 1370 2490 laudem,
1387 2437 1659 2494 cognoveris.
1693 2436 1807 2478 Nam

398 2571 437 2602 97
461 2578 498 2598 ea
521 2568 660 2599 studiose
686 2564 904 2603 consecutum]
943 2564 995 2594 Sic
1022 2574 1060 2594 cx
1105 2568 1186 2604 puto
1224 2564 1352 2600 leniter,
1382 2562 1469 2603 quod
1497 2563 1602 2602 magis
1636 2562 1812 2593 sententiae

356 2611 427 2642 edd.
444 2611 524 2640 Ven.
543 2609 630 2640 Med.
659 2608 893 2648 rescripsimus,
911 2612 948 2636 ut
963 2612 1012 2636 est
1027 2607 1061 2636 in
1107 2607 1275 2642 convenit,
1293 2612 1326 2636 et
1341 2605 1478 2636 eruditae
1493 2605 1722 2646 disputationi.

358 2662 461 2692 marg.
475 2653 526 2682 ed.
547 2652 634 2691 Lips.
659 2661 717 2690 pro
742 2651 877 2687 vulgato
901 2654 1059 2679 consecta-
1149 2651 1189 2683 29
1211 2649 1270 2679 secl
1278 2648 1372 2679 cedas
1385 2649 1465 2678 mihi
1467 2646 1520 2687 ιῙζ]
1547 2648 1682 2679 Correxi
1698 2647 1813 2687 vulga-

357 2700 441 2732 tum,
459 2705 516 2736 pro
533 2704 598 2733 quo
613 2694 761 2732 consequi
783 2692 845 2722 dici
870 2702 888 2721 a
905 2693 1062 2722 Cicerone
1106 2694 1181 2721 tuin
1196 2691 1323 2727 credas,
1337 2690 1424 2729 quod
1445 2699 1513 2720 non
1534 2695 1650 2730 aptum
1673 2695 1724 2721 est
1740 2690 1773 2720 h.
1787 2690 1811 2721 Ι.

358 2749 387 2769 v.
412 2739 445 2767 in
473 2736 564 2768 Clav.
610 2736 673 2766 Sed
694 2736 795 2765 etiam
823 2739 897 2774 post
924 2734 1064 2764 studiose
1113 2733 1214 2763 fedas
1241 2733 1416 2773 respondet
1450 2738 1602 2764 accurate
1629 2732 1727 2763 verbo
1759 2742 1813 2763 re-

356 2780 499 2811 arbitror
511 2778 666 2810 excidisse
680 2788 726 2810 se:
752 2777 875 2816 quare?
902 2776 935 2806 in
951 2786 1062 2817 prom·
1099 2784 1272 2814 pugnare,
1288 2774 1375 2814 quod
1387 2776 1565 2815 praecessit.
1611 2775 1727 2815 ltaque
1742 2766 1815 2805 cor-s·

356 2829 394 2853 tu
410 2828 470 2852 est.
516 2856 527 2863 ,
1107 2818 1210 2848 rectio
1226 2817 1406 2848 necessaria
1422 2817 1498 2848 fuit.
1522 2818 1548 2847 si
1563 2818 1636 2857 quis
1651 2817 1747 2848 malit
1762 2826 1813 2850 cer

400 2867 439 2895 28
463 2861 840 2902 leviter—repugnante]
859 2861 996 2891 Possum
1012 2860 1062 2890 in-
1105 2859 1172 2898 des,
1187 2870 1251 2899 quo
1266 2859 1358 2890 (lucit
1370 2860 1436 2892 Ms.
1451 2860 1491 2892 V.
1503 2860 1558 2900 qui
1580 2860 1680 2892 habet
1693 2859 1817 2902 credes,

356 2906 505 2947 telligere
532 2905 741 2947 paullulum3
772 2903 829 2935 sed
853 2913 967 2935 verum
993 2912 1061 2934 esse
1108 2912 1176 2933 non
1189 2912 1382 2944 repugnem.
