1914 3220
288 158 377 200 lviii
800 157 1217 203 PRAEFATIO.

292 262 499 304 Pateat-tio
531 263 707 306 fuctum.
771 264 838 306 De
870 280 956 321 quo
990 266 1116 308 video
1148 281 1233 307 non
1268 265 1510 308 consentire
1539 264 1727 308 virorum

286 334 513 373 doctorum
544 333 808 374 traditiones,
872 333 984 374 Nam
1016 335 1120 385 vidi,
1151 335 1223 390 qni
1247 335 1480 376 editionem
1513 336 1725 378 minorum

287 400 526 442 libellorum
550 402 835 442 oratoriorum
859 401 912 441 ab
934 401 1124 443 editione
1154 403 1359 444 librorum
1382 404 1434 445 (lc
1459 404 1642 445 Oratore
1663 405 1728 446 di-

286 470 581 526 stinguerent;
614 470 716 510 item
750 471 822 525 qni
856 470 893 510 ei
931 479 1096 511 tantum
1133 471 1180 512 de
1217 470 1405 521 Oratore,
1443 471 1658 513 Oratorem
1690 479 1728 514 et

288 537 468 581 ‚Brutum
494 539 743 579 tribuerent.
804 538 887 578 Sed
920 538 961 578 in
985 539 1166 594 epistola
1198 550 1299 581 nota
1331 541 1482 582 horum
1513 541 1727 583 artificum

283 607 336 648 ad
364 606 559 648 Paullum
588 607 655 647 II.
680 607 790 647 inter
811 606 940 647 libros
972 607 1027 647 ab
1049 622 1092 648 se
1114 608 1250 649 editos
1273 608 1429 650 diserte
1454 608 1660 650 Ciceronis
1679 608 1728 651 de

287 673 464 716 Oratore
500 690 588 715 4·an
626 675 778 726 celeris,
812 685 1176 717 commemorant:
1217 677 1328 718 unde
1361 677 1576 733 conjicere
1612 677 1728 729 licet,

284 742 415 783 etiam
443 742 592 796 Topica
614 751 657 783 et
687 742 944 784 Partitiones
974 744 1017 785 in
1051 744 1101 785 iis
1133 744 1341 801 exemplis
1372 759 1476 786 esse.
1538 745 1621 786 Sed
1653 745 1726 801 qui

284 810 423 865 ipsum
460 825 568 866 opus
611 811 810 862 viderint,
852 813 1097 854 decernant.
1158 813 1272 854 Nam
1311 814 1426 869 quod
1463 812 1729 854 Decembrins

287 877 419 919 Polit.
451 878 560 919 liter.
585 894 626 935 p.
650 885 718 921 33.
752 880 836 921 ait:
879 880 1053 923 Brutum
1084 882 1306 923 inventum
1339 895 1443 932 esse,
1466 891 1510 922 et
1539 880 1727 937 primum

282 948 552 1005 publicatum
576 963 601 988 a
625 947 816 989 Caurino
843 946 1074 1000 Veronensi,
1098 949 1140 990 id
1171 964 1258 990 non
1289 950 1341 990 ad
1365 948 1725 1006 typographicam

282 1017 495 1058 rationem
528 1015 729 1072 pertinet,
763 1015 836 1056 sed
868 1015 921 1057 ad
957 1016 1170 1072 exempla,
1205 1032 1303 1072 quae
1337 1018 1563 1059 scribendo
1600 1017 1728 1059 fiunt.

282 1085 487 1126 Ceterum
522 1085 720 1135 arbitror,
753 1098 821 1126 me
854 1085 965 1126 illius
999 1085 1188 1127 Romani
1222 1086 1410 1142 exempli
1444 1094 1613 1126 textum
1651 1085 1727 1126 ha-

281 1155 425 1197 buisse
458 1154 500 1195 in
529 1153 763 1195 eorundem
784 1152 1104 1209 opusculorum,
1128 1163 1455 1210 ceterorumque
1484 1153 1726 1195 libellorum

280 1223 595 1264 rhetoricorum
627 1222 865 1274 Ciceronis,
894 1222 1103 1279 exemplis
1135 1222 1326 1274 Venetis,
1358 1223 1412 1263 ab
1436 1221 1574 1263 Andr.
1596 1221 1727 1264 Ascu-

278 1289 374 1332 lano
402 1297 522 1333 1485.
546 1291 718 1332 curatis.
781 1291 896 1332 Nam
918 1291 1120 1348 primum,
1142 1306 1241 1333 cum
1263 1290 1422 1332 nullam
1446 1290 1573 1331 aliam
1595 1290 1727 1332 inter-

279 1358 467 1399 mediam
493 1374 640 1400 eorum
663 1359 898 1401 editionem
929 1359 1089 1402 factam
1119 1373 1210 1401 esse
1240 1367 1423 1410 constet,
1453 1358 1551 1400 haec
1582 1365 1726 1399 autem

280 1423 449 1466 Veneta
473 1434 640 1468 tantum
664 1428 926 1484 typographi
951 1443 1058 1485 opus
1091 1428 1170 1480 sit;
1201 1441 1374 1468 necesse
1406 1434 1485 1477 est,
1511 1434 1561 1466 ut
1597 1425 1640 1467 in
1674 1438 1726 1466 ea

279 1494 336 1535 sit
360 1508 476 1536 mera
500 1496 698 1551 repetitio
722 1496 952 1552 superioris
974 1496 1162 1553 exempli
1194 1495 1398 1538 Romani.
1459 1494 1630 1536 Deinde
1661 1508 1727 1535 re-

277 1562 384 1617 peri,
407 1562 613 1604 lectiones
644 1579 669 1604 a
695 1562 822 1606 Rivio
846 1565 891 1605 in
915 1565 1113 1621 Castigg.
1146 1565 1189 1606 in
1222 1564 1404 1605 Brutum
1428 1572 1472 1603 et
1495 1561 1726 1604 Oratorem

276 1641 634 1673 commemoratas
665 1647 688 1673 e
727 1632 926 1675 Romano
959 1632 1176 1689 exemplo,
1211 1646 1302 1674 esse
1332 1645 1466 1688 prope
1497 1645 1646 1672 omnes
1680 1630 1724 1672 in

274 1700 359 1742 hoc
383 1700 575 1742 Veneto:
610 1701 699 1751 has,
723 1702 766 1741 in
788 1701 945 1757 quibus
968 1701 1060 1742 abit
1085 1701 1168 1742 hoc
1191 1701 1245 1742 ab
1268 1700 1355 1751 illo,
1377 1714 1469 1741 esse
1491 1699 1598 1741 vitia
1616 1708 1723 1756 puto

275 1785 517 1826 operarum,
550 1779 598 1810 ut
629 1770 673 1810 in
699 1768 774 1811 Or.
805 1775 875 1821 39,
900 1769 975 1811 ubi
1008 1784 1032 1810 e
1065 1768 1265 1810 Romano
1290 1768 1440 1811 Rivius
1459 1782 1724 1810 commemo-

274 1848 354 1890 rat,
383 1839 468 1880 sine
489 1853 560 1879 eon
586 1838 811 1879 ormatione
840 1837 1045 1879 sententiae
1072 1837 1239 1889 dicitur,
1269 1836 1354 1878 hoc
1383 1836 1516 1878 habet
1536 1836 1723 1889 edicitur„

274 1907 390 1963 quod
424 1922 478 1948 ex
512 1921 564 1948 eo
596 1907 639 1948 in
675 1914 901 1962 sequentes
933 1906 1144 1948 editiones
1177 1920 1326 1947 omnes
1364 1906 1507 1948 venit:
1540 1905 1584 1946 in
1620 1920 1722 1961 quo,

270 1989 360 2016 non
383 1975 551 2027 dubito,
573 1975 740 2017 literam
771 1975 886 2017 illam
919 1976 1103 2032 primam
1124 1983 1284 2016 temere
1314 1988 1337 2014 e
1360 1973 1444 2014 fine
1475 1974 1722 2030 praeceden-

272 2045 327 2084 tis
350 2045 470 2085 verbi
493 2044 720 2101 repetitam
743 2058 848 2085 esse.
910 2043 1115 2085 Ceterum
1139 2043 1299 2084 nullam
1322 2042 1558 2084 editionem
1587 2043 1720 2099 hujus

271 2111 419 2163 libelli,
454 2121 609 2168 praeter
645 2126 730 2164 eas,
760 2127 857 2168 quae
897 2120 997 2153 sunt
1035 2126 1286 2154 communes
1314 2111 1468 2152 ceteris
1502 2111 1716 2162 oratoriis,

269 2179 517 2231 habuimus,
539 2179 620 2221 nisi
647 2177 935 2232 Corradinam,
959 2180 1083 2236 cujus
1105 2189 1248 2221 tamen
1272 2188 1417 2220 textus
1448 2179 1502 2220 ad
1523 2180 1720 2221 criticam

268 2248 478 2289 rationem
503 2262 653 2304 parum
677 2247 866 2303 prodest.

329 2314 381 2356 In
410 2316 562 2356 ceteris
595 2315 764 2366 libellis,
796 2322 953 2372 praeter
983 2315 1224 2357 editionum
1247 2314 1544 2356 communium
1574 2329 1722 2357 exem-

268 2382 352 2438 pla,
383 2384 500 2424 nacti
531 2397 676 2425 sumus
709 2383 895 2440 primum
927 2397 981 2425 ex
1013 2383 1289 2425 Bibliotheca
1314 2381 1564 2423 Academiae
1595 2382 1720 2423 Vite-

267 2452 503 2507 bergensis,
542 2467 617 2509 per
650 2462 838 2494 veterem
880 2451 1067 2493 amicum
1111 2460 1305 2492 nostrum
1345 2449 1569 2502 Ritterum‚
1598 2450 1718 2493 ,Iuris

266 2519 421 2560 veteris
444 2529 487 2560 ct
509 2519 702 2561 historiae
722 2521 862 2562 omnis
884 2520 1093 2571 omnium,
1116 2519 1188 2575 qui
1222 2519 1389 2574 uspiam
1421 2528 1534 2570 sun-t,
1556 2518 1719 2560 doctis-

265 2588 436 2640 simum,
459 2589 616 2629 librum
649 2589 858 2645 scriptum
882 2588 1172 2639 chartaceum,
1202 2587 1246 2628 in
1268 2602 1354 2643 quo
1377 2596 1519 2628 essent
1546 2585 1715 2637 Orator,

267 2657 434 2713 Topica,
471 2657 742 2709 Par-titiones,
775 2667 818 2699 et
847 2655 1043 2713 praefatio
1080 2654 1327 2698 Orctlionum
1358 2655 1642 2698 Demosthenis
1675 2664 1714 2698 et

261 2725 464 2766 sEscleinis
494 2725 542 2767 cle
573 2726 722 2781 optimo
750 2739 896 2782 genere
917 2732 1138 2766 oratorum.
1199 2723 1269 2765 Ad
1298 2723 1389 2779 ejus
1422 2724 1518 2765 libri
1550 2724 1713 2766 calcem

257 2793 417 2848 scripta
459 2802 558 2834 sunt
605 2794 730 2835 haec:
784 2793 878 2850 Ego
914 2792 1024 2835 Milo
1066 2793 1114 2834 (le
1149 2791 1365 2844 Carraria,
1401 2791 1651 2843 Pata-vinus,
1693 2806 1715 2832 e

259 2857 510 2915 Magnetum
549 2875 709 2917 genere,
744 2861 885 2917 scripsi
915 2860 1056 2905 Romae
1086 2875 1193 2903 anno
1227 2876 1251 2903 a
1284 2860 1505 2903 nativitate
1538 2858 1714 2902 Domini
