<?xml version="1.0" encoding="UTF-8"?>
<!DOCTYPE html PUBLIC "-//W3C//DTD XHTML 1.0 Transitional//EN"
    "http://www.w3.org/TR/xhtml1/DTD/xhtml1-transitional.dtd">
<html xmlns="http://www.w3.org/1999/xhtml" xml:lang="en" lang="en">
 <head>
  <title>
</title>
<meta http-equiv="Content-Type" content="text/html;charset=utf-8" />
  <meta name='ocr-system' content='tesseract 3.04.00' />
  <meta name='ocr-capabilities' content='ocr_page ocr_carea ocr_par ocr_line ocrx_word'/>
</head>
<body>
  <div class='ocr_page' id='page_1' title='image "./operaomnia01ciceuoft/operaomnia01ciceuoft_0620.png"; bbox 0 0 1945 3235; ppageno 0'>
   <div class='ocr_carea' id='block_1_1' title="bbox 344 135 1209 173">
    <p class='ocr_par' dir='ltr' id='par_1_1' title="bbox 344 135 1209 173">
     <span class='ocr_line' id='line_1_1' title="bbox 344 135 1209 173; baseline 0 -1"><span class='ocrx_word' id='word_1_1' title='bbox 344 138 419 172; x_wconf 77' lang='lat'><em>548</em></span> <span class='ocrx_word' id='word_1_2' title='bbox 917 135 1209 173; x_wconf 87' lang='lat' dir='ltr'>ORATOR.</span> 
     </span>
    </p>
   </div>
   <div class='ocr_carea' id='block_1_2' title="bbox 264 237 1802 2193">
    <p class='ocr_par' dir='ltr' id='par_1_2' title="bbox 264 237 1802 2193">
     <span class='ocr_line' id='line_1_2' title="bbox 343 237 1788 294; baseline 0.001 -16"><span class='ocrx_word' id='word_1_3' title='bbox 343 238 517 293; x_wconf 83' lang='lat' dir='ltr'><em>quidam</em></span> <span class='ocrx_word' id='word_1_4' title='bbox 557 237 750 293; x_wconf 76' lang='lat' dir='ltr'><em>pertisum</em></span> <span class='ocrx_word' id='word_1_5' title='bbox 788 238 919 280; x_wconf 86' lang='lat' dir='ltr'><em>etiam</em></span> <span class='ocrx_word' id='word_1_6' title='bbox 956 239 1131 282; x_wconf 88' lang='lat' dir='ltr'><em>volunt:</em></span> <span class='ocrx_word' id='word_1_7' title='bbox 1175 238 1289 294; x_wconf 89' lang='lat' dir='ltr'><em>quod</em></span> <span class='ocrx_word' id='word_1_8' title='bbox 1329 237 1479 280; x_wconf 86' lang='lat' dir='ltr'><em>eadem</em></span> <span class='ocrx_word' id='word_1_9' title='bbox 1514 237 1788 281; x_wconf 83' lang='lat' dir='ltr'><em>consuetudo</em></span> 
     </span>
     <span class='ocr_line' id='line_1_3' title="bbox 344 295 1788 352; baseline 0.001 -16"><span class='ocrx_word' id='word_1_10' title='bbox 344 310 430 336; x_wconf 89' lang='lat' dir='ltr'><em>non</em></span> <span class='ocrx_word' id='word_1_11' title='bbox 466 296 678 351; x_wconf 87' lang='lat' dir='ltr'><em>probavit.</em></span> <span class='ocrx_word' id='word_1_12' title='bbox 739 296 856 342; x_wconf 88' lang='lat' dir='ltr'>Quid</span> <span class='ocrx_word' id='word_1_13' title='bbox 881 311 980 338; x_wconf 83' lang='lat' dir='ltr'><em>vero</em></span> <span class='ocrx_word' id='word_1_14' title='bbox 1004 298 1086 339; x_wconf 85' lang='lat' dir='ltr'><em>hoc</em></span> <span class='ocrx_word' id='word_1_15' title='bbox 1109 296 1361 352; x_wconf 83' lang='lat' dir='ltr'><em>elegantius,</em></span> <span class='ocrx_word' id='word_1_16' title='bbox 1384 295 1501 351; x_wconf 89' lang='lat' dir='ltr'><em>quod</em></span> <span class='ocrx_word' id='word_1_17' title='bbox 1531 311 1619 337; x_wconf 89' lang='lat' dir='ltr'><em>non</em></span> <span class='ocrx_word' id='word_1_18' title='bbox 1641 295 1691 337; x_wconf 88' lang='lat' dir='ltr'><em>fit</em></span> <span class='ocrx_word' id='word_1_19' title='bbox 1711 311 1788 338; x_wconf 85' lang='lat' dir='ltr'><em>na-</em></span> 
     </span>
     <span class='ocr_line' id='line_1_4' title="bbox 346 353 1790 409; baseline 0.002 -17"><span class='ocrx_word' id='word_1_20' title='bbox 346 362 454 402; x_wconf 86' lang='lat' dir='ltr'><em>tura,</em></span> <span class='ocrx_word' id='word_1_21' title='bbox 479 353 550 393; x_wconf 92' lang='lat' dir='ltr'><em>sed</em></span> <span class='ocrx_word' id='word_1_22' title='bbox 573 353 759 408; x_wconf 86' lang='lat' dir='ltr'><em>quodam</em></span> <span class='ocrx_word' id='word_1_23' title='bbox 788 353 1016 396; x_wconf 82' lang='lat' dir='ltr'><em>instituto?</em></span> <span class='ocrx_word' id='word_1_24' title='bbox 1047 358 1087 386; x_wconf 78' lang='lat'><em>32</em></span> <span class='ocrx_word' id='word_1_25' title='bbox 1101 354 1263 395; x_wconf 77' lang='lat' dir='ltr'><em>inclitus</em></span> <span class='ocrx_word' id='word_1_26' title='bbox 1284 354 1468 395; x_wconf 87' lang='lat' dir='ltr'>dicimus</span> <span class='ocrx_word' id='word_1_27' title='bbox 1499 354 1618 395; x_wconf 89' lang='lat' dir='ltr'><em>brevi</em></span> <span class='ocrx_word' id='word_1_28' title='bbox 1649 353 1790 409; x_wconf 83' lang='lat' dir='ltr'><em>prima</em></span> 
     </span>
     <span class='ocr_line' id='line_1_5' title="bbox 345 408 1790 467; baseline 0.001 -17"><span class='ocrx_word' id='word_1_29' title='bbox 345 409 501 461; x_wconf 82' lang='lat' dir='ltr'><em>littera,</em></span> <span class='ocrx_word' id='word_1_30' title='bbox 536 410 699 451; x_wconf 76' lang='lat' dir='ltr'><em>insanus</em></span> <span class='ocrx_word' id='word_1_31' title='bbox 737 411 971 466; x_wconf 85' lang='lat' dir='ltr'><em>producta:</em></span> <span class='ocrx_word' id='word_1_32' title='bbox 1003 411 1246 453; x_wconf 79' lang='lat' dir='ltr'><em>inhumanus</em></span> <span class='ocrx_word' id='word_1_33' title='bbox 1286 411 1419 461; x_wconf 90' lang='lat' dir='ltr'><em>brevi,</em></span> <span class='ocrx_word' id='word_1_34' title='bbox 1450 408 1597 467; x_wconf 71' lang='lat' dir='ltr'><em>infelix</em></span> <span class='ocrx_word' id='word_1_35' title='bbox 1633 410 1790 467; x_wconf 86' lang='lat' dir='ltr'><em>longa:</em></span> 
     </span>
     <span class='ocr_line' id='line_1_6' title="bbox 345 467 1790 524; baseline 0 -16"><span class='ocrx_word' id='word_1_36' title='bbox 345 476 403 519; x_wconf 88' lang='lat' dir='ltr'><em>et,</em></span> <span class='ocrx_word' id='word_1_37' title='bbox 425 482 478 508; x_wconf 88' lang='lat' dir='ltr'><em>ne</em></span> <span class='ocrx_word' id='word_1_38' title='bbox 501 467 661 518; x_wconf 87' lang='lat' dir='ltr'><em>multis,</em></span> <span class='ocrx_word' id='word_1_39' title='bbox 683 469 839 523; x_wconf 85' lang='lat' dir='ltr'><em>quibus</em></span> <span class='ocrx_word' id='word_1_40' title='bbox 863 468 905 508; x_wconf 92' lang='lat' dir='ltr'><em>in</em></span> <span class='ocrx_word' id='word_1_41' title='bbox 931 470 1070 509; x_wconf 86' lang='lat' dir='ltr'><em>verbis</em></span> <span class='ocrx_word' id='word_1_42' title='bbox 1093 485 1153 510; x_wconf 82' lang='lat' dir='ltr'><em>eae</em></span> <span class='ocrx_word' id='word_1_43' title='bbox 1189 468 1338 524; x_wconf 80' lang='lat' dir='ltr'><em>primae</em></span> <span class='ocrx_word' id='word_1_44' title='bbox 1370 468 1523 509; x_wconf 85' lang='lat' dir='ltr'><em>litterae</em></span> <span class='ocrx_word' id='word_1_45' title='bbox 1556 478 1670 519; x_wconf 90' lang='lat' dir='ltr'><em>sunt,</em></span> <span class='ocrx_word' id='word_1_46' title='bbox 1691 481 1790 524; x_wconf 89' lang='lat' dir='ltr'><em>quae</em></span> 
     </span>
     <span class='ocr_line' id='line_1_7' title="bbox 346 523 1794 581; baseline -0.001 -14"><span class='ocrx_word' id='word_1_47' title='bbox 346 525 388 567; x_wconf 89' lang='lat' dir='ltr'><em>in</em></span> <span class='ocrx_word' id='word_1_48' title='bbox 419 525 612 579; x_wconf 77' lang='lat' dir='ltr'><em>sapiente,</em></span> <span class='ocrx_word' id='word_1_49' title='bbox 633 535 762 580; x_wconf 87' lang='lat' dir='ltr'><em>atquc</em></span> <span class='ocrx_word' id='word_1_50' title='bbox 779 523 923 581; x_wconf 86' lang='lat' dir='ltr'><em>felice,</em></span> <span class='ocrx_word' id='word_1_51' title='bbox 954 528 993 556; x_wconf 81' lang='grc'><em>33</em></span> <span class='ocrx_word' id='word_1_52' title='bbox 1008 526 1214 581; x_wconf 84' lang='lat' dir='ltr'><em>producte</em></span> <span class='ocrx_word' id='word_1_53' title='bbox 1245 526 1427 576; x_wconf 75' lang='lat' dir='ltr'><em>dicitur3</em></span> <span class='ocrx_word' id='word_1_54' title='bbox 1459 525 1502 566; x_wconf 88' lang='lat' dir='ltr'><em>in</em></span> <span class='ocrx_word' id='word_1_55' title='bbox 1525 525 1678 567; x_wconf 87' lang='lat' dir='ltr'><em>ceteris</em></span> <span class='ocrx_word' id='word_1_56' title='bbox 1699 523 1794 565; x_wconf 85' lang='lat' dir='ltr'><em>om-</em></span> 
     </span>
     <span class='ocr_line' id='line_1_8' title="bbox 345 582 1794 638; baseline -0.001 -14"><span class='ocrx_word' id='word_1_57' title='bbox 345 582 489 633; x_wconf 87' lang='lat' dir='ltr'><em>nibus,</em></span> <span class='ocrx_word' id='word_1_58' title='bbox 513 583 713 624; x_wconf 84' lang='lat' dir='ltr'><em>breviter.</em></span> <span class='ocrx_word' id='word_1_59' title='bbox 737 582 926 637; x_wconf 82' lang='lat' dir='ltr'>itemque</span> <span class='ocrx_word' id='word_1_60' title='bbox 948 583 1181 637; x_wconf 79' lang='lat' dir='ltr'><em>composuit,</em></span> <span class='ocrx_word' id='word_1_61' title='bbox 1200 583 1417 634; x_wconf 74' lang='lat' dir='ltr'><em>consuevit,</em></span> <span class='ocrx_word' id='word_1_62' title='bbox 1434 582 1678 638; x_wconf 77' lang='lat' dir='ltr'><em>concrepuit,</em></span> <span class='ocrx_word' id='word_1_63' title='bbox 1699 596 1794 623; x_wconf 79' lang='lat' dir='ltr'><em>con-</em></span> 
     </span>
     <span class='ocr_line' id='line_1_9' title="bbox 332 637 1795 697; baseline 0 -17"><span class='ocrx_word' id='word_1_64' title='bbox 332 637 468 697; x_wconf 84' lang='lat' dir='ltr'><em>fecit:</em></span> <span class='ocrx_word' id='word_1_65' title='bbox 500 639 675 682; x_wconf 90' lang='lat' dir='ltr'><em>consule</em></span> <span class='ocrx_word' id='word_1_66' title='bbox 708 639 946 689; x_wconf 85' lang='lat' dir='ltr'><em>veritatem,</em></span> <span class='ocrx_word' id='word_1_67' title='bbox 971 640 1277 695; x_wconf 78' lang='lat' dir='ltr'><em>reprehendet:</em></span> <span class='ocrx_word' id='word_1_68' title='bbox 1311 640 1420 681; x_wconf 87' lang='lat' dir='ltr'><em>refer</em></span> <span class='ocrx_word' id='word_1_69' title='bbox 1450 640 1502 681; x_wconf 88' lang='lat' dir='ltr'><em>ad</em></span> <span class='ocrx_word' id='word_1_70' title='bbox 1535 654 1672 691; x_wconf 87' lang='lat' dir='ltr'><em>aures,</em></span> <span class='ocrx_word' id='word_1_71' title='bbox 1694 653 1795 696; x_wconf 93' lang='lat' dir='ltr'><em>pro-</em></span> 
     </span>
     <span class='ocr_line' id='line_1_10' title="bbox 350 696 1796 754; baseline -0.001 -16"><span class='ocrx_word' id='word_1_72' title='bbox 350 697 529 738; x_wconf 86' lang='lat' dir='ltr'><em>babunt.</em></span> <span class='ocrx_word' id='word_1_73' title='bbox 561 710 721 752; x_wconf 88' lang='lat' dir='ltr'><em>quaere,</em></span> <span class='ocrx_word' id='word_1_74' title='bbox 743 699 847 738; x_wconf 89' lang='lat' dir='ltr'><em>cur?</em></span> <span class='ocrx_word' id='word_1_75' title='bbox 878 696 940 737; x_wconf 88' lang='lat' dir='ltr'><em>ita</em></span> <span class='ocrx_word' id='word_1_76' title='bbox 968 710 1010 737; x_wconf 89' lang='lat' dir='ltr'><em>se</em></span> <span class='ocrx_word' id='word_1_77' title='bbox 1041 696 1188 738; x_wconf 90' lang='lat' dir='ltr'><em>dicent</em></span> <span class='ocrx_word' id='word_1_78' title='bbox 1215 697 1374 752; x_wconf 88' lang='lat' dir='ltr'><em>juvari.</em></span> <span class='ocrx_word' id='word_1_79' title='bbox 1407 697 1619 754; x_wconf 84' lang='lat' dir='ltr'><em>voluptati</em></span> <span class='ocrx_word' id='word_1_80' title='bbox 1650 704 1796 738; x_wconf 82' lang='lat' dir='ltr'><em>autem</em></span> 
     </span>
     <span class='ocr_line' id='line_1_11' title="bbox 264 753 1796 812; baseline -0.001 -16"><span class='ocrx_word' id='word_1_81' title='bbox 264 755 515 808; x_wconf 79' lang='lat' dir='ltr'><em>160au1·ium</em></span> <span class='ocrx_word' id='word_1_82' title='bbox 548 754 799 810; x_wconf 84' lang='lat' dir='ltr'><em>morigerari</em></span> <span class='ocrx_word' id='word_1_83' title='bbox 831 753 960 795; x_wconf 88' lang='lat' dir='ltr'><em>debet</em></span> <span class='ocrx_word' id='word_1_84' title='bbox 990 755 1144 795; x_wconf 82' lang='lat' dir='ltr'><em>oratio.</em></span> <span class='ocrx_word' id='word_1_85' title='bbox 1206 755 1324 801; x_wconf 81' lang='lat' dir='ltr'><em>Quin</em></span> <span class='ocrx_word' id='word_1_86' title='bbox 1347 769 1429 811; x_wconf 84' lang='lat' dir='ltr'><em>ego</em></span> <span class='ocrx_word' id='word_1_87' title='bbox 1453 755 1557 812; x_wconf 85' lang='lat' dir='ltr'><em>ipse,</em></span> <span class='ocrx_word' id='word_1_88' title='bbox 1581 769 1681 797; x_wconf 89' lang='lat' dir='ltr'><em>cum</em></span> <span class='ocrx_word' id='word_1_89' title='bbox 1712 753 1796 795; x_wconf 91' lang='lat' dir='ltr'><em>sci-</em></span> 
     </span>
     <span class='ocr_line' id='line_1_12' title="bbox 348 810 1796 867; baseline 0 -15"><span class='ocrx_word' id='word_1_90' title='bbox 348 826 437 853; x_wconf 86' lang='lat' dir='ltr'><em>rem</em></span> <span class='ocrx_word' id='word_1_91' title='bbox 469 812 529 852; x_wconf 89' lang='lat' dir='ltr'><em>ita</em></span> <span class='ocrx_word' id='word_1_92' title='bbox 565 811 749 866; x_wconf 83' lang='lat' dir='ltr'><em>majores</em></span> <span class='ocrx_word' id='word_1_93' title='bbox 780 811 947 852; x_wconf 89' lang='lat' dir='ltr'><em>locutos</em></span> <span class='ocrx_word' id='word_1_94' title='bbox 978 826 1083 863; x_wconf 80' lang='lat' dir='ltr'><em>esse,</em></span> <span class='ocrx_word' id='word_1_95' title='bbox 1116 821 1164 852; x_wconf 87' lang='lat' dir='ltr'><em>ut</em></span> <span class='ocrx_word' id='word_1_96' title='bbox 1195 826 1423 867; x_wconf 82' lang='lat' dir='ltr'>nusquam,</span> <span class='ocrx_word' id='word_1_97' title='bbox 1452 813 1531 854; x_wconf 87' lang='lat' dir='ltr'><em>nisi</em></span> <span class='ocrx_word' id='word_1_98' title='bbox 1567 813 1610 853; x_wconf 92' lang='lat' dir='ltr'><em>in</em></span> <span class='ocrx_word' id='word_1_99' title='bbox 1642 810 1796 863; x_wconf 83' lang='lat' dir='ltr'><em>vocali,</em></span> 
     </span>
     <span class='ocr_line' id='line_1_13' title="bbox 346 867 1796 927; baseline -0.001 -17"><span class='ocrx_word' id='word_1_100' title='bbox 346 869 639 924; x_wconf 79' lang='lat' dir='ltr'><em>adspiratione</em></span> <span class='ocrx_word' id='word_1_101' title='bbox 662 878 897 919; x_wconf 87' lang='lat' dir='ltr'><em>uterentur,</em></span> <span class='ocrx_word' id='word_1_102' title='bbox 920 869 1126 925; x_wconf 80' lang='lat' dir='ltr'><em>loquebar</em></span> <span class='ocrx_word' id='word_1_103' title='bbox 1150 869 1225 920; x_wconf 86' lang='lat' dir='ltr'><em>sic,</em></span> <span class='ocrx_word' id='word_1_104' title='bbox 1248 880 1296 911; x_wconf 90' lang='lat' dir='ltr'><em>ut</em></span> <span class='ocrx_word' id='word_1_105' title='bbox 1310 868 1489 924; x_wconf 76' lang='lat' dir='ltr'><em>pulcros,</em></span> <span class='ocrx_word' id='word_1_106' title='bbox 1515 867 1696 927; x_wconf 75' lang='lat' dir='ltr'><em>CetegOS,</em></span> <span class='ocrx_word' id='word_1_107' title='bbox 1719 867 1796 909; x_wconf 83' lang='lat' dir='ltr'><em>tri-</em></span> 
     </span>
     <span class='ocr_line' id='line_1_14' title="bbox 346 925 1797 983; baseline -0.001 -16"><span class='ocrx_word' id='word_1_108' title='bbox 346 941 498 981; x_wconf 79' lang='lat' dir='ltr'><em>umpos,</em></span> <span class='ocrx_word' id='word_1_109' title='bbox 524 926 800 983; x_wconf 73' lang='lat' dir='ltr'><em>Kartaginem</em></span> <span class='ocrx_word' id='word_1_110' title='bbox 830 927 1042 968; x_wconf 82' lang='lat' dir='ltr'><em>dicerem:</em></span> <span class='ocrx_word' id='word_1_111' title='bbox 1076 926 1322 982; x_wconf 87' lang='lat' dir='ltr'><em>aliquando,</em></span> <span class='ocrx_word' id='word_1_112' title='bbox 1355 926 1483 982; x_wconf 88' lang='lat' dir='ltr'><em>idque</em></span> <span class='ocrx_word' id='word_1_113' title='bbox 1515 941 1622 978; x_wconf 91' lang='lat' dir='ltr'><em>sero,</em></span> <span class='ocrx_word' id='word_1_114' title='bbox 1646 925 1797 968; x_wconf 89' lang='lat' dir='ltr'><em>convi-</em></span> 
     </span>
     <span class='ocr_line' id='line_1_15' title="bbox 346 982 1798 1039; baseline -0.001 -14"><span class='ocrx_word' id='word_1_115' title='bbox 346 984 416 1025; x_wconf 91' lang='lat' dir='ltr'><em>cio</em></span> <span class='ocrx_word' id='word_1_116' title='bbox 439 984 604 1024; x_wconf 87' lang='lat' dir='ltr'><em>aurium</em></span> <span class='ocrx_word' id='word_1_117' title='bbox 629 998 726 1024; x_wconf 88' lang='lat' dir='ltr'><em>cum</em></span> <span class='ocrx_word' id='word_1_118' title='bbox 759 993 931 1025; x_wconf 85' lang='lat' dir='ltr'><em>extorta</em></span> <span class='ocrx_word' id='word_1_119' title='bbox 961 984 1069 1025; x_wconf 85' lang='lat' dir='ltr'><em>mihi</em></span> <span class='ocrx_word' id='word_1_120' title='bbox 1100 984 1257 1026; x_wconf 85' lang='lat' dir='ltr'><em>veritas</em></span> <span class='ocrx_word' id='word_1_121' title='bbox 1279 994 1405 1035; x_wconf 88' lang='lat' dir='ltr'><em>esset,</em></span> <span class='ocrx_word' id='word_1_122' title='bbox 1437 998 1561 1024; x_wconf 90' lang='lat' dir='ltr'><em>usum</em></span> <span class='ocrx_word' id='word_1_123' title='bbox 1592 982 1798 1039; x_wconf 89' lang='lat' dir='ltr'><em>loquendi</em></span> 
     </span>
     <span class='ocr_line' id='line_1_16' title="bbox 347 1039 1796 1098; baseline -0.001 -16"><span class='ocrx_word' id='word_1_124' title='bbox 347 1041 510 1098; x_wconf 91' lang='lat' dir='ltr'><em>populo</em></span> <span class='ocrx_word' id='word_1_125' title='bbox 539 1041 749 1092; x_wconf 79' lang='lat' dir='ltr'><em>concessi,</em></span> <span class='ocrx_word' id='word_1_126' title='bbox 782 1042 1005 1082; x_wconf 85' lang='lat' dir='ltr'><em>scientiam</em></span> <span class='ocrx_word' id='word_1_127' title='bbox 1038 1041 1144 1082; x_wconf 87' lang='lat' dir='ltr'><em>mihi</em></span> <span class='ocrx_word' id='word_1_128' title='bbox 1177 1042 1405 1082; x_wconf 84' lang='lat' dir='ltr'><em>reservavi.</em></span> <span class='ocrx_word' id='word_1_129' title='bbox 1464 1043 1505 1072; x_wconf 84' lang='lat'><em>34</em></span> <span class='ocrx_word' id='word_1_130' title='bbox 1519 1039 1705 1083; x_wconf 79' lang='lat' dir='ltr'><em>Orcivios</em></span> <span class='ocrx_word' id='word_1_131' title='bbox 1732 1050 1796 1081; x_wconf 89' lang='lat' dir='ltr'><em>ta-</em></span> 
     </span>
     <span class='ocr_line' id='line_1_17' title="bbox 347 1097 1800 1155; baseline -0.001 -15"><span class='ocrx_word' id='word_1_132' title='bbox 347 1114 462 1149; x_wconf 87' lang='lat' dir='ltr'><em>men,</em></span> <span class='ocrx_word' id='word_1_133' title='bbox 493 1108 536 1139; x_wconf 84' lang='lat' dir='ltr'><em>et</em></span> <span class='ocrx_word' id='word_1_134' title='bbox 569 1097 776 1150; x_wconf 56' lang='lat' dir='ltr'><em>Elaiones,</em></span> <span class='ocrx_word' id='word_1_135' title='bbox 803 1097 966 1148; x_wconf 82' lang='lat' dir='ltr'><em>Otones,</em></span> <span class='ocrx_word' id='word_1_136' title='bbox 993 1097 1213 1154; x_wconf 68' lang='lat' dir='ltr'><em>Caepiones,</em></span> <span class='ocrx_word' id='word_1_137' title='bbox 1242 1098 1439 1154; x_wconf 78' lang='lat' dir='ltr'><em>sepulcra,</em></span> <span class='ocrx_word' id='word_1_138' title='bbox 1461 1112 1642 1150; x_wconf 80' lang='lat' dir='ltr'><em>coronas,</em></span> <span class='ocrx_word' id='word_1_139' title='bbox 1664 1097 1800 1155; x_wconf 69' lang='lat' dir='ltr'><em>lacry-</em></span> 
     </span>
     <span class='ocr_line' id='line_1_18' title="bbox 346 1154 1799 1214; baseline 0 -18"><span class='ocrx_word' id='word_1_140' title='bbox 346 1171 432 1196; x_wconf 86' lang='lat' dir='ltr'><em>mas</em></span> <span class='ocrx_word' id='word_1_141' title='bbox 448 1156 647 1207; x_wconf 85' lang='lat' dir='ltr'><em>dicimus,</em></span> <span class='ocrx_word' id='word_1_142' title='bbox 667 1156 768 1212; x_wconf 86' lang='lat' dir='ltr'><em>quia</em></span> <span class='ocrx_word' id='word_1_143' title='bbox 788 1171 861 1214; x_wconf 88' lang='lat' dir='ltr'><em>per</em></span> <span class='ocrx_word' id='word_1_144' title='bbox 879 1157 1046 1197; x_wconf 87' lang='lat' dir='ltr'><em>aurium</em></span> <span class='ocrx_word' id='word_1_145' title='bbox 1062 1157 1278 1213; x_wconf 81' lang='lat' dir='ltr'><em>judicium</em></span> <span class='ocrx_word' id='word_1_146' title='bbox 1303 1170 1470 1213; x_wconf 88' lang='lat' dir='ltr'><em>semper</em></span> <span class='ocrx_word' id='word_1_147' title='bbox 1491 1156 1606 1198; x_wconf 86' lang='lat' dir='ltr'><em>licet.</em></span> <span class='ocrx_word' id='word_1_148' title='bbox 1638 1154 1799 1196; x_wconf 78' lang='lat' dir='ltr'><em>35Pur-</em></span> 
     </span>
     <span class='ocr_line' id='line_1_19' title="bbox 348 1211 1800 1271; baseline 0 -17"><span class='ocrx_word' id='word_1_149' title='bbox 348 1229 437 1254; x_wconf 82' lang='lat' dir='ltr'><em>rum</em></span> <span class='ocrx_word' id='word_1_150' title='bbox 473 1229 641 1270; x_wconf 81' lang='lat' dir='ltr'><em>semper</em></span> <span class='ocrx_word' id='word_1_151' title='bbox 676 1214 856 1265; x_wconf 84' lang='lat' dir='ltr'><em>Ennius,</em></span> <span class='ocrx_word' id='word_1_152' title='bbox 888 1229 1124 1269; x_wconf 83' lang='lat' dir='ltr'><em>numquam</em></span> <span class='ocrx_word' id='word_1_153' title='bbox 1156 1214 1383 1271; x_wconf 72' lang='lat' dir='ltr'><em>Pyrrhum.</em></span> <span class='ocrx_word' id='word_1_154' title='bbox 1437 1211 1479 1254; x_wconf 91' lang='lat' dir='ltr'><em>V</em></span> <span class='ocrx_word' id='word_1_155' title='bbox 1476 1214 1490 1255; x_wconf 82' lang='lat' dir='ltr'><em>i</em></span> <span class='ocrx_word' id='word_1_156' title='bbox 1515 1211 1800 1271; x_wconf 77' lang='lat' dir='ltr'><em>patefecerunt</em></span> 
     </span>
     <span class='ocr_line' id='line_1_20' title="bbox 350 1270 1798 1329; baseline -0.001 -17"><span class='ocrx_word' id='word_1_157' title='bbox 350 1270 526 1327; x_wconf 78' lang='lat' dir='ltr'><em>Bruges,</em></span> <span class='ocrx_word' id='word_1_158' title='bbox 565 1287 652 1312; x_wconf 87' lang='lat' dir='ltr'><em>non</em></span> <span class='ocrx_word' id='word_1_159' title='bbox 692 1271 892 1329; x_wconf 65' lang='lat' dir='ltr'><em>Phryges,</em></span> <span class='ocrx_word' id='word_1_160' title='bbox 931 1272 1065 1328; x_wconf 89' lang='lat' dir='ltr'><em>ipsius</em></span> <span class='ocrx_word' id='word_1_161' title='bbox 1104 1272 1270 1328; x_wconf 85' lang='lat' dir='ltr'><em>antiqui</em></span> <span class='ocrx_word' id='word_1_162' title='bbox 1309 1271 1528 1315; x_wconf 85' lang='lat' dir='ltr'><em>declarant</em></span> <span class='ocrx_word' id='word_1_163' title='bbox 1565 1271 1679 1313; x_wconf 75' lang='lat' dir='ltr'><em>libri,</em></span> <span class='ocrx_word' id='word_1_164' title='bbox 1716 1284 1798 1312; x_wconf 87' lang='lat' dir='ltr'><em>nee</em></span> 
     </span>
     <span class='ocr_line' id='line_1_21' title="bbox 347 1327 1799 1386; baseline -0.001 -17"><span class='ocrx_word' id='word_1_165' title='bbox 347 1330 462 1369; x_wconf 89' lang='lat' dir='ltr'><em>enim</em></span> <span class='ocrx_word' id='word_1_166' title='bbox 502 1344 691 1386; x_wconf 84' lang='lat' dir='ltr'><em>graecam</em></span> <span class='ocrx_word' id='word_1_167' title='bbox 728 1329 916 1370; x_wconf 83' lang='lat' dir='ltr'><em>litteram</em></span> <span class='ocrx_word' id='word_1_168' title='bbox 955 1329 1246 1383; x_wconf 84' lang='lat' dir='ltr'><em>adhibebant:</em></span> <span class='ocrx_word' id='word_1_169' title='bbox 1278 1331 1319 1361; x_wconf 87' lang='lat'><em>36</em></span> <span class='ocrx_word' id='word_1_170' title='bbox 1333 1344 1447 1372; x_wconf 84' lang='lat' dir='ltr'><em>nunc</em></span> <span class='ocrx_word' id='word_1_171' title='bbox 1486 1338 1628 1372; x_wconf 88' lang='lat' dir='ltr'><em>autem</em></span> <span class='ocrx_word' id='word_1_172' title='bbox 1665 1327 1799 1369; x_wconf 86' lang='lat' dir='ltr'><em>etiam</em></span> 
     </span>
     <span class='ocr_line' id='line_1_22' title="bbox 347 1386 1799 1444; baseline -0.001 -17"><span class='ocrx_word' id='word_1_173' title='bbox 347 1387 479 1428; x_wconf 87' lang='lat' dir='ltr'><em>duas:</em></span> <span class='ocrx_word' id='word_1_174' title='bbox 511 1396 554 1427; x_wconf 90' lang='lat' dir='ltr'><em>et</em></span> <span class='ocrx_word' id='word_1_175' title='bbox 577 1402 673 1428; x_wconf 88' lang='lat' dir='ltr'><em>cum</em></span> <span class='ocrx_word' id='word_1_176' title='bbox 700 1386 932 1443; x_wconf 72' lang='lat' dir='ltr'><em>Plszgum,</em></span> <span class='ocrx_word' id='word_1_177' title='bbox 954 1397 997 1429; x_wconf 88' lang='lat' dir='ltr'><em>et</em></span> <span class='ocrx_word' id='word_1_178' title='bbox 1018 1402 1116 1428; x_wconf 87' lang='lat' dir='ltr'><em>cum</em></span> <span class='ocrx_word' id='word_1_179' title='bbox 1141 1386 1380 1444; x_wconf 71' lang='lat' dir='ltr'><em>Phrygibus</em></span> <span class='ocrx_word' id='word_1_180' title='bbox 1409 1386 1641 1429; x_wconf 84' lang='lat' dir='ltr'><em>dicendum</em></span> <span class='ocrx_word' id='word_1_181' title='bbox 1671 1393 1799 1437; x_wconf 85' lang='lat' dir='ltr'><em>esset,</em></span> 
     </span>
     <span class='ocr_line' id='line_1_23' title="bbox 349 1443 1799 1502; baseline 0 -18"><span class='ocrx_word' id='word_1_182' title='bbox 349 1444 582 1485; x_wconf 89' lang='lat' dir='ltr'><em>absurdum</em></span> <span class='ocrx_word' id='word_1_183' title='bbox 604 1452 695 1486; x_wconf 82' lang='lat' dir='ltr'><em>erat</em></span> <span class='ocrx_word' id='word_1_184' title='bbox 717 1454 793 1485; x_wconf 85' lang='lat' dir='ltr'><em>aut</em></span> <span class='ocrx_word' id='word_1_185' title='bbox 815 1454 981 1484; x_wconf 88' lang='lat' dir='ltr'><em>tantum</em></span> <span class='ocrx_word' id='word_1_186' title='bbox 1006 1448 1045 1478; x_wconf 81' lang='lat'><em>37</em></span> <span class='ocrx_word' id='word_1_187' title='bbox 1068 1445 1260 1485; x_wconf 83' lang='lat' dir='ltr'><em>barbaris</em></span> <span class='ocrx_word' id='word_1_188' title='bbox 1279 1445 1449 1485; x_wconf 84' lang='lat' dir='ltr'><em>casibus</em></span> <span class='ocrx_word' id='word_1_189' title='bbox 1472 1458 1661 1502; x_wconf 82' lang='lat' dir='ltr'><em>graecam</em></span> <span class='ocrx_word' id='word_1_190' title='bbox 1681 1443 1799 1485; x_wconf 86' lang='lat' dir='ltr'><em>litte-</em></span> 
     </span>
     <span class='ocr_line' id='line_1_24' title="bbox 351 1501 1800 1558; baseline 0 -16"><span class='ocrx_word' id='word_1_191' title='bbox 351 1516 441 1542; x_wconf 84' lang='lat' dir='ltr'><em>ram</em></span> <span class='ocrx_word' id='word_1_192' title='bbox 467 1501 686 1551; x_wconf 85' lang='lat' dir='ltr'><em>adhibere,</em></span> <span class='ocrx_word' id='word_1_193' title='bbox 709 1511 783 1543; x_wconf 87' lang='lat' dir='ltr'><em>aut</em></span> <span class='ocrx_word' id='word_1_194' title='bbox 814 1510 932 1542; x_wconf 86' lang='lat' dir='ltr'><em>recto</em></span> <span class='ocrx_word' id='word_1_195' title='bbox 955 1516 1056 1542; x_wconf 85' lang='lat' dir='ltr'><em>casu</em></span> <span class='ocrx_word' id='word_1_196' title='bbox 1089 1502 1226 1543; x_wconf 90' lang='lat' dir='ltr'><em>solum</em></span> <span class='ocrx_word' id='word_1_197' title='bbox 1258 1516 1401 1558; x_wconf 85' lang='lat' dir='ltr'><em>graece</em></span> <span class='ocrx_word' id='word_1_198' title='bbox 1431 1501 1566 1558; x_wconf 89' lang='lat' dir='ltr'><em>loqui,</em></span> <span class='ocrx_word' id='word_1_199' title='bbox 1587 1510 1732 1546; x_wconf 82' lang='lat' dir='ltr'><em>tamen</em></span> <span class='ocrx_word' id='word_1_200' title='bbox 1754 1508 1800 1542; x_wconf 80' lang='lat' dir='ltr'><em>et</em></span> 
     </span>
     <span class='ocr_line' id='line_1_25' title="bbox 267 1557 1801 1616; baseline 0 -17"><span class='ocrx_word' id='word_1_201' title='bbox 267 1577 336 1613; x_wconf 74' lang='lat'><em>161</em></span> <span class='ocrx_word' id='word_1_202' title='bbox 355 1558 542 1616; x_wconf 70' lang='lat' dir='ltr'><em>Phryges</em></span> <span class='ocrx_word' id='word_1_203' title='bbox 574 1568 618 1599; x_wconf 89' lang='lat' dir='ltr'><em>et</em></span> <span class='ocrx_word' id='word_1_204' title='bbox 652 1557 864 1615; x_wconf 64' lang='lat' dir='ltr'><em>Pyrrhum</em></span> <span class='ocrx_word' id='word_1_205' title='bbox 905 1558 1073 1599; x_wconf 88' lang='lat' dir='ltr'><em>aurium</em></span> <span class='ocrx_word' id='word_1_206' title='bbox 1109 1573 1238 1601; x_wconf 88' lang='lat' dir='ltr'><em>causa</em></span> <span class='ocrx_word' id='word_1_207' title='bbox 1269 1559 1469 1603; x_wconf 85' lang='lat' dir='ltr'><em>dicimus.</em></span> <span class='ocrx_word' id='word_1_208' title='bbox 1529 1558 1801 1610; x_wconf 82' lang='lat' dir='ltr'><em>Quinetiam,</em></span> 
     </span>
     <span class='ocr_line' id='line_1_26' title="bbox 352 1615 1800 1672; baseline 0.001 -16"><span class='ocrx_word' id='word_1_209' title='bbox 352 1617 466 1671; x_wconf 90' lang='lat' dir='ltr'><em>quod</em></span> <span class='ocrx_word' id='word_1_210' title='bbox 485 1616 578 1672; x_wconf 85' lang='lat' dir='ltr'><em>jam</em></span> <span class='ocrx_word' id='word_1_211' title='bbox 607 1616 897 1657; x_wconf 87' lang='lat' dir='ltr'><em>subrusticum</em></span> <span class='ocrx_word' id='word_1_212' title='bbox 922 1615 1104 1668; x_wconf 85' lang='lat' dir='ltr'><em>videtur,</em></span> <span class='ocrx_word' id='word_1_213' title='bbox 1127 1616 1230 1657; x_wconf 88' lang='lat' dir='ltr'><em>olim</em></span> <span class='ocrx_word' id='word_1_214' title='bbox 1261 1625 1406 1657; x_wconf 84' lang='lat' dir='ltr'><em>autem</em></span> <span class='ocrx_word' id='word_1_215' title='bbox 1437 1615 1629 1672; x_wconf 84' lang='lat' dir='ltr'><em>politius,</em></span> <span class='ocrx_word' id='word_1_216' title='bbox 1649 1629 1800 1658; x_wconf 85' lang='lat' dir='ltr'><em>eorum</em></span> 
     </span>
     <span class='ocr_line' id='line_1_27' title="bbox 351 1672 1802 1730; baseline -0.001 -16"><span class='ocrx_word' id='word_1_217' title='bbox 351 1674 597 1725; x_wconf 87' lang='lat' dir='ltr'><em>verborum,</em></span> <span class='ocrx_word' id='word_1_218' title='bbox 636 1688 819 1729; x_wconf 89' lang='lat' dir='ltr'><em>quorum</em></span> <span class='ocrx_word' id='word_1_219' title='bbox 857 1673 1020 1714; x_wconf 87' lang='lat' dir='ltr'><em>eaedem</em></span> <span class='ocrx_word' id='word_1_220' title='bbox 1063 1684 1184 1715; x_wconf 88' lang='lat' dir='ltr'><em>erant</em></span> <span class='ocrx_word' id='word_1_221' title='bbox 1222 1684 1451 1730; x_wconf 73' lang='lat' dir='ltr'><em>postremae</em></span> <span class='ocrx_word' id='word_1_222' title='bbox 1490 1673 1588 1718; x_wconf 82' lang='lat' dir='ltr'><em>duae</em></span> <span class='ocrx_word' id='word_1_223' title='bbox 1627 1672 1802 1724; x_wconf 68' lang='lat' dir='ltr'><em>litterae,</em></span> 
     </span>
     <span class='ocr_line' id='line_1_28' title="bbox 308 1729 1800 1790; baseline 0.001 -18"><span class='ocrx_word' id='word_1_224' title='bbox 308 1759 327 1790; x_wconf 83' lang='lat' dir='ltr'><em>b</em></span> <span class='ocrx_word' id='word_1_225' title='bbox 352 1746 449 1786; x_wconf 81' lang='lat' dir='ltr'><em>quae</em></span> <span class='ocrx_word' id='word_1_226' title='bbox 481 1741 581 1772; x_wconf 86' lang='lat' dir='ltr'><em>sunt</em></span> <span class='ocrx_word' id='word_1_227' title='bbox 604 1731 645 1772; x_wconf 93' lang='lat' dir='ltr'><em>in</em></span> <span class='ocrx_word' id='word_1_228' title='bbox 670 1738 868 1786; x_wconf 79' lang='lat' dir='ltr'><em>optumus,</em></span> <span class='ocrx_word' id='word_1_229' title='bbox 890 1741 1150 1787; x_wconf 83' lang='lat' dir='ltr'><em>postremam</em></span> <span class='ocrx_word' id='word_1_230' title='bbox 1184 1732 1371 1773; x_wconf 86' lang='lat' dir='ltr'><em>litteram</em></span> <span class='ocrx_word' id='word_1_231' title='bbox 1393 1731 1692 1782; x_wconf 84' lang='lat' dir='ltr'><em>detrahebant,</em></span> <span class='ocrx_word' id='word_1_232' title='bbox 1715 1729 1800 1774; x_wconf 85' lang='lat' dir='ltr'><em>nisi</em></span> 
     </span>
     <span class='ocr_line' id='line_1_29' title="bbox 331 1783 1800 1844; baseline 0 -16"><span class='ocrx_word' id='word_1_233' title='bbox 331 1783 512 1830; x_wconf 84' lang='lat' dir='ltr'><em>&#39;vocalis</em></span> <span class='ocrx_word' id='word_1_234' title='bbox 555 1789 874 1844; x_wconf 86' lang='lat' dir='ltr'><em>insequebatur.</em></span> <span class='ocrx_word' id='word_1_235' title='bbox 935 1787 1005 1830; x_wconf 85' lang='lat' dir='ltr'><em>Ita</em></span> <span class='ocrx_word' id='word_1_236' title='bbox 1039 1804 1124 1830; x_wconf 94' lang='lat' dir='ltr'><em>non</em></span> <span class='ocrx_word' id='word_1_237' title='bbox 1165 1798 1256 1830; x_wconf 88' lang='lat' dir='ltr'><em>erat</em></span> <span class='ocrx_word' id='word_1_238' title='bbox 1291 1788 1473 1830; x_wconf 88' lang='lat' dir='ltr'><em>offensio</em></span> <span class='ocrx_word' id='word_1_239' title='bbox 1512 1789 1558 1830; x_wconf 91' lang='lat' dir='ltr'><em>in</em></span> <span class='ocrx_word' id='word_1_240' title='bbox 1590 1788 1800 1840; x_wconf 83' lang='lat' dir='ltr'><em>versibus,</em></span> 
     </span>
     <span class='ocr_line' id='line_1_30' title="bbox 350 1846 1798 1902; baseline 0.001 -15"><span class='ocrx_word' id='word_1_241' title='bbox 350 1861 481 1902; x_wconf 87' lang='lat' dir='ltr'><em>quam</em></span> <span class='ocrx_word' id='word_1_242' title='bbox 513 1861 628 1887; x_wconf 91' lang='lat' dir='ltr'><em>nunc</em></span> <span class='ocrx_word' id='word_1_243' title='bbox 663 1846 839 1902; x_wconf 80' lang='lat' dir='ltr'><em>fugiunt</em></span> <span class='ocrx_word' id='word_1_244' title='bbox 873 1846 1017 1902; x_wconf 79' lang='lat' dir='ltr'><em>po‘etae</em></span> <span class='ocrx_word' id='word_1_245' title='bbox 1056 1847 1173 1888; x_wconf 87' lang='lat' dir='ltr'><em>novi.</em></span> <span class='ocrx_word' id='word_1_246' title='bbox 1236 1846 1304 1888; x_wconf 81' lang='lat' dir='ltr'><em>Ita</em></span> <span class='ocrx_word' id='word_1_247' title='bbox 1336 1850 1452 1887; x_wconf 90' lang='lat' dir='ltr'><em>enim</em></span> <span class='ocrx_word' id='word_1_248' title='bbox 1490 1846 1798 1902; x_wconf 87' lang='lat' dir='ltr'><em>loquebamur:</em></span> 
     </span>
     <span class='ocr_line' id='line_1_31' title="bbox 355 1901 1801 1959; baseline 0 -15"><span class='ocrx_word' id='word_1_249' title='bbox 355 1902 442 1948; x_wconf 78' lang='lat' dir='ltr'><em>Qui</em></span> <span class='ocrx_word' id='word_1_250' title='bbox 463 1911 517 1945; x_wconf 83' lang='lat' dir='ltr'><em>est</em></span> <span class='ocrx_word' id='word_1_251' title='bbox 538 1903 717 1945; x_wconf 81' lang='lat' dir='ltr'><em>omuibu&#39;</em></span> <span class='ocrx_word' id='word_1_252' title='bbox 731 1903 935 1959; x_wconf 72' lang='lat' dir='ltr'><em>princePS,</em></span> <span class='ocrx_word' id='word_1_253' title='bbox 958 1919 1059 1955; x_wconf 89' lang='lat' dir='ltr'><em>non,</em></span> <span class='ocrx_word' id='word_1_254' title='bbox 1081 1904 1264 1945; x_wconf 79' lang='lat' dir='ltr'><em>omnibus</em></span> <span class='ocrx_word' id='word_1_255' title='bbox 1284 1904 1488 1959; x_wconf 80' lang='lat' dir='ltr'><em>princeps.</em></span> <span class='ocrx_word' id='word_1_256' title='bbox 1511 1914 1569 1955; x_wconf 88' lang='lat' dir='ltr'><em>et,</em></span> <span class='ocrx_word' id='word_1_257' title='bbox 1596 1901 1694 1944; x_wconf 78' lang='lat' dir='ltr'><em>Vita</em></span> <span class='ocrx_word' id='word_1_258' title='bbox 1722 1901 1801 1944; x_wconf 80' lang='lat' dir='ltr'><em>illa</em></span> 
     </span>
     <span class='ocr_line' id='line_1_32' title="bbox 351 1960 1800 2019; baseline 0 -18"><span class='ocrx_word' id='word_1_259' title='bbox 351 1961 507 2018; x_wconf 83' lang='lat' dir='ltr'><em>dignu&#39;,</em></span> <span class='ocrx_word' id='word_1_260' title='bbox 540 1960 717 2019; x_wconf 77' lang='lat' dir='ltr'><em>locoque,</em></span> <span class='ocrx_word' id='word_1_261' title='bbox 754 1976 857 2012; x_wconf 88' lang='lat' dir='ltr'><em>non,</em></span> <span class='ocrx_word' id='word_1_262' title='bbox 892 1960 1053 2017; x_wconf 80' lang='lat' dir='ltr'><em>dignus.</em></span> <span class='ocrx_word' id='word_1_263' title='bbox 1115 1961 1282 2009; x_wconf 84' lang='lat' dir='ltr'><em>Quodsi</em></span> <span class='ocrx_word' id='word_1_264' title='bbox 1323 1962 1500 2004; x_wconf 86' lang='lat' dir='ltr'><em>indocta</em></span> <span class='ocrx_word' id='word_1_265' title='bbox 1531 1960 1800 2002; x_wconf 86' lang='lat' dir='ltr'><em>consuetudo</em></span> 
     </span>
     <span class='ocr_line' id='line_1_33' title="bbox 351 2017 1802 2075; baseline -0.001 -16"><span class='ocrx_word' id='word_1_266' title='bbox 351 2029 439 2062; x_wconf 85' lang='lat' dir='ltr'><em>tam</em></span> <span class='ocrx_word' id='word_1_267' title='bbox 463 2029 527 2059; x_wconf 85' lang='lat' dir='ltr'><em>est</em></span> <span class='ocrx_word' id='word_1_268' title='bbox 558 2018 715 2060; x_wconf 83' lang='lat' dir='ltr'><em>artifex</em></span> <span class='ocrx_word' id='word_1_269' title='bbox 747 2019 987 2069; x_wconf 85' lang='lat' dir='ltr'><em>suavitatis,</em></span> <span class='ocrx_word' id='word_1_270' title='bbox 1009 2019 1111 2075; x_wconf 91' lang='lat' dir='ltr'><em>quid</em></span> <span class='ocrx_word' id='word_1_271' title='bbox 1143 2020 1198 2060; x_wconf 87' lang='lat' dir='ltr'><em>ab</em></span> <span class='ocrx_word' id='word_1_272' title='bbox 1229 2019 1321 2075; x_wconf 88' lang='lat' dir='ltr'><em>ipsa</em></span> <span class='ocrx_word' id='word_1_273' title='bbox 1343 2019 1515 2060; x_wconf 84' lang='lat' dir='ltr'><em>tandem</em></span> <span class='ocrx_word' id='word_1_274' title='bbox 1547 2027 1638 2060; x_wconf 89' lang='lat' dir='ltr'><em>arte</em></span> <span class='ocrx_word' id='word_1_275' title='bbox 1659 2027 1703 2059; x_wconf 89' lang='lat' dir='ltr'><em>et</em></span> <span class='ocrx_word' id='word_1_276' title='bbox 1723 2017 1802 2059; x_wconf 82' lang='lat' dir='ltr'><em>do-</em></span> 
     </span>
     <span class='ocr_line' id='line_1_34' title="bbox 269 2074 1801 2134; baseline 0 -18"><span class='ocrx_word' id='word_1_277' title='bbox 269 2099 341 2134; x_wconf 65' lang='lat'><em>152</em></span> <span class='ocrx_word' id='word_1_278' title='bbox 354 2077 492 2117; x_wconf 83' lang='lat' dir='ltr'><em>ctrina</em></span> <span class='ocrx_word' id='word_1_279' title='bbox 515 2075 722 2132; x_wconf 81' lang='lat' dir='ltr'><em>postulari</em></span> <span class='ocrx_word' id='word_1_280' title='bbox 747 2079 977 2133; x_wconf 84' lang='lat' dir='ltr'><em>putamus?</em></span> <span class='ocrx_word' id='word_1_281' title='bbox 1030 2076 1143 2117; x_wconf 79' lang='lat' dir='ltr'><em>Haec</em></span> <span class='ocrx_word' id='word_1_282' title='bbox 1165 2076 1256 2117; x_wconf 88' lang='lat' dir='ltr'><em>dixi</em></span> <span class='ocrx_word' id='word_1_283' title='bbox 1281 2077 1468 2127; x_wconf 89' lang='lat' dir='ltr'><em>brevius,</em></span> <span class='ocrx_word' id='word_1_284' title='bbox 1491 2089 1620 2131; x_wconf 90' lang='lat' dir='ltr'><em>quam</em></span> <span class='ocrx_word' id='word_1_285' title='bbox 1652 2075 1686 2116; x_wconf 87' lang='lat' dir='ltr'><em>si</em></span> <span class='ocrx_word' id='word_1_286' title='bbox 1719 2074 1801 2116; x_wconf 87' lang='lat' dir='ltr'><em>hac</em></span> 
     </span>
     <span class='ocr_line' id='line_1_35' title="bbox 319 2130 1800 2193; baseline -0.001 -18"><span class='ocrx_word' id='word_1_287' title='bbox 319 2130 323 2134; x_wconf 77' lang='grc'>’</span> <span class='ocrx_word' id='word_1_288' title='bbox 353 2134 405 2175; x_wconf 92' lang='lat' dir='ltr'><em>de</em></span> <span class='ocrx_word' id='word_1_289' title='bbox 428 2148 471 2175; x_wconf 89' lang='lat' dir='ltr'><em>re</em></span> <span class='ocrx_word' id='word_1_290' title='bbox 495 2149 578 2177; x_wconf 88' lang='lat' dir='ltr'><em>una</em></span> <span class='ocrx_word' id='word_1_291' title='bbox 598 2133 878 2191; x_wconf 82' lang='lat' dir='ltr'><em>disputarem.</em></span> <span class='ocrx_word' id='word_1_292' title='bbox 901 2143 965 2175; x_wconf 90' lang='lat' dir='ltr'><em>est</em></span> <span class='ocrx_word' id='word_1_293' title='bbox 987 2134 1102 2177; x_wconf 85' lang='lat' dir='ltr'><em>enim</em></span> <span class='ocrx_word' id='word_1_294' title='bbox 1122 2133 1192 2177; x_wconf 89' lang='lat' dir='ltr'><em>hic</em></span> <span class='ocrx_word' id='word_1_295' title='bbox 1214 2133 1333 2176; x_wconf 87' lang='lat' dir='ltr'><em>locus</em></span> <span class='ocrx_word' id='word_1_296' title='bbox 1355 2134 1440 2176; x_wconf 88' lang='lat' dir='ltr'><em>late</em></span> <span class='ocrx_word' id='word_1_297' title='bbox 1461 2142 1626 2193; x_wconf 83' lang='lat' dir='ltr'><em>patenS,</em></span> <span class='ocrx_word' id='word_1_298' title='bbox 1648 2131 1702 2174; x_wconf 87' lang='lat' dir='ltr'><em>de</em></span> <span class='ocrx_word' id='word_1_299' title='bbox 1722 2147 1800 2175; x_wconf 87' lang='lat' dir='ltr'><em>na-</em></span> 
     </span>
    </p>
   </div>
   <div class='ocr_carea' id='block_1_3' title="bbox 352 2297 1058 2674">
    <p class='ocr_par' dir='ltr' id='par_1_3' title="bbox 352 2297 1058 2674">
     <span class='ocr_line' id='line_1_36' title="bbox 395 2297 1055 2337; baseline 0.003 -11"><span class='ocrx_word' id='word_1_300' title='bbox 395 2300 435 2327; x_wconf 76' lang='lat'><em>32</em></span> <span class='ocrx_word' id='word_1_301' title='bbox 458 2297 590 2327; x_wconf 81' lang='lat' dir='ltr'><em>inclitus</em></span> <span class='ocrx_word' id='word_1_302' title='bbox 604 2297 743 2328; x_wconf 80' lang='lat' dir='ltr'><em>dicimus</em></span> <span class='ocrx_word' id='word_1_303' title='bbox 758 2298 785 2328; x_wconf 84' lang='lat' dir='ltr'><em>b.</em></span> <span class='ocrx_word' id='word_1_304' title='bbox 797 2307 833 2337; x_wconf 83' lang='lat' dir='ltr'><em>p.</em></span> <span class='ocrx_word' id='word_1_305' title='bbox 850 2297 889 2337; x_wconf 70' lang='lat' dir='ltr'><em>L]</em></span> <span class='ocrx_word' id='word_1_306' title='bbox 917 2297 989 2328; x_wconf 90' lang='lat' dir='ltr'><em>Hoc</em></span> <span class='ocrx_word' id='word_1_307' title='bbox 1005 2304 1055 2328; x_wconf 75' lang='lat' dir='ltr'><em>to-</em></span> 
     </span>
     <span class='ocr_line' id='line_1_37' title="bbox 352 2339 1054 2380; baseline 0.001 -11"><span class='ocrx_word' id='word_1_308' title='bbox 352 2343 425 2369; x_wconf 88' lang='lat' dir='ltr'><em>tum</em></span> <span class='ocrx_word' id='word_1_309' title='bbox 457 2339 548 2369; x_wconf 85' lang='lat' dir='ltr'><em>nobis</em></span> <span class='ocrx_word' id='word_1_310' title='bbox 577 2339 725 2370; x_wconf 84' lang='lat' dir='ltr'><em>mirabile</em></span> <span class='ocrx_word' id='word_1_311' title='bbox 754 2346 817 2376; x_wconf 87' lang='lat' dir='ltr'><em>est,</em></span> <span class='ocrx_word' id='word_1_312' title='bbox 848 2340 924 2380; x_wconf 85' lang='lat' dir='ltr'><em>quia</em></span> <span class='ocrx_word' id='word_1_313' title='bbox 945 2350 1054 2370; x_wconf 86' lang='lat' dir='ltr'><em>veram</em></span> 
     </span>
     <span class='ocr_line' id='line_1_38' title="bbox 354 2381 1058 2421; baseline 0.004 -11"><span class='ocrx_word' id='word_1_314' title='bbox 354 2382 665 2421; x_wconf 78' lang='lat' dir='ltr'><em>pronunciationem</em></span> <span class='ocrx_word' id='word_1_315' title='bbox 701 2387 844 2412; x_wconf 82' lang='lat' dir='ltr'><em>veterem</em></span> <span class='ocrx_word' id='word_1_316' title='bbox 881 2381 1058 2413; x_wconf 81' lang='lat' dir='ltr'><em>nescimus.</em></span> 
     </span>
     <span class='ocr_line' id='line_1_39' title="bbox 353 2423 1056 2455; baseline 0.001 -2"><span class='ocrx_word' id='word_1_317' title='bbox 353 2423 423 2453; x_wconf 85' lang='lat' dir='ltr'><em>Nec</em></span> <span class='ocrx_word' id='word_1_318' title='bbox 439 2423 553 2454; x_wconf 80' lang='lat' dir='ltr'><em>eodem</em></span> <span class='ocrx_word' id='word_1_319' title='bbox 577 2424 674 2454; x_wconf 88' lang='lat' dir='ltr'><em>modo</em></span> <span class='ocrx_word' id='word_1_320' title='bbox 691 2434 739 2454; x_wconf 84' lang='lat' dir='ltr'><em>res</em></span> <span class='ocrx_word' id='word_1_321' title='bbox 755 2436 774 2455; x_wconf 88' lang='lat' dir='ltr'><em>a</em></span> <span class='ocrx_word' id='word_1_322' title='bbox 790 2425 866 2455; x_wconf 84' lang='lat' dir='ltr'><em>viris</em></span> <span class='ocrx_word' id='word_1_323' title='bbox 883 2425 987 2455; x_wconf 84' lang='lat' dir='ltr'><em>doctis</em></span> <span class='ocrx_word' id='word_1_324' title='bbox 1002 2435 1056 2455; x_wconf 82' lang='lat' dir='ltr'><em>ex-</em></span> 
     </span>
     <span class='ocr_line' id='line_1_40' title="bbox 354 2466 1056 2507; baseline 0.006 -12"><span class='ocrx_word' id='word_1_325' title='bbox 354 2466 508 2505; x_wconf 80' lang='lat' dir='ltr'><em>plicatur.</em></span> <span class='ocrx_word' id='word_1_326' title='bbox 538 2477 567 2497; x_wconf 90' lang='grc' dir='ltr'><em>ν.</em></span> <span class='ocrx_word' id='word_1_327' title='bbox 592 2467 776 2497; x_wconf 78' lang='lat' dir='ltr'><em>Strebaeum</em></span> <span class='ocrx_word' id='word_1_328' title='bbox 792 2467 832 2498; x_wconf 82' lang='lat' dir='ltr'><em>ad</em></span> <span class='ocrx_word' id='word_1_329' title='bbox 847 2467 880 2499; x_wconf 84' lang='lat' dir='ltr'><em>h.</em></span> <span class='ocrx_word' id='word_1_330' title='bbox 896 2467 918 2498; x_wconf 90' lang='lat' dir='ltr'><em>l.</em></span> <span class='ocrx_word' id='word_1_331' title='bbox 936 2478 966 2507; x_wconf 87' lang='lat' dir='ltr'><em>p.</em></span> <span class='ocrx_word' id='word_1_332' title='bbox 984 2470 1056 2502; x_wconf 73' lang='lat'><em>817.</em></span> 
     </span>
     <span class='ocr_line' id='line_1_41' title="bbox 354 2508 1057 2545; baseline 0.004 -8"><span class='ocrx_word' id='word_1_333' title='bbox 354 2513 389 2537; x_wconf 86' lang='lat' dir='ltr'><em>et</em></span> <span class='ocrx_word' id='word_1_334' title='bbox 417 2508 502 2538; x_wconf 77' lang='lat' dir='ltr'><em>viros</em></span> <span class='ocrx_word' id='word_1_335' title='bbox 529 2509 642 2539; x_wconf 83' lang='lat' dir='ltr'><em>doctos</em></span> <span class='ocrx_word' id='word_1_336' title='bbox 668 2509 708 2539; x_wconf 87' lang='lat' dir='ltr'><em>ad</em></span> <span class='ocrx_word' id='word_1_337' title='bbox 734 2509 818 2541; x_wconf 87' lang='lat' dir='ltr'><em>Gell.</em></span> <span class='ocrx_word' id='word_1_338' title='bbox 847 2509 892 2545; x_wconf 85' lang='lat'><em>11,</em></span> <span class='ocrx_word' id='word_1_339' title='bbox 923 2513 970 2543; x_wconf 82' lang='grc' dir='ltr'><em>Π.</em></span> <span class='ocrx_word' id='word_1_340' title='bbox 1000 2510 1057 2540; x_wconf 88' lang='lat' dir='ltr'><em>ubi</em></span> 
     </span>
     <span class='ocr_line' id='line_1_42' title="bbox 355 2550 1055 2582; baseline 0.004 -3"><span class='ocrx_word' id='word_1_341' title='bbox 355 2550 443 2580; x_wconf 84' lang='lat' dir='ltr'><em>hunc</em></span> <span class='ocrx_word' id='word_1_342' title='bbox 459 2550 566 2581; x_wconf 82' lang='lat' dir='ltr'><em>locuni</em></span> <span class='ocrx_word' id='word_1_343' title='bbox 580 2557 829 2582; x_wconf 78' lang='lat' dir='ltr'><em>commemorat.</em></span> <span class='ocrx_word' id='word_1_344' title='bbox 854 2552 916 2582; x_wconf 84' lang='lat' dir='ltr'><em>Sed</em></span> <span class='ocrx_word' id='word_1_345' title='bbox 930 2550 1055 2582; x_wconf 88' lang='lat' dir='ltr'><em>Gellius</em></span> 
     </span>
     <span class='ocr_line' id='line_1_43' title="bbox 355 2592 1056 2633; baseline 0.006 -12"><span class='ocrx_word' id='word_1_346' title='bbox 355 2592 456 2622; x_wconf 80' lang='lat' dir='ltr'><em>habet</em></span> <span class='ocrx_word' id='word_1_347' title='bbox 476 2593 622 2623; x_wconf 77' lang='lat' dir='ltr'><em>indoctus</em></span> <span class='ocrx_word' id='word_1_348' title='bbox 636 2603 695 2633; x_wconf 81' lang='lat' dir='ltr'><em>pro</em></span> <span class='ocrx_word' id='word_1_349' title='bbox 710 2595 853 2631; x_wconf 76' lang='lat' dir='ltr'><em>inclitus,</em></span> <span class='ocrx_word' id='word_1_350' title='bbox 870 2594 902 2624; x_wconf 83' lang='lat' dir='ltr'><em>ln</em></span> <span class='ocrx_word' id='word_1_351' title='bbox 926 2594 1005 2624; x_wconf 82' lang='lat' dir='ltr'><em>Mss.</em></span> <span class='ocrx_word' id='word_1_352' title='bbox 1021 2600 1056 2625; x_wconf 83' lang='lat' dir='ltr'><em>et</em></span> 
     </span>
     <span class='ocr_line' id='line_1_44' title="bbox 355 2634 1055 2674; baseline 0.006 -10"><span class='ocrx_word' id='word_1_353' title='bbox 355 2634 427 2664; x_wconf 83' lang='lat' dir='ltr'><em>edd.</em></span> <span class='ocrx_word' id='word_1_354' title='bbox 451 2635 538 2673; x_wconf 83' lang='lat' dir='ltr'><em>qnod</em></span> <span class='ocrx_word' id='word_1_355' title='bbox 559 2645 619 2674; x_wconf 71' lang='lat' dir='ltr'><em>ego</em></span> <span class='ocrx_word' id='word_1_356' title='bbox 641 2637 789 2667; x_wconf 81' lang='lat' dir='ltr'><em>Ciceroni</em></span> <span class='ocrx_word' id='word_1_357' title='bbox 815 2636 1055 2668; x_wconf 81' lang='lat' dir='ltr'><em>restituendum</em></span> 
     </span>
    </p>
   </div>
   <div class='ocr_carea' id='block_1_4' title="bbox 356 2678 1058 2759">
    <p class='ocr_par' dir='ltr' id='par_1_4' title="bbox 356 2678 1058 2759">
     <span class='ocr_line' id='line_1_45' title="bbox 357 2678 1058 2750; baseline 0.004 -44"><span class='ocrx_word' id='word_1_358' title='bbox 357 2683 542 2750; x_wconf 50' lang='lat' dir='ltr'><em>pgt‘i&#39;nam</em></span> <span class='ocrx_word' id='word_1_359' title='bbox 556 2682 590 2707; x_wconf 87' lang='lat' dir='ltr'><em>et</em></span> <span class='ocrx_word' id='word_1_360' title='bbox 604 2678 636 2707; x_wconf 92' lang='lat' dir='ltr'><em>in</em></span> <span class='ocrx_word' id='word_1_361' title='bbox 654 2678 744 2709; x_wconf 79' lang='lat' dir='ltr'><em>libris</em></span> <span class='ocrx_word' id='word_1_362' title='bbox 765 2680 927 2719; x_wconf 85' lang='lat' dir='ltr'><em>reperitur</em></span> <span class='ocrx_word' id='word_1_363' title='bbox 947 2679 1005 2717; x_wconf 86' lang='lat' dir='ltr'><em>sic,</em></span> <span class='ocrx_word' id='word_1_364' title='bbox 1020 2683 1058 2710; x_wconf 81' lang='lat' dir='ltr'><em>ut</em></span> 
     </span>
     <span class='ocr_line' id='line_1_46' title="bbox 356 2728 736 2759; baseline -0.003 -9"><span class='ocrx_word' id='word_1_365' title='bbox 356 2730 374 2750; x_wconf 82' lang='lat' dir='ltr'><em>e</em></span> <span class='ocrx_word' id='word_1_366' title='bbox 399 2742 406 2748; x_wconf 91' lang='lat'><em>.</em></span> <span class='ocrx_word' id='word_1_367' title='bbox 453 2728 511 2759; x_wconf 80' lang='lat' dir='ltr'><em>ips.</em></span> <span class='ocrx_word' id='word_1_368' title='bbox 734 2729 736 2731; x_wconf 66' lang='grc'><strong><em>’</em></strong></span> 
     </span>
    </p>
   </div>
   <div class='ocr_carea' id='block_1_5' title="bbox 399 2762 1060 2803">
    <p class='ocr_par' dir='ltr' id='par_1_5' title="bbox 399 2762 1060 2803">
     <span class='ocr_line' id='line_1_47' title="bbox 399 2762 1060 2803; baseline 0.003 -12"><span class='ocrx_word' id='word_1_369' title='bbox 399 2763 439 2791; x_wconf 86' lang='grc'><em>33</em></span> <span class='ocrx_word' id='word_1_370' title='bbox 456 2762 614 2801; x_wconf 75' lang='lat' dir='ltr'><em>producte</em></span> <span class='ocrx_word' id='word_1_371' title='bbox 636 2762 772 2801; x_wconf 74' lang='lat' dir='ltr'><em>dicitur]</em></span> <span class='ocrx_word' id='word_1_372' title='bbox 799 2763 860 2793; x_wconf 78' lang='lat' dir='ltr'><em>int.</em></span> <span class='ocrx_word' id='word_1_373' title='bbox 876 2763 973 2793; x_wconf 80' lang='lat' dir='ltr'><em>litera</em></span> <span class='ocrx_word' id='word_1_374' title='bbox 994 2763 1060 2803; x_wconf 82' lang='lat' dir='ltr'><em>pri-</em></span> 
     </span>
    </p>
   </div>
   <div class='ocr_carea' id='block_1_6' title="bbox 356 2805 1058 2933">
    <p class='ocr_par' dir='ltr' id='par_1_6' title="bbox 356 2805 1058 2933">
     <span class='ocr_line' id='line_1_48' title="bbox 357 2805 1055 2846; baseline 0.004 -13"><span class='ocrx_word' id='word_1_375' title='bbox 357 2805 611 2843; x_wconf 71' lang='lat' dir='ltr'><em>ma.—itemque</em></span> <span class='ocrx_word' id='word_1_376' title='bbox 632 2806 807 2845; x_wconf 82' lang='lat' dir='ltr'><em>composuit</em></span> <span class='ocrx_word' id='word_1_377' title='bbox 822 2806 883 2836; x_wconf 88' lang='lat' dir='ltr'><em>int.</em></span> <span class='ocrx_word' id='word_1_378' title='bbox 899 2806 935 2834; x_wconf 82' lang='lat' dir='ltr'><em>in</em></span> <span class='ocrx_word' id='word_1_379' title='bbox 948 2816 1055 2846; x_wconf 86' lang='lat' dir='ltr'><em>comp.</em></span> 
     </span>
     <span class='ocr_line' id='line_1_49' title="bbox 356 2846 1058 2887; baseline 0.003 -11"><span class='ocrx_word' id='word_1_380' title='bbox 356 2846 402 2876; x_wconf 83' lang='lat' dir='ltr'><em>Et</em></span> <span class='ocrx_word' id='word_1_381' title='bbox 418 2846 617 2882; x_wconf 83' lang='lat' dir='ltr'><em>notandum,</em></span> <span class='ocrx_word' id='word_1_382' title='bbox 631 2846 822 2877; x_wconf 82' lang='lat' dir='ltr'><em>Ciceronem</em></span> <span class='ocrx_word' id='word_1_383' title='bbox 837 2848 980 2887; x_wconf 86' lang='lat' dir='ltr'><em>posuisse</em></span> <span class='ocrx_word' id='word_1_384' title='bbox 993 2848 1058 2878; x_wconf 89' lang='lat' dir='ltr'><em>duo</em></span> 
     </span>
     <span class='ocr_line' id='line_1_50' title="bbox 357 2889 1057 2933; baseline 0 -12"><span class='ocrx_word' id='word_1_385' title='bbox 357 2889 448 2933; x_wconf 77' lang='lat' dir='ltr'><em>paria</em></span> <span class='ocrx_word' id='word_1_386' title='bbox 478 2889 668 2927; x_wconf 79' lang='lat' dir='ltr'><em>verborum,-</em></span> <span class='ocrx_word' id='word_1_387' title='bbox 694 2890 729 2921; x_wconf 86' lang='lat' dir='ltr'><em>iu</em></span> <span class='ocrx_word' id='word_1_388' title='bbox 763 2890 880 2929; x_wconf 82' lang='lat' dir='ltr'><em>quibus</em></span> <span class='ocrx_word' id='word_1_389' title='bbox 915 2889 1057 2921; x_wconf 77' lang='lat' dir='ltr'><em>alterum</em></span> 
     </span>
    </p>
   </div>
   <div class='ocr_carea' id='block_1_7' title="bbox 1098 2296 1804 2928">
    <p class='ocr_par' dir='ltr' id='par_1_7' title="bbox 1098 2296 1804 2382">
     <span class='ocr_line' id='line_1_51' title="bbox 1098 2296 1804 2338; baseline 0 -10"><span class='ocrx_word' id='word_1_390' title='bbox 1098 2299 1242 2335; x_wconf 82' lang='lat' dir='ltr'><em>brevem,</em></span> <span class='ocrx_word' id='word_1_391' title='bbox 1259 2297 1402 2329; x_wconf 79' lang='lat' dir='ltr'><em>alterum</em></span> <span class='ocrx_word' id='word_1_392' title='bbox 1424 2298 1559 2338; x_wconf 87' lang='lat' dir='ltr'><em>longam</em></span> <span class='ocrx_word' id='word_1_393' title='bbox 1582 2296 1718 2328; x_wconf 84' lang='lat' dir='ltr'><em>haberet</em></span> <span class='ocrx_word' id='word_1_394' title='bbox 1735 2297 1804 2338; x_wconf 81' lang='lat' dir='ltr'><em>pri-</em></span> 
     </span>
     <span class='ocr_line' id='line_1_52' title="bbox 1100 2341 1379 2382; baseline 0 -11"><span class='ocrx_word' id='word_1_395' title='bbox 1100 2351 1188 2371; x_wconf 88' lang='lat' dir='ltr'><em>mam</em></span> <span class='ocrx_word' id='word_1_396' title='bbox 1205 2341 1379 2382; x_wconf 86' lang='lat' dir='ltr'><em>syllabam.</em></span> 
     </span>
    </p>

    <p class='ocr_par' dir='ltr' id='par_1_8' title="bbox 1099 2381 1802 2542">
     <span class='ocr_line' id='line_1_53' title="bbox 1142 2381 1802 2422; baseline -0.005 -8"><span class='ocrx_word' id='word_1_397' title='bbox 1142 2386 1182 2414; x_wconf 82' lang='lat'><em>34</em></span> <span class='ocrx_word' id='word_1_398' title='bbox 1221 2382 1378 2422; x_wconf 82' lang='lat' dir='ltr'><em>Orcivios]</em></span> <span class='ocrx_word' id='word_1_399' title='bbox 1415 2383 1514 2420; x_wconf 84' lang='lat' dir='ltr'><em>Sunt,</em></span> <span class='ocrx_word' id='word_1_400' title='bbox 1542 2386 1582 2412; x_wconf 88' lang='lat' dir='ltr'><em>ut</em></span> <span class='ocrx_word' id='word_1_401' title='bbox 1607 2381 1802 2422; x_wconf 83' lang='lat' dir='ltr'><em>opinantur,</em></span> 
     </span>
     <span class='ocr_line' id='line_1_54' title="bbox 1102 2424 1802 2464; baseline -0.004 -7"><span class='ocrx_word' id='word_1_402' title='bbox 1102 2426 1239 2462; x_wconf 81' lang='lat' dir='ltr'><em>Orcinii‚</em></span> <span class='ocrx_word' id='word_1_403' title='bbox 1257 2425 1312 2464; x_wconf 83' lang='lat' dir='ltr'><em>qui</em></span> <span class='ocrx_word' id='word_1_404' title='bbox 1326 2430 1359 2456; x_wconf 83' lang='lat' dir='ltr'><em>et</em></span> <span class='ocrx_word' id='word_1_405' title='bbox 1383 2425 1544 2462; x_wconf 79' lang='lat' dir='ltr'><em>Orchinii,</em></span> <span class='ocrx_word' id='word_1_406' title='bbox 1560 2429 1598 2455; x_wconf 87' lang='lat' dir='ltr'><em>ut</em></span> <span class='ocrx_word' id='word_1_407' title='bbox 1613 2424 1646 2454; x_wconf 83' lang='lat' dir='ltr'><em>ln</em></span> <span class='ocrx_word' id='word_1_408' title='bbox 1665 2424 1724 2455; x_wconf 87' lang='lat' dir='ltr'><em>Or.</em></span> <span class='ocrx_word' id='word_1_409' title='bbox 1739 2433 1802 2464; x_wconf 84' lang='lat' dir='ltr'><em>pro</em></span> 
     </span>
     <span class='ocr_line' id='line_1_55' title="bbox 1099 2465 1800 2500; baseline -0.004 -1"><span class='ocrx_word' id='word_1_410' title='bbox 1099 2468 1232 2499; x_wconf 73' lang='lat' dir='ltr'><em>Cluent.</em></span> <span class='ocrx_word' id='word_1_411' title='bbox 1255 2468 1320 2500; x_wconf 82' lang='lat' dir='ltr'><em>Ms.</em></span> <span class='ocrx_word' id='word_1_412' title='bbox 1346 2468 1415 2500; x_wconf 81' lang='lat' dir='ltr'><em>vit.</em></span> <span class='ocrx_word' id='word_1_413' title='bbox 1445 2467 1599 2498; x_wconf 75' lang='lat' dir='ltr'><em>Oscinios.</em></span> <span class='ocrx_word' id='word_1_414' title='bbox 1625 2465 1686 2497; x_wconf 89' lang='lat' dir='ltr'><em>Ed.</em></span> <span class='ocrx_word' id='word_1_415' title='bbox 1712 2466 1800 2499; x_wconf 84' lang='lat' dir='ltr'><em>Ven.</em></span> 
     </span>
     <span class='ocr_line' id='line_1_56' title="bbox 1103 2511 1253 2542; baseline -0.02 0"><span class='ocrx_word' id='word_1_416' title='bbox 1103 2511 1253 2542; x_wconf 80' lang='lat' dir='ltr'><em>Oscim&#39;os.</em></span> 
     </span>
    </p>

    <p class='ocr_par' dir='ltr' id='par_1_9' title="bbox 1098 2550 1799 2635">
     <span class='ocr_line' id='line_1_57' title="bbox 1139 2550 1799 2592; baseline 0 -9"><span class='ocrx_word' id='word_1_417' title='bbox 1139 2555 1180 2584; x_wconf 87' lang='lat'><em>35</em></span> <span class='ocrx_word' id='word_1_418' title='bbox 1204 2551 1373 2592; x_wconf 74' lang='lat' dir='ltr'><em>Parrum]</em></span> <span class='ocrx_word' id='word_1_419' title='bbox 1404 2551 1457 2582; x_wconf 88' lang='lat' dir='ltr'><em>Sic</em></span> <span class='ocrx_word' id='word_1_420' title='bbox 1482 2550 1553 2581; x_wconf 79' lang='lat' dir='ltr'><em>dedi</em></span> <span class='ocrx_word' id='word_1_421' title='bbox 1576 2561 1617 2581; x_wconf 86' lang='lat' dir='ltr'><em>ex</em></span> <span class='ocrx_word' id='word_1_422' title='bbox 1639 2551 1692 2585; x_wconf 74' lang='lat' dir='ltr'><em>ed,</em></span> <span class='ocrx_word' id='word_1_423' title='bbox 1713 2550 1799 2583; x_wconf 81' lang='lat' dir='ltr'><em>Ven.</em></span> 
     </span>
     <span class='ocr_line' id='line_1_58' title="bbox 1098 2594 1441 2635; baseline -0.003 -10"><span class='ocrx_word' id='word_1_424' title='bbox 1098 2604 1156 2635; x_wconf 82' lang='lat' dir='ltr'><em>pro</em></span> <span class='ocrx_word' id='word_1_425' title='bbox 1171 2595 1261 2635; x_wconf 83' lang='lat' dir='ltr'><em>vulg.</em></span> <span class='ocrx_word' id='word_1_426' title='bbox 1275 2594 1441 2629; x_wconf 80' lang='lat' dir='ltr'><em>Burrum.</em></span> 
     </span>
    </p>

    <p class='ocr_par' dir='ltr' id='par_1_10' title="bbox 1139 2634 1730 2674">
     <span class='ocr_line' id='line_1_59' title="bbox 1139 2634 1730 2674; baseline -0.003 -6"><span class='ocrx_word' id='word_1_427' title='bbox 1139 2638 1182 2668; x_wconf 83' lang='lat'><em>36</em></span> <span class='ocrx_word' id='word_1_428' title='bbox 1201 2648 1290 2668; x_wconf 77' lang='lat' dir='ltr'><em>nunc</em></span> <span class='ocrx_word' id='word_1_429' title='bbox 1303 2641 1413 2667; x_wconf 83' lang='lat' dir='ltr'><em>autem</em></span> <span class='ocrx_word' id='word_1_430' title='bbox 1428 2634 1525 2674; x_wconf 79' lang='lat' dir='ltr'><em>duas]</em></span> <span class='ocrx_word' id='word_1_431' title='bbox 1543 2635 1605 2665; x_wconf 79' lang='lat' dir='ltr'><em>int.</em></span> <span class='ocrx_word' id='word_1_432' title='bbox 1656 2639 1691 2666; x_wconf 83' lang='lat' dir='ltr'><em>et</em></span> <span class='ocrx_word' id='word_1_433' title='bbox 1705 2648 1730 2666; x_wconf 76' lang='grc' dir='ltr'><em>ι.</em></span> 
     </span>
    </p>

    <p class='ocr_par' dir='ltr' id='par_1_11' title="bbox 1099 2641 1803 2928">
     <span class='ocr_line' id='line_1_60' title="bbox 1142 2641 1802 2717; baseline -0.003 -7"><span class='ocrx_word' id='word_1_434' title='bbox 1142 2682 1182 2713; x_wconf 84' lang='grc'><em>37</em></span> <span class='ocrx_word' id='word_1_435' title='bbox 1199 2680 1347 2710; x_wconf 79' lang='lat' dir='ltr'><em>barbaris</em></span> <span class='ocrx_word' id='word_1_436' title='bbox 1361 2677 1500 2717; x_wconf 79' lang='lat' dir='ltr'><em>casibus]</em></span> <span class='ocrx_word' id='word_1_437' title='bbox 1519 2679 1604 2708; x_wconf 85' lang='lat' dir='ltr'><em>Sunt</em></span> <span class='ocrx_word' id='word_1_438' title='bbox 1620 2641 1731 2715; x_wconf 56' lang='lat' dir='ltr'><em>ratini,</em></span> <span class='ocrx_word' id='word_1_439' title='bbox 1745 2677 1802 2717; x_wconf 82' lang='lat' dir='ltr'><em>qui</em></span> 
     </span>
     <span class='ocr_line' id='line_1_61' title="bbox 1100 2720 1803 2761; baseline -0.003 -9"><span class='ocrx_word' id='word_1_440' title='bbox 1100 2721 1186 2761; x_wconf 83' lang='lat' dir='ltr'><em>apud</em></span> <span class='ocrx_word' id='word_1_441' title='bbox 1208 2722 1337 2752; x_wconf 83' lang='lat' dir='ltr'><em>Graecos</em></span> <span class='ocrx_word' id='word_1_442' title='bbox 1364 2730 1429 2750; x_wconf 90' lang='lat' dir='ltr'><em>non</em></span> <span class='ocrx_word' id='word_1_443' title='bbox 1453 2725 1542 2750; x_wconf 82' lang='lat' dir='ltr'><em>sunt.</em></span> <span class='ocrx_word' id='word_1_444' title='bbox 1585 2720 1713 2760; x_wconf 84' lang='lat' dir='ltr'><em>Nempe</em></span> <span class='ocrx_word' id='word_1_445' title='bbox 1741 2729 1803 2750; x_wconf 79' lang='lat' dir='ltr'><em>no·</em></span> 
     </span>
     <span class='ocr_line' id='line_1_62' title="bbox 1101 2761 1802 2802; baseline -0.001 -9"><span class='ocrx_word' id='word_1_446' title='bbox 1101 2763 1279 2794; x_wconf 85' lang='lat' dir='ltr'><em>minativns</em></span> <span class='ocrx_word' id='word_1_447' title='bbox 1295 2765 1329 2793; x_wconf 88' lang='lat' dir='ltr'><em>in</em></span> <span class='ocrx_word' id='word_1_448' title='bbox 1347 2762 1501 2802; x_wconf 76' lang='lat' dir='ltr'><em>Phryges</em></span> <span class='ocrx_word' id='word_1_449' title='bbox 1515 2766 1548 2792; x_wconf 88' lang='lat' dir='ltr'><em>et</em></span> <span class='ocrx_word' id='word_1_450' title='bbox 1564 2772 1690 2802; x_wconf 78' lang='lat' dir='ltr'><em>graecus</em></span> <span class='ocrx_word' id='word_1_451' title='bbox 1704 2765 1738 2793; x_wconf 86' lang='lat' dir='ltr'><em>et</em></span> <span class='ocrx_word' id='word_1_452' title='bbox 1752 2761 1802 2792; x_wconf 89' lang='lat' dir='ltr'><em>la-</em></span> 
     </span>
     <span class='ocr_line' id='line_1_63' title="bbox 1099 2804 1801 2845; baseline -0.003 -9"><span class='ocrx_word' id='word_1_453' title='bbox 1099 2807 1190 2836; x_wconf 83' lang='lat' dir='ltr'><em>tinus</em></span> <span class='ocrx_word' id='word_1_454' title='bbox 1218 2811 1286 2836; x_wconf 79' lang='lat' dir='ltr'><em>est:</em></span> <span class='ocrx_word' id='word_1_455' title='bbox 1324 2805 1488 2845; x_wconf 87' lang='lat' dir='ltr'><em>genitivus</em></span> <span class='ocrx_word' id='word_1_456' title='bbox 1514 2808 1548 2834; x_wconf 89' lang='lat' dir='ltr'><em>et</em></span> <span class='ocrx_word' id='word_1_457' title='bbox 1575 2804 1704 2835; x_wconf 75' lang='lat' dir='ltr'><em>dativus</em></span> <span class='ocrx_word' id='word_1_458' title='bbox 1732 2813 1801 2838; x_wconf 82' lang='lat' dir='ltr'><em>non</em></span> 
     </span>
     <span class='ocr_line' id='line_1_64' title="bbox 1101 2846 1802 2881; baseline 0.001 -3"><span class='ocrx_word' id='word_1_459' title='bbox 1101 2849 1200 2879; x_wconf 84' lang='lat' dir='ltr'><em>item:</em></span> <span class='ocrx_word' id='word_1_460' title='bbox 1238 2848 1334 2878; x_wconf 84' lang='lat' dir='ltr'><em>aliter</em></span> <span class='ocrx_word' id='word_1_461' title='bbox 1360 2848 1448 2878; x_wconf 84' lang='lat' dir='ltr'><em>enim</em></span> <span class='ocrx_word' id='word_1_462' title='bbox 1475 2856 1530 2878; x_wconf 89' lang='lat' dir='ltr'><em>eos</em></span> <span class='ocrx_word' id='word_1_463' title='bbox 1556 2856 1649 2879; x_wconf 86' lang='lat' dir='ltr'><em>casus</em></span> <span class='ocrx_word' id='word_1_464' title='bbox 1674 2846 1802 2881; x_wconf 77' lang='lat' dir='ltr'><em>finiunt</em></span> 
     </span>
     <span class='ocr_line' id='line_1_65' title="bbox 1101 2889 1468 2928; baseline -0.003 -7"><span class='ocrx_word' id='word_1_465' title='bbox 1101 2891 1221 2928; x_wconf 85' lang='lat' dir='ltr'><em>Graeei,</em></span> <span class='ocrx_word' id='word_1_466' title='bbox 1235 2890 1332 2922; x_wconf 81' lang='lat' dir='ltr'><em>aliter</em></span> <span class='ocrx_word' id='word_1_467' title='bbox 1346 2889 1468 2922; x_wconf 84' lang='lat' dir='ltr'><em>Latini.</em></span> 
     </span>
    </p>
   </div>
  </div>
 </body>
</html>
