1945 3235
557 151 744 206 LiBER
777 155 1069 208 QUARTUS.
1487 168 1538 206 6⁴1>

96 269 382 332 fugissemus:
413 266 579 316 εἰ01111116
611 273 703 314 sine
734 285 904 313 summo
936 270 1122 312 artificio
1154 285 1240 311 nou
1265 279 1408 327 potest
1433 272 1538 313 fieri.

99 333 208 380 Quis
232 342 297 373 est
319 333 449 383 enim,
475 334 512 364 ‘21
529 331 619 387 qui,
650 330 733 371 nisi
767 343 932 370 summe
955 336 1102 369 teneat
1131 337 1282 379 artem,
1308 330 1444 384 possit
1475 344 1539 380 ea,

96 405 193 447 quae
211 391 366 445 jubeat
388 403 468 441 ars,
487 387 540 429 de
560 397 695 439 tanta,
717 395 761 427 et
783 397 872 427 tam
894 386 1052 427 diffusa
1073 385 1287 441 scriptura
1308 396 1473 438 notare,
1496 397 1540 428 et

97 449 319 504 separare?
359 446 519 497 Ceteri,
533 460 633 486 cum
655 445 806 500 legunt
828 443 1045 484 orationes
1069 444 1204 483 bonas
1224 453 1298 483 aut
1320 444 1539 498 poemata,

98 506 284 561 probant
305 512 510 553 oratores,
532 513 576 544 et
598 502 766 558 poetas,
790 515 929 556 neque
960 499 1224 556 intelligunt,
1246 515 1332 555 qua
1355 510 1398 541 r'e
1420 515 1540 541 corn-

97 563 206 604 moti
226 563 435 618 probent:
459 561 575 616 quod
596 559 704 602 scire
718 573 804 600 non
824 567 1021 614 possunt,
1046 559 1120 599 ubi
1145 558 1214 608 sit,
1238 572 1317 598 nec
1340 557 1444 613 quid
1468 558 1538 610 sit,

98 635 178 662 nec
199 634 285 675 quo
307 619 438 659 modo
461 618 624 658 factum
648 617 704 658 sit
725 616 784 668 id,
803 617 918 671 quod
939 630 1011 656 eos
1035 616 1225 656 maxime
1247 615 1447 657 delectet.
1480 616 1539 658 At
1552 635 1583 668 b,

99 677 150 729 is,
173 676 246 732 qui
265 685 308 717 et
330 676 424 716 haec
448 675 595 717 omnia
616 673 838 730 intelligit,
861 682 905 714 et
926 673 1083 714 idonea
1105 674 1296 715 maxime
1327 673 1465 730 eligit,
1497 684 1542 715 et
1574 671 1577 674 ¹

98 735 245 776 omnia
273 734 316 774 in
350 743 441 774 arte
475 733 669 774 maxime
702 731 947 782 scribenda,
979 731 1141 787 redigit
1169 731 1213 771 in
1242 731 1438 787 singulas
1474 746 1542 772 ra-

99 792 237 832 tiones
260 790 770 847 praeceptionis,necesse
792 798 858 829 est
879 789 972 844 ejus
986 789 1047 829 rei
1067 802 1260 829 summus
1284 788 1443 831 artifex
1469 789 1541 830 sit.

101 848 201 890 Hoc
231 848 366 904 igitur
387 848 629 890 maximum
662 846 896 889 artificium
930 856 1009 898 est,
1040 846 1084 887 in
1115 855 1206 888 arte
1241 861 1317 887 sua
1344 862 1469 903 posse
1499 857 1544 889 et

100 906 250 948 alienis
268 906 480 962 exemplis
503 906 583 947 uti.

156 962 270 1005 Haec
292 963 353 1004 illi
374 978 473 1005 cum
495 964 661 1015 dicunt,
683 965 725 996 22
737 962 877 1020 magis
907 977 987 1003 nos
1019 961 1280 1004 auctoritate
1312 977 1390 1004 sua
1419 977 1538 1004 com·
1551 986 1577 1024 4

99 1032 290 1073 movent,
313 1036 444 1076 quam
467 1022 648 1062 veritate
670 1020 992 1078 disputationiS.
1055 1019 1167 1061 Illud
1193 1020 1310 1062 enim
1328 1026 1541 1073 veremur,

99 1094 152 1120 ne
173 1080 243 1120 cui
263 1081 366 1120 satis
390 1079 445 1120 sit
466 1079 520 1120 ad
540 1079 801 1120 contrariam
832 1078 1045 1119 rationem
1068 1078 1352 1134 probandam,
1374 1081 1414 1110 23
1425 1079 1544 1135 quod

99 1137 154 1178 ab
177 1152 227 1178 ea
248 1146 369 1193 parte
389 1137 586 1178 steterint
608 1136 654 1188 ii,
675 1136 750 1191 qui
769 1144 812 1177 et
830 1135 1078 1179 inventores
1102 1134 1231 1191 hujus
1254 1136 1427 1178 artificii
1452 1136 1545 1178 sue-

100 1204 214 1245 runt,
237 1205 280 1235 et
307 1203 522 1235 vetustate
545 1193 641 1249 jam
671 1193 774 1234 satis
804 1193 1008 1234 omnibus
1040 1193 1212 1248 probati
1236 1203 1350 1234 sunt.
1413 1194 1546 1241 Quod

99 1251 150 1303 si,
171 1251 340 1293 illorum
374 1252 632 1293 auctoritate
662 1260 843 1302 remota,
866 1253 907 1283 24
921 1265 986 1291 res
1017 1265 1167 1291 omnes
1201 1251 1348 1292 volent
1377 1265 1477 1292 cum
1501 1266 1546 1293 re

99 1324 363 1366 comparare,
386 1309 644 1365 intelligent,
667 1323 753 1349 non
777 1308 925 1349 omnia
945 1322 1037 1349 esse
1055 1308 1335 1350 concedenda
1355 1309 1547 1365 antiqui-

100 1367 196 1408 tati.
257 1367 454 1408 Primum
482 1366 639 1429 igitur„
661 1366 780 1422 quod
810 1367 866 1407 ab
888 1366 949 1407 eis
972 1365 1025 1406 de
1047 1366 1261 1407 modestia
1284 1366 1457 1419 dicitur,
1481 1367 1592 1423 Vi'ss

99 1424 290 1476 deamus,
314 1439 368 1465 ne
386 1427 426 1456 25
440 1424 625 1465 nimium
655 1423 879 1480 pueriliter
910 1422 1169 1480 proferatur.
1232 1424 1349 1465 Nam
1371 1427 1413 1457 26
1427 1425 1461 1466 si
1482 1434 1546 1466 ta-·

97 1495 209 1533 cere,
223 1492 298 1523 aut
311 1481 420 1523 nihil
439 1481 627 1523 scribere
647 1481 863 1523 modestia
883 1493 963 1533 est,
985 1495 1062 1522 cur
1080 1482 1315 1538 quicquam
1335 1483 1548 1534 scribunt,

100 1548 175 1580 aut
195 1539 459 1596 loquuntur?
491 1539 570 1581 Sin
591 1539 755 1595 aliquid
775 1554 900 1580 suum
927 1539 1147 1591 scribunt3
1181 1555 1271 1591 cur,
1294 1556 1381 1596 quo
1406 1541 1547 1582 secius

103 1597 251 1638 omnia
272 1597 478 1649 scribant,
512 1597 811 1654 impediuntur
841 1597 1085 1640 modestia?
1129 1597 1267 1644 Quasi
1299 1598 1333 1639 si
1368 1599 1465 1653 quis
1493 1592 1550 1641 ad

102 1653 413 1712 Olympiacum
438 1656 604 1696 venerit
625 1670 814 1706 cursum,
837 1664 882 1696 et
902 1658 942 1690 27
955 1654 1137 1706 steterit,
1162 1664 1212 1696 ut
1229 1655 1444 1709 mittatur,
1467 1656 1550 1697 im-

99 1713 398 1770 pudentesque
420 1712 513 1754 illos
536 1713 654 1755 dicat
666 1728 773 1764 esse,
785 1713 861 1769 qui
880 1727 1051 1755 currere
1068 1713 1300 1769 coeperint,
1324 1713 1417 1770 ipse
1438 1714 1553 1756 intra

102 1785 294 1811 carceres
313 1780 412 1822 stet,
434 1779 479 1812 et
497 1780 643 1812 narret
664 1771 773 1823 aliis,
792 1770 1014 1827 quomodo
1037 1770 1174 1812 Ladas
1196 1780 1272 1812 aut
1291 1771 1429 1827 Bojus
1451 1787 1554 1815 curn

103 1827 324 1884 Sicyoniis
354 1829 626 1872 cursitarint:
660 1829 722 1870 sic
755 1829 843 1881 isti,
866 1843 966 1870 cum
988 1828 1034 1869 in
1065 1828 1167 1870 artis
1191 1829 1455 1872 curriculum
1476 1831 1552 1872 de·-

141 1977 183 2007 20
199 1976 303 2007 Nunc
315 1977 385 2008 sine
404 1978 557 2019 summa]
584 1977 700 2009 Delevi
714 1987 789 2008 vero
792 1999 803 2015 ,
889 1979 930 2010 ‘23
948 1976 1046 2019 „Quod
1059 1977 1100 2008 ab
1114 1978 1153 2008 αι’
1160 1977 1261 2018 parte
1269 1979 1444 2019 steterint]
1464 1979 1555 2011 Par-

100 2022 174 2059 post
198 2029 305 2049 mmc:
327 2020 419 2051 abest
442 2032 462 2052 a
484 2021 565 2051 Mss.
585 2026 620 2052 et
642 2020 714 2051 edd.
737 2021 804 2062 pri-
848 2023 879 2050 te
891 2020 1016 2051 addidit
1029 2021 1190 2051 Gruterus
1203 2032 1221 2051 e
1235 2020 1316 2052 Mss.
1329 2023 1449 2053 tribus.
1493 2023 1556 2054 Est

99 2060 182 2091 mis:
206 2067 241 2092 et
260 2062 330 2092 sine
351 2062 450 2094 dubio
465 2064 586 2094 rectius
600 2064 704 2095 abest.
746 2062 805 2094 Al-

100 2102 160 2134 dus
175 2105 300 2144 primus
314 2103 450 2136 addidit.

141 2148 179 2178 21
194 2146 276 2188 Qui,
290 2148 355 2178 nisi
366 2149 518 2189 summa]
545 2148 599 2179 Ita
614 2148 800 2188 vulgatum,

97 2190 155 2229 qui
179 2199 256 2227 non,
279 2200 355 2220 eum
371 2200 396 2221 s.
426 2191 515 2231 quod
545 2201 677 2222 sensum
702 2190 801 2231 plane

99 2232 304 2263 eontrarium
325 2235 501 2265 sententiae
515 2233 629 2271 habet,
642 2233 769 2264 correxi
783 2243 802 2263 e

98 2272 224 2305 duobus
246 2275 327 2306 Mss.
342 2281 377 2307 et
391 2276 441 2308 ed.
460 2279 550 2311 1474.
573 2281 609 2307 et
629 2276 675 2307 sie
697 2274 801 2306 edidit

98 2315 214 2347 Lamb.
238 2317 295 2349 alii
309 2328 370 2351 scr.
390 2324 426 2350 et
438 2319 519 2350 editi
530 2324 656 2350 veteres
670 2318 801 2349 habent

98 2358 150 2389 vel
174 2361 238 2390 nisi
258 2370 347 2398 cum,
369 2361 434 2400 vel,
453 2363 510 2402 qui
530 2372 606 2393 eum
626 2371 702 2397 non,
725 2370 800 2399 quas

98 2411 229 2433 sensum
255 2403 397 2435 eundem
424 2405 583 2435 efficiunt.
627 2403 690 2435 Sed
714 2402 799 2434 illud

100 2443 379 2485 simplicissimum
401 2452 436 2478 et
450 2448 706 2478 usitatissimum
714 2445 804 2485 judi-

99 2487 178 2518 cavi.
224 2488 392 2529 Separara
413 2491 450 2521 in
471 2489 551 2528 fine,
568 2495 618 2521 est
631 2498 804 2529 excerpere

100 2533 134 2559 et
148 2529 290 2562 delinere
304 2532 346 2562 ad
361 2542 469 2563 usum.

141 2574 182 2604 22
203 2556 318 2613 fflagis
339 2583 396 2605 ms
415 2575 613 2606 auctoritate
637 2584 700 2606 sua
729 2574 804 2615 &e.]

101 2614 239 2646 Sensum
261 2616 326 2647 loci
339 2617 433 2648 video
447 2629 465 2648 e
479 2618 709 2658 sequentibus:
733 2627 804 2648 ma-

101 2657 150 2695 gis
164 2659 378 2690 commovent
391 2661 591 2692 auctoritate
605 2671 732 2697 eorum,
748 2660 806 2699 qui

100 2698 209 2738 aliter,
223 2710 321 2740 quam
343 2711 403 2733 nos
425 2703 543 2740 fecere,
567 2708 602 2734 et
625 2703 729 2743 magis
745 2702 804 2733 ali-

100 2750 195 2772 orum
220 2744 377 2784 exemplis
400 2746 452 2776 usi
475 2751 567 2782 sunt,
591 2756 691 2786 quam
712 2755 747 2776 re
769 2752 804 2776 et

100 2784 248 2816 veritate.
293 2786 356 2817 Sed
378 2786 411 2818 id
430 2788 466 2820 in
486 2789 594 2820 verbis
615 2798 684 2820 non
705 2788 806 2829 inest,

99 2830 262 2864 quantum
287 2828 450 2869 intelligo.
502 2830 536 2862 Si
556 2841 619 2862 sua
642 2830 805 2867 deleatur,

104 2867 245 2909 intelligi
269 2870 352 2902 illud
378 2878 548 2912 utcunque
571 2872 695 2914 ‘potest
743 2873 805 2904 Sed

102 2911 192 2942 {orte
201 2911 292 2945 aliud
303 2913 339 2944 in
354 2914 411 2946 ino
425 2916 524 2947 verbo
537 2916 632 2947 latet.

847 2063 950 2093 etiam
965 2063 999 2093 in
1012 2062 1062 2093 ed.
1082 2066 1172 2096 1474.
1196 2074 1216 2094 a
1230 2065 1348 2095 ceteris
1362 2065 1430 2096 fere
1445 2066 1556 2097 omni-

846 2105 908 2135 bus
921 2105 1013 2136 abest
1027 2105 1227 2145 elegantius:
1251 2106 1402 2146 intellige
1416 2110 1555 2142 ratione,

886 2150 928 2179 24
950 2147 1017 2179 Res
1042 2158 1152 2179 omnes
1173 2149 1306 2189 volent]
1354 2149 1433 2182 Non
1447 2151 1555 2188 video,

842 2199 1001 2229 quorsum
1024 2201 1133 2222 omnes
1155 2191 1305 2223 addatur.
1328 2193 1472 2225 arbitror
1485 2204 1556 2224 esse

844 2232 1035 2271 delendum,
1061 2238 1097 2264 et
1123 2234 1263 2266 fortasse
1289 2245 1418 2276 quoque
1439 2237 1553 2277 legen·

844 2275 923 2306 dum
940 2281 991 2307 est
1005 2287 1088 2307 rem.

886 2320 927 2349 25
944 2319 1103 2350 Nimium
1111 2320 1316 2361 pueriliter]
1342 2321 1423 2353 Mss.
1435 2326 1469 2354 et
1483 2322 1555 2354 edd.

841 2360 910 2391 fere
924 2361 1050 2392 addunt
1061 2361 1228 2394 inutiliter
1241 2368 1273 2394 et
1281 2373 1318 2404 p.

884 2404 926 2434 26
940 2404 980 2435 Sz'
993 2409 1114 2442 tacere,
1136 2409 1197 2437 aut
1218 2416 1251 2436 n.
1266 2406 1344 2447 scta]
1391 2408 1463 2439 Aut
1485 2408 1559 2440 dedi

846 2455 907 2486 pro
930 2451 961 2477 ec
985 2457 1002 2477 e
1024 2447 1103 2478 Mss.
1124 2447 1288 2488 pluribus,
1308 2449 1381 2481 edd.
1408 2454 1499 2485 1474.
1522 2456 1559 2485 et,

848 2488 938 2562 giezi.
965 2490 1085 2531 prima,
1114 2490 1201 2530 quod
1221 2496 1257 2522 et
1278 2493 1451 2532 sequentia
1474 2494 1556 2525 desi-

872 2539 979 2562 erant.

894 2576 934 2609 27
951 2574 1101 2612 Steterit‚
1120 2579 1159 2607 ut
1181 2575 1364 2617 mittatur]
1391 2577 1558 2612 Nonnulli
1603 2572 1609 2578 ’

848 2626 910 2647 scr.
925 2622 960 2648 et
982 2617 1055 2648 edd.
1077 2618 1304 2649 immittatur.-
1326 2620 1376 2651 ed.
1403 2624 1494 2656 1474.
1522 2628 1557 2654 et

851 2659 942 2691 Med.
956 2670 1006 2701 pr.
1021 2661 1217 2691 emittatur.-
1238 2661 1326 2700 quod
1348 2663 1489 2696 fortasse
1508 2666 1556 2696 sa-

848 2708 942 2733 ctum
952 2713 991 2733 ex
1005 2703 1092 2733 unde
1106 2705 1275 2741 mittatur,
1288 2704 1375 2743 quod
1383 2706 1556 2746 eleganter

847 2744 961 2776 Latini
984 2745 1101 2776 dicunt
1123 2745 1164 2776 de
1179 2747 1380 2779 carceribus:
1406 2749 1491 2780 sieut
1506 2750 1557 2780 lo-

849 2797 920 2826 cus,
946 2788 1001 2818 ubi
1029 2789 1161 2827 signum
1189 2788 1362 2820 mittendis
1389 2791 1555 2832 quadrigis

849 2830 901 2861 vel
924 2831 1110 2861 cursoribus
1140 2830 1253 2868 datur,
1277 2832 1324 2862 sie
1350 2834 1557 2866 circumseri*-

849 2872 954 2904 bitur:
980 2874 1067 2904 unde
1079 2875 1214 2912 rignum
1229 2874 1341 2904 datur.

850 2974 919 3013 23

968 3039 972 3055 l
