1945 3235
327 163 402 197 110
791 156 870 196 AD
898 155 1274 195 HERENNIUM

326 273 379 313 tis
402 271 619 330 magistrae
637 281 749 324 sunt,
771 272 939 329 egebit3
961 287 1046 328 quo
1068 271 1206 328 magis
1228 269 1378 312 ceteris
1401 269 1525 311 rebus
1545 273 1587 305 953
1599 273 1747 330 copio-

326 345 396 370 sus
417 330 512 382 erit,
534 339 578 372 et
599 330 785 371 inlustris
811 331 875 384 [et
903 329 1212 385 exspectatus],
1242 343 1292 368 co
1320 327 1612 371 vehementius
1637 331 1748 372 deri—

324 401 395 428 sus
425 396 468 429 et
497 399 755 438 contemtuS,
785 401 840 428 ex
871 388 989 428 omni
1032 396 1244 427 conventu
1290 385 1499 426 bonorum
1536 386 1746 440 ejicietur.

327 443 429 486 Hoc
461 445 611 495 simile,
641 444 923 486 exornatione
954 443 1174 498 utriusque
1199 442 1272 493 rei,
1304 451 1347 482 et
1378 442 1549 483 alterius
1583 443 1747 486 inertiae

326 501 501 543 artificis
523 502 746 543 ‘walterius
773 500 955 541 stultitia
981 500 1108 541 simili
1141 500 1304 540 ratione
1331 499 1499 550 collata,
1522 501 1601 541 sub
1623 515 1744 557 aspe-

261 560 310 594 61
325 568 443 601 ctum
464 559 657 600 omnium
686 573 774 600 rem
796 557 994 612 subJecit.
1057 557 1235 598 Dictum
1265 566 1406 597 autem
1437 567 1501 597 est
1523 572 1598 613 per
1618 558 1748 599 colla-

240 616 312 664 48
327 616 501 667 tionem,
531 625 769 672 propterea,
798 614 912 670 quod
940 614 1161 670 proposita
1182 614 1474 665 similitudine,
1500 615 1620 671 paria
1648 624 1748 656 sunt

322 674 469 715 omnia
486 674 630 714 relata.
1757 686 1760 691 ’

380 734 421 763 ‘2⁴
436 729 486 770 In
521 729 729 770 similibus
767 729 993 770 observare
1021 727 1240 784 oportebit
1273 727 1513 783 diligenter,
1552 736 1614 779 ut,
1648 743 1745 770 cum

324 802 413 828 rem
431 786 656 828 afferamus
671 785 866 836 similem,
881 785 1002 841 cujus
1023 785 1079 825 rei
1096 800 1224 826 causa
1246 785 1571 826 similitudinem
1590 786 1745 827 attule-

325 845 471 895 rimus,
505 845 635 885 verba
667 857 837 898 quoque
867 843 919 883 ad
954 841 1278 882 similitudinem
1309 841 1542 884 habeamus
1572 858 1743 885 accom-

324 900 513 942 modata.
564 900 614 942 Id
632 911 696 942 est
711 899 978 954 hujusmodi:
1020 899 1081 940 Ut
1102 898 1350 939 hirundines
1374 899 1524 941 aestivo
1555 907 1748 956 tempore

325 968 483 1014 praesto
507 968 619 1009 sunt,
643 957 803 1012 frigore
829 956 962 1012 pulsae
995 955 1216 996 recedunt.
1276 955 1343 996 Ex
1365 957 1513 998 cadem
1547 957 1747 998 similitu-

323 1015 424 1056 dine
444 1030 559 1056 nunc
582 1029 657 1071 per
679 1013 1001 1054 translationem
1021 1012 1150 1053 verba
1168 1012 1398 1054 sumimus:
1431 1014 1491 1055 ita
1503 1013 1597 1055 falsi
1616 1015 1743 1056 amici

325 1087 473 1113 sereno
496 1072 601 1113 vitae
621 1080 813 1126 tempore
835 1079 993 1126 praesto
1021 1079 1143 1121 sunt;
1176 1069 1431 1125 simulatque
1453 1071 1637 1112 hiemem
1660 1072 1748 1113 for-

326 1138 444 1171 tunae
468 1129 670 1180 viderint,
693 1127 894 1169 devolant
916 1141 1077 1167 omnes.
1138 1126 1222 1167 Sed
1244 1126 1436 1168 inventio
1459 1128 1662 1170 similium
1684 1129 1748 1170 fa-

324 1187 418 1228 cilis
437 1187 531 1238 erit,
553 1187 586 1227 si
606 1185 700 1242 quis
720 1185 800 1225 sibi
825 1199 972 1225 omnes
992 1198 1056 1224 res
1078 1184 1286 1224 animatas
1308 1194 1352 1224 et
1369 1184 1639 1236 inanimatas,
1653 1200 1748 1226 rnu-

325 1253 388 1285 tas
412 1255 455 1286 et
487 1244 724 1299 loquenteS,
747 1242 856 1283 feras
889 1251 932 1282 et
963 1250 1218 1291 mansuetaS,
1242 1249 1459 1283 terrestres
1483 1251 1527 1283 et
1547 1242 1746 1284 coelestes

326 1311 371 1342 et
402 1301 653 1351 maritimas,
693 1299 891 1351 artificio,
924 1313 1040 1349 casu,
1073 1306 1225 1338 natura
1253 1308 1536 1354 comparatas,
1569 1299 1748 1342 usitatas

322 1370 451 1414 atque
475 1359 713 1408 inusitatas,
736 1356 980 1412 frequenter
1009 1366 1107 1396 ante
1137 1355 1283 1396 oculos
1314 1357 1473 1412 poterit
1502 1371 1675 1413 ponere,
1704 1367 1749 1399 et

322 1431 376 1457 ex
400 1416 465 1457 his
498 1416 684 1470 aliquam
710 1414 854 1455 venari
884 1412 1221 1463 similitudinem,
1248 1428 1345 1468 quae
1379 1422 1453 1454 aut
1485 1428 1650 1466 ornare,
1671 1426 1747 1457 aut

321 1473 489 1525 docere,
512 1483 586 1514 aut
613 1471 869 1528 apertiorem
892 1485 980 1511 rem
1011 1469 1164 1520 facere,
1187 1479 1260 1510 aut
1291 1485 1448 1526 ponere
1479 1480 1577 1512 ante
1599 1471 1747 1514 oculos

322 1531 474 1587 possit.
511 1530 611 1570 Non
634 1528 747 1569 enim
772 1542 835 1569 res
859 1537 950 1569 tota
971 1527 1050 1568 toti
1074 1527 1132 1568 rei
1147 1541 1317 1568 necesse
1338 1536 1403 1568 est
1420 1528 1569 1569 similis
1588 1529 1659 1580 sit,
1673 1530 1745 1571 sed

323 1587 375 1628 ad
390 1588 545 1644 ipsum,
565 1587 617 1627 ad
635 1586 750 1641 quod
764 1585 1020 1636 conferetur,
1042 1583 1363 1626 similitudinem
1382 1585 1539 1626 habeat
1558 1595 1744 1642 oportet.

237 1642 312 1696 49
382 1643 641 1700 Exemplum
666 1652 731 1684 est
749 1642 928 1698 alicujus
949 1641 1066 1693 facti,
1088 1643 1128 1674 25
1142 1650 1216 1682 aut
1234 1641 1338 1683 dicti
1362 1643 1624 1698 [praeteriti],
1646 1659 1747 1686 cum

261 1713 311 1747 62
325 1703 429 1744 certi
459 1701 645 1743 auctoris
675 1701 847 1741 nomine
883 1699 1136 1756 propositio.
1199 1698 1248 1740 Id
1284 1701 1465 1741 sumitur
1502 1700 1654 1742 iisdem
1692 1702 1747 1742 de

323 1760 477 1811 causis,
515 1759 672 1814 quibus
710 1757 960 1798 similitudo.
1033 1755 1144 1798 Rem
1186 1757 1446 1798 ornatiorem
1485 1756 1604 1810 facit,
1647 1772 1747 1800 cum

323 1818 479 1859 nullius
499 1816 573 1866 rei,
596 1815 678 1856 nisi
701 1815 940 1871 dignitatiS,
963 1829 1091 1855 causa
1112 1813 1318 1856 sumitur:
1352 1815 1624 1871 apertiorem,
1646 1829 1746 1857 cum

324 1875 382 1926 id,
404 1874 520 1931 quod
560 1873 615 1913 sit
642 1872 881 1923 obscurius,
911 1871 1049 1927 magis
1082 1871 1319 1912 dilucidum
1345 1872 1510 1914 reddit:
1543 1872 1747 1928 probabi-

320 1931 486 1983 liorem,
517 1945 616 1972 cum
646 1930 786 1985 magis
819 1929 1094 1970 verisimilem
1126 1928 1255 1970 facit:
1295 1938 1394 1970 ante
1423 1929 1570 1971 oculos
1605 1931 1743 1986 ponit,

321 2004 419 2030 cum
438 1988 644 2045 exprimit
666 1987 812 2028 omnia
830 1986 1072 2043 perspicue,
1086 1986 1127 2018 26
1141 1995 1189 2027 ut
1210 2000 1274 2027 res
1297 2001 1432 2043 prope
1453 1987 1594 2028 dicam
1616 2001 1746 2028 manu

1093 2128 1133 2158 24
1146 2126 1185 2156 In
1199 2127 1358 2157 similibus
1369 2127 1537 2157 observare
1550 2135 1579 2157 α’.
1590 2126 1637 2166 αἲ]
1664 2126 1747 2158 Haec

354 2132 396 2163 92
416 2130 561 2170 copiosus
574 2129 649 2166 erit,
671 2133 702 2159 et
723 2128 884 2164 inlustris,
902 2131 933 2157 et
952 2137 1007 2157 es-

1051 2168 1232 2199 admonitio
1255 2169 1430 2199 admodum
1451 2170 1632 2200 necessaria
1647 2173 1698 2200 est
1710 2176 1744 2201 et

311 2172 498 2214 spectatus]
524 2171 666 2211 Reposui
683 2170 827 2210 primum
841 2181 861 2200 e
880 2170 959 2199 Mss.
975 2175 1009 2199 et

312 2215 383 2247 edd.
398 2220 478 2245 vett.
494 2213 660 2244 inlustris.-
674 2212 758 2253 quod
768 2212 910 2242 mutavit
925 2211 1009 2242 Gru-

311 2263 402 2288 tei-us
414 2268 431 2288 e
441 2257 521 2288 Mss.
535 2255 724 2295 suis‚(habet
738 2259 772 2285 ct
785 2254 834 2285 ed.
852 2253 956 2294 1474.)
972 2254 1008 2284 in

312 2301 506 2336 industrius,
526 2298 580 2329 sed
602 2297 678 2328 huic
700 2297 772 2327 loeo
794 2296 887 2326 nullo
909 2296 1007 2326 modo

313 2342 477 2372 convenit.
514 2340 641 2371 Deinde
656 2344 690 2369 et
703 2343 915 2379 eoespectatzw,
931 2349 1004 2369 cum

311 2383 542 2424 Oudendorpio
564 2381 738 2413 delendum
760 2386 855 2422 puto,
878 2386 912 2412 et
939 2386 1006 2411 tra-

311 2432 402 2457 ctum
425 2427 490 2457 huc
519 2436 537 2455 e
561 2424 791 2465 superior-ibim.
831 2423 892 2453 Est
918 2423 1007 2454 enim

310 2468 366 2499 hic
388 2469 543 2499 alienum.
572 2466 700 2497 Iudicat
722 2466 822 2496 etiam
844 2466 962 2506 copula
976 2469 1006 2496 et

311 2512 432 2541 omissa
446 2511 480 2541 in
496 2510 586 2540 libris
601 2509 680 2539 Mss.
697 2514 732 2538 et
745 2508 816 2539 edd.
833 2513 914 2538 vett.

353 2555 393 2585 93
403 2553 548 2583 Alterius
555 2551 722 2591 stultitia]
748 2551 800 2581 Sic
809 2550 937 2591 reposui
945 2560 1005 2590 pro

309 2596 459 2626 stultitioe
471 2605 490 2624 e
503 2594 583 2625 Mss.
596 2593 724 2633 aliquot
742 2603 791 2633 ap.
807 2592 954 2624 Oudend.
970 2598 1004 2624 et

309 2637 381 2668 edd.
409 2639 499 2671 1474.
519 2635 652 2667 Mediol.
666 2645 714 2676 pr.
745 2635 789 2665 Et
810 2636 855 2666 sic
877 2643 927 2666 res
946 2645 1003 2676 po-

308 2680 424 2710 stulat.
453 2678 542 2709 Ordo
556 2679 726 2709 verborum
740 2683 807 2708 est:
823 2682 853 2708 et
867 2679 1005 2708 alterius

309 2723 465 2758 stultitia,
479 2721 579 2751 simili
593 2721 731 2756 ratione,
746 2721 866 2750 collata
877 2721 1004 2750 inertioe

309 2765 448 2795 alterius
475 2763 622 2803 artficis.
677 2759 794 2792 Malim
820 2762 921 2792 etiam
943 2766 1003 2792 aut

307 2807 446 2837 alterius
459 2806 601 2845 primum
615 2803 727 2839 deleri,
736 2805 787 2834 vel
797 2805 906 2844 potius
920 2806 1002 2834 arti-

295 2849 389 2888 ficis,
403 2847 491 2888 quod
503 2857 523 2877 a
542 2846 624 2877 libro
641 2846 728 2877 Leid.
745 2846 849 2885 abest,
863 2851 897 2879 et
916 2847 1001 2887 glos-

307 2899 377 2922 sam
391 2891 476 2932 sapit
487 2890 565 2922 satis
579 2889 756 2930 perspicue.

1051 2210 1143 2241 utilis
1157 2211 1308 2241 studiosis
1323 2211 1531 2250 eloquentiae,
1549 2213 1744 2252 praesertim,

1049 2263 1125 2283 cum
1144 2253 1239 2283 hodie
1256 2255 1428 2294 scriptores
1445 2253 1624 2284 admodum
1642 2254 1747 2294 negli-

1049 2301 1162 2334 gentes
1175 2296 1242 2326 sint
1255 2296 1376 2335 regulae
1391 2296 1500 2336 hujus.
1748 2304 1754 2308 ·

1091 2339 1131 2368 25
1153 2338 1221 2368 Aut
1246 2339 1323 2368 dicti
1343 2338 1530 2378 praeterita]
1561 2337 1616 2368 lta
1647 2337 1749 2378 friget

1049 2380 1219 2419 epitheton
1231 2381 1403 2420 proeteriti,
1415 2380 1500 2420 quod
1513 2389 1680 2418 nunquam
1695 2380 1750 2410 his

1049 2423 1152 2452 verbis
1167 2422 1297 2453 additur
1312 2433 1333 2454 a
1351 2423 1444 2453 bonis
1466 2421 1689 2462 scriptoribus,
1705 2427 1746 2453 ut

1048 2464 1100 2494 vix
1124 2475 1177 2495 me
1202 2466 1418 2496 abstinuerim
1439 2475 1459 2496 a
1479 2463 1628 2495 delendo.
1673 2464 1746 2495 Un-

1048 2506 1093 2536 cis
1109 2512 1222 2538 tamen
1237 2507 1364 2538 inclusi.

1090 2550 1131 2580 526
1151 2549 1195 2580 Ut
1213 2560 1275 2587 res,
1290 2559 1391 2590 prope
1408 2548 1529 2585 dicam,
1552 2557 1656 2578 manu
1675 2553 1744 2580 ten-

1047 2592 1140 2631 tari]
1171 2593 1222 2622 Sic
1237 2593 1365 2632 reposui
1379 2602 1397 2621 e
1411 2590 1474 2621 Ms.
1490 2590 1616 2621 Erfurt.
1631 2600 1691 2631 pro
1705 2596 1745 2622 ut

1045 2643 1097 2664 res
1110 2634 1196 2664 dicta
1205 2644 1306 2674 prope
1319 2644 1362 2664 m.
1380 2637 1402 2663 t.
1417 2633 1452 2663 in
1469 2643 1533 2672 quo
1547 2633 1626 2664 olim
1641 2633 1742 2672 dic-ta,

1046 2676 1219 2707 delendum
1246 2676 1414 2717 putabam.
1472 2675 1615 2715 Adjuvat
1640 2675 1743 2706 etiam

1045 2717 1120 2756 hoc,
1147 2718 1233 2758 quod
1260 2719 1295 2749 in
1330 2718 1393 2749 Ms.
1421 2717 1542 2748 Wincl.
1571 2722 1622 2749 est
1642 2726 1744 2758 prope

1045 2761 1144 2797 dicta,
1159 2765 1199 2791 ut
1214 2761 1247 2791 in
1261 2761 1352 2791 Voss.
1366 2769 1417 2800 ap.
1427 2759 1512 2790 Oud.
1555 2759 1741 2790 Admodum

1044 2803 1176 2843 elegans
1201 2808 1251 2833 est
1277 2803 1360 2834 illud
1379 2812 1481 2842 prope
1506 2803 1615 2833 dicam
1643 2811 1688 2832 m.
1717 2807 1741 2832 t.

1042 2846 1132 2876 Alias
1145 2845 1266 2876 dieitur
1279 2855 1382 2876 marm
1403 2845 1519 2882 teneri,
1541 2844 1598 2875 sed
1618 2844 1743 2875 tentare·

1043 2889 1144 2920 etiam
1156 2888 1279 2919 bonum
1295 2893 1360 2926 est,
1373 2897 1432 2928 pro
1446 2886 1659 2919 contrectari,
