1945 3235
594 157 780 198 LIBER
817 155 1111 198 QUARTUS.
1491 160 1562 194 115

144 263 359 320 gnitatem
396 264 734 313 accommodata,
773 271 847 303 aut
886 262 999 302 actio
1041 259 1254 315 quaedam,
1289 259 1371 300 1106
1406 268 1557 315 pacto:

146 321 313 367 Quodsi
357 337 469 363 nunc
503 322 596 362 haec
638 322 737 362 urbs
779 319 1061 360 invictissima
1105 331 1252 357 vocem
1282 317 1439 366 mittat,
1478 332 1563 357 non

147 378 230 419 hoc
250 388 376 434 pacto
398 379 623 434 loquatur?
676 377 770 433 Ego
794 377 865 417 illa
886 375 1078 431 plurimis
1111 373 1284 428 tropaeis
1307 383 1469 422 ornata,
1490 374 1564 413 tri-

146 436 317 491 umphis
341 436 482 477 ditata
508 436 769 485 certissimis,
800 433 1042 474 clarissimis
1073 430 1332 486 locupletata
1359 429 1564 480 victoriis,

145 507 260 534 nunc
284 494 433 533 vestris
458 492 754 541 seditionibus,
777 505 802 530 0
822 491 951 540 cives,
976 503 1132 529 vexor:
1165 501 1293 542 quam
1315 486 1422 526 dolis
1445 486 1566 525 inali-

147 550 258 590 tiosa
283 549 521 604 Karthago,
541 550 702 589 viribus
726 547 908 603 probata
932 545 1182 595 Numantia,
1206 543 1443 602 disciplinis
1472 557 1567 583 eru·

144 607 236 647 dita
259 603 492 647 Corinthus
516 605 772 647 labefactare
796 619 880 646 non
904 604 1060 660 potuit,
1083 617 1176 643 eam
1208 600 1430 657 patiemini
1452 615 1568 641 nunc

145 665 200 705 ab
225 664 492 704 homunculis
526 663 764 716 deterrimis
799 661 958 717 proteri
981 670 1109 715 atque
1140 658 1407 700 conculcari?
1441 656 1567 708 Item,

147 720 317 768 Quodsi
349 735 463 761 nunc
499 720 548 761 L.
571 720 640 760 ille
667 720 826 761 Brutus
862 718 1102 767 reviviscat,
1136 725 1179 756 et
1207 716 1277 756 hic
1307 724 1406 755 ante
1438 715 1567 770 pedes

144 787 307 819 vestros
341 778 466 828 adsit,
495 792 580 818 non
615 777 696 818 hac
729 785 874 817 utatur
908 775 1127 816 oratione?
1160 772 1255 828 Ego
1289 787 1409 827 reges
1443 772 1567 826 ejeci,

145 850 220 875 vos
256 843 457 889 tyrannos
489 835 787 876 introducitis:
820 847 902 889 ego
936 832 1194 881 libertatem,
1217 845 1314 885 quae
1347 844 1433 869 non
1463 838 1567 880 erat,

144 892 304 948 peperi,
340 907 413 933 vos
446 901 610 948 partam
646 905 811 932 servare
853 905 941 930 non
980 889 1133 930 vultis:
1177 902 1258 943 ego
1298 887 1452 942 capitis
1482 885 1568 927 mei

144 948 334 1005 periculo
358 950 539 1004 patriam
573 949 764 999 liberavi,
788 962 862 989 vos
886 947 1008 987 liberi
1041 947 1132 986 sine
1155 944 1346 1000 periculo
1369 958 1458 984 esse
1480 958 1568 984 non

143 1006 330 1047 curatis?
364 1006 475 1047 Haec
498 1006 799 1056 conformatio,
823 1005 922 1045 licet
957 1004 998 1044 in
1023 1004 1162 1059 plures
1195 1017 1258 1042 res
1278 1009 1416 1041 mutas
1440 1009 1569 1055 atque

143 1063 355 1104 inanimas
378 1063 670 1114 transferatur,
692 1063 865 1118 proficit
887 1070 1029 1101 tamen
1062 1060 1293 1116 plurimum
1318 1059 1360 1098 in
1383 1058 1569 1114 amplifi*

144 1121 326 1161 cationis
350 1121 542 1176 partibus
564 1130 607 1160 et
628 1119 1015 1161 commiseratione.

155 1206 158 1208 v
203 1178 474 1234 Significatio
504 1186 582 1228 est,
605 1191 699 1232 quae
728 1177 820 1232 plus
855 1176 897 1216 111
927 1174 1172 1230 suspicione
1198 1172 1414 1228 relinquit,
1436 1177 1627 1227 quam67

145 1235 334 1290 positum
368 1244 432 1275 est
461 1235 504 1275 in
534 1235 741 1274 oratione.
772 1248 822 1273 ea
855 1233 904 1272 fit
935 1247 1009 1288 per
1030 1231 1399 1280 exuberationem,
1430 1231 1566 1270 ambi-
1580 1244 1608 1272 1)-
1623 1229 1673 1258 41.

145 1306 295 1347 guum,
324 1292 690 1347 consequentiam,
729 1290 1051 1341 abscissionem,
1084 1288 1422 1329 similitudinem.
1486 1288 1607 1327 Pera·

145 1349 512 1399 exuberationem,
530 1363 628 1389 cum
652 1348 745 1404 plus
767 1348 933 1388 dictum
954 1356 1035 1397 est,
1057 1361 1187 1401 quain
1211 1346 1372 1400 patitur
1397 1345 1567 1395 veritas,

145 1407 352 1462 augendae
384 1406 638 1462 suspicionis
666 1420 807 1455 causa,
831 1405 915 1446 sic:
951 1404 1038 1445 Hic
1071 1404 1124 1444 de
1158 1412 1278 1443 tanto
1309 1403 1569 1458 patrimonio

146 1473 233 1504 tam
256 1464 343 1504 cito
374 1473 542 1514 testam,
565 1479 649 1518 qua
680 1463 759 1503 sibi
795 1471 911 1518 petat
942 1463 1101 1518 ignem,
1131 1475 1218 1501 non
1241 1460 1426 1515 reliquit.
1488 1459 1572 1499 Per

143 1521 413 1576 ambiguum,
436 1535 535 1561 cum
558 1522 736 1561 verbum
759 1529 901 1575 potest
931 1519 974 1560 in
997 1520 1099 1560 duas
1124 1517 1317 1573 pluresve
1339 1517 1571 1557 sententias

145 1579 299 1634 accipi,
334 1579 406 1619 sed
435 1578 646 1634 accipitur
672 1578 717 1618 in-
744 1592 838 1618 eam
870 1587 1047 1633 partem,
1071 1590 1199 1631 quam
1222 1575 1313 1616 vult
1336 1575 1385 1625 is,
1408 1574 1481 1629 qui
1504 1574 1568 1614 di·-

147 1635 233 1677 xit:
268 1645 315 1676 ut
333 1636 385 1676 de
415 1650 466 1677 60
491 1635 524 1676 si
548 1635 679 1686 dicas,
701 1636 774 1690 qui
805 1634 960 1675 multas
984 1633 1239 1674 hereditates
1271 1632 1436 1682 adierit,
1463 1632 1568 1671 Pro·
1591 1675 1611 1687 ν

147 1693 264 1747 spice
287 1702 347 1744 tu,
376 1694 451 1748 qui
483 1693 714 1749 plurimum
745 1693 896 1733 cernis.
956 1690 1176 1746 Ambigua
1205 1689 1567 1745 quemadmodum
1580 1677 1649 1726 04·

148 1750 325 1790 vitanda
355 1761 467 1802 sunt,
500 1765 597 1805 quae
628 1751 855 1791 obscuram
883 1749 1065 1790 reddunt
1095 1748 1349 1798 orationem,
1383 1747 1444 1786 ita
1474 1747 1568 1787 haec

145 1808 460 1862 consequenda,
496 1823 593 1862 quae
629 1807 866 1848 conficiunt
904 1805 1151 1861 hujusmodi
1193 1804 1572 1860 significationem.

148 1863 213 1904 Ea
243 1865 508 1920 reperientur
547 1865 686 1912 tac-ile,
715 1864 748 1904 si
787 1864 1031 1904 noverimus
1070 1872 1113 1903 et
1146 1861 1571 1903 animadverterimus

146 1922 375 1962 verborum
398 1922 607 1977 ancipites
630 1920 979 1976 autmultiplices
1009 1928 1257 1976 potestates.
1319 1918 1403 1958 Per
1423 1932 1582 1959 conse-·

147 1979 368 2033 quentiam
403 1979 664 2034 significatio
698 1979 762 2028 fit,
784 1993 882 2019 cum
910 1993 988 2029 res,
1008 1992 1105 2033 quae
1135 1986 1369 2031 sequuntur
1387 1975 1573 2030 aliquam
1611 2012 1613 2014 .

150 2050 252 2087 rem,
276 2036 491 2087 dicuntur,
514 2050 568 2076 ex
591 2037 747 2091 quibus
772 2044 864 2076 tota
886 2050 950 2076 res
973 2035 1228 2089 relinquitur
1250 2033 1293 2074 in
1315 2033 1573 2088 suspicione,

149 2102 195 2133 ut
233 2093 267 2133 si
309 2094 616 2134 salsamentarii
653 2093 741 2133 filio
774 2092 916 2134 dicas:
961 2093 1146 2139 Quiesce
1187 2100 1246 2140 tu,
1289 2090 1412 2144 cujus
1454 2099 1576 2145 pater

149 2150 299 2191 cubito
323 2165 366 2191 se
384 2165 615 2206 emungere
638 2150 816 2191 solebat.
866 2149 949 2190 Per
971 2149 1292 2198 abscissionem,
1317 2149 1365 2199 si,
1389 2162 1487 2188 cum
1512 2147 1574 2186 iii-

147 2208 332 2263 cipimus
364 2208 527 2263 aliquid
565 2208 720 2260 dicere,
752 2207 1043 2262 praecidimus,
1079 2215 1120 2248 et
1153 2220 1207 2247 ex
1244 2220 1310 2255 eo,
1341 2204 1457 2259 quod
1480 2203 1575 2258 jam

147 2265 351 2316 diximus,
376 2266 477 2305 satis
509 2265 762 2321 relinquitur
794 2264 1065 2320 suspicionis,
1090 2264 1173 2305 sic:
1208 2262 1296 2308 Qui
1328 2262 1409 2302 ista
1438 2260 1579 2306 forma

148 2331 192 2362 et
214 2330 342 2363 aetate
364 2337 500 2378 nuper
530 2322 679 2363 alienae
711 2322 881 2363 domui:
915 2322 1015 2363 nolo
1046 2320 1166 2377 plura
1197 2319 1352 2360 dicere.
1416 2317 1499 2359 Per
1521 2318 1577 2357 si·

149 2378 452 2430 militudinem,
475 2394 574 2420 cum
597 2379 800 2434 aliquare
821 2378 946 2419 simili
972 2378 1113 2429 allata,
1128 2376 1240 2430 1111111
1263 2375 1445 2431 amplius
1468 2375 1575 2415 dici-

148 2450 258 2487 mus,
291 2437 362 2478 sed
395 2452 448 2477 ex
480 2451 530 2477 ea
552 2437 859 2492 significamus,
892 2435 996 2491 quid
1029 2435 1276 2484 sentiamus,
1308 2433 1391 2473 1106
1422 2432 1575 2479 modo:

152 2492 268 2544 Noli,
292 2494 536 2545 Saturnine,
561 2494 739 2534 nimium
764 2493 912 2549 populi
938 2492 1179 2548 frequentia
1212 2490 1345 2531 fretus
1377 2503 1482 2530 esse.
1515 2490 1580 2529 in-

149 2549 228 2590 ulti
248 2550 399 2605 jacent
430 2551 633 2593 Gracchi.
667 2551 779 2592 Haec
809 2550 1036 2594 exornatio
1072 2549 1302 2604 plurimum
1331 2546 1579 2588 festivitatis

149 2606 281 2648 habet
309 2608 538 2660 interdum,
562 2622 604 2649 et
634 2607 882 2663 dignitatis:
917 2607 1018 2647 sinit
1050 2607 1163 2648 enim
1196 2605 1416 2660 quiddam,
1448 2605 1582 2644 tacito

149 2673 330 2717 oratore,
355 2666 495 2722 ipsum
513 2666 752 2706 auditorem
771 2665 992 2720 suspicari.

149 2793 300 2818 nostrum
322 2790 422 2819 etiam
438 2790 513 2820 alibi
529 2796 579 2820 est
594 2802 600 2820 t
625 2790 679 2821 sed
689 2789 846 2830 formata
889 2787 1096 2828 adformata
1119 2787 1270 2818 refertur.
1285 2787 1469 2817 Plurimum
1486 2784 1586 2815 refert

149 2830 284 2860 retineri
309 2830 417 2865 debet,
448 2834 522 2872 quia
547 2833 720 2872 respondet
746 2833 843 2863 verbo
888 2832 920 2860 in
936 2831 1056 2861 talibus
1079 2830 1281 2861 considerare
1304 2830 1406 2860 totius
1429 2826 1586 2859 orationi·

145 2871 318 2911 ilgsbrmis:
348 2874 462 2904 deinde
486 2876 657 2912 &sufficitur
677 2877 782 2905 oratio
811 2880 844 2906 et
889 2874 1036 2905 formam.

146 2916 254 2944 actio:
277 2924 415 2953 quorum
437 2917 517 2947 illud
539 2917 580 2946 ad
603 2919 759 2956 eloquens.
784 2918 844 2948 hoc

877 2971 892 3000 1
917 2964 943 2999 Ξ
