1945 3235
636 98 819 144 LIBER
854 104 1097 142 PRIMUS.
1514 108 1593 148 259·

143 205 339 264 antiquit·
333 225 391 260 (15,
415 210 626 251 senatoria
646 209 926 259 consuetudo,
950 207 1178 272 disciplina
1199 209 1586 272 1·eipublicae,jura

142 266 372 318 sociorum,
412 268 589 331 foedera,
630 268 865 330 pactiones,
903 281 1032 306 causa
1070 266 1236 320 imper-rr
1281 271 1584 323 coo-noscenda

142 333 230 364 est:
264 324 460 366 libandus
483 325 610 365 etlam
634 339 687 365 ex
712 339 827 365 omnr
860 337 1016 379 0··ene1e
1047 323 1302 370 urbanitatis
1329 300 1456 367 faceti
1461 342 1582 368 {vrum

140 380 315 434 quidam
347 382 485 437 lepos:
521 397 621 437 quo,
646 392 846 436 tanquam
878 380 977 430 sale,
1001 390 1301 436 perspergatur
1322 383 1460 421 omnis
1487 398 1583 424 ora-

140 437 216 481 tio.
282 439 423 480 Effudi
464 440 584 480 vobis
623 440 781 488 omnia,
818 453 914 492 quae
957 437 1210 488 sentiebam,
1246 453 1342 492 quae
1386 438 1579 492 fortasse,

139 509 438 551 quemcunque
464 496 811 552 patremfamilias
844 494 1128 550 arripuissetis
1151 509 1204 535 οΧ
1236 496 1379 550 aliquo
1403 496 1579 549 circulo,

137 553 285 593 eadem
310 555 430 594 vobis
454 553 833 609 percunctantibus
857 552 1159 607 respondisset.

197 609 308 651 Haec
348 625 446 651 cum
487 610 664 651 Crassus
702 610 896 659 dixisset,
931 609 1145 650 silentium
1179 618 1243 650 est
1279 618 1574 652 consecutum.
1589 609 1660 658 35

139 664 220 710 Sed
244 682 501 722 quamquam
526 668 626 708 satis
655 667 720 718 iis,
743 668 816 722 qui
848 642 1038 717 aderant,
1062 667 1113 707 ad
1148 666 1203 717 id,
1226 667 1339 722 quod
1366 677 1456 708 erat
1478 682 1576 723 pro·
1592 683 1665 716 160

135 723 340 778 positum,
372 725 536 765 dictum
571 726 808 776 videbatur,
830 734 972 765 tamen
1004 724 1247 764 sentiebant
1278 724 1454 765 celerius
1485 739 1576 767 esse

135 780 286 831 multo,
309 797 437 837 quam
461 783 541 838 ipsi
565 783 734 833 vellent,
757 783 810 823 ab
837 797 887 822 eo
912 790 1170 845 peroratum.
1230 780 1339 822 Tum
1366 782 1576 835 Scaevola,

137 837 255 883 Quid
297 848 375 890 est,
414 839 573 882 Cotti?
617 840 770 895 inquit,
809 839 910 894 quid
947 838 1126 880 tacetis?
1168 838 1332 880 nihilne
1370 840 1492 880 vobis
1531 841 1575 881 10

132 905 321 936 mentem
346 898 477 947 venit,
497 899 610 952 quod
633 907 872 954 praeterea<
861 912 885 937 a
905 895 1060 937 Crasso
1083 896 1329 951 requiratis.
1324 899 1336 929 Ρ
1368 895 1509 938 Immo
1531 897 1574 939 id
1591 908 1660 942 161

133 952 390 1005 mehercule,
422 955 577 1010 inquit,
609 956 749 1012 ipsum
780 954 970 995 attendo.
1004 962 1147 994 tantus
1175 954 1290 994 enirn
1312 969 1460 995 cursus
1486 969 1577 995 ver-

132 1009 285 1051 borum
310 1012 407 1062 fuit,
430 1023 469 1052 et
497 1028 556 1053 src.
580 1012 800 1053 9evolavit
822 1013 974 1062 oratio,
998 1021 1044 1051 ut
1075 1011 1167 1066 ejus
1191 1011 1277 1052 vim
1309 1022 1438 1067 atque
1469 1013 1578 1053 inci-

131 1068 341 1110 tationem
373 1070 669 1125 adspexerim3
703 1070 885 1125 vestigia
917 1069 1241 1124 ingressumque
1275 1084 1347 1109 vix
1381 1070 1576 1122 viderim,

130 1134 173 1164 et
197 1135 414 1181 tamquam
439 1142 482 1167 111
504 1128 690 1182 aliquam
713 1126 969 1182 locupletem
1001 1141 1050 1166 ac
1083 1125 1281 1166 refertam
1303 1126 1480 1167 domum
1504 1142 1576 1168 ve-

129 1182 281 1234 nirem,
305 1199 389 1224 non
413 1185 629 1248 explicata
652 1195 782 1235 veste,
805 1197 942 1238 neque
973 1183 1195 1238 proposito
1218 1192 1413 1239 argento,
1437 1199 1576 1239 neque

130 1240 302 1302 tabulis,
326 1252 367 1281 et
391 1257 524 1297 srgnrs
550 1243 768 1298 propalam
792 1241 1027 1291 00110011115,
1050 1240 1121 1281 sed
1147 1240 1211 1281 his
1234 1240 1435 1282 omnibus
1467 1242 1576 1282 mul—

130 1296 185 1336 tis
208 1298 536 1362 magnificisque
561 1300 683 1340 rebus
706 1298 965 1340 constructis
989 1313 1038 1338 ae
1062 1298 1319 1339 reconditis:
1353 1298 1413 1339 510
1445 1299 1575 1340 modo

130 1353 175 1394 in
197 1356 390 1396 oratione
415 1356 557 1397 Crassi
580 1357 718 1397 diviti
710 1372 752 1397 15
776 1365 905 1411 atque
925 1365 1177 1396 ornamenta
1198 1355 1290 1420 ejus
1315 1356 1476 1412 ingenii
1502 1370 1576 1412 per

128 1412 326 1465 quaedam
351 1413 571 1455 involucri
592 1423 720 1469 atque
741 1414 1040 1469 integumenta
1064 1414 1287 1469 perspexi:
1312 1414 1383 1454 sed
1404 1428 1453 1454 ea
1475 1428 1576 1454 cum

127 1470 408 1526 contemplari
431 1486 647 1528 cuper,em
668 1487 738 1512 le
761 1471 998 1536 aspiciendi
1023 1481 1211 1526 potestas
1234 1470 1331 1512 fuit.
1350 1471 1410 1511 ita
1434 1485 1574 1527 neque

126 1524 210 1567 hoc
246 1542 418 1582 possum
455 1530 610 1580 dicer·,e
644 1544 711 1570 me
744 1530 921 1569 omnino
957 1543 1168 1593 ignorare,
1202 1529 1306 1584 quid
1340 1528 1571 1584 possideat,

124 1597 266 1639 neque
298 1586 421 1640 plane
454 1601 590 1637 nosse,
613 1602 662 1628 ac
689 1587 857 1628 vidisse.
920 1586 1039 1632 Quin
1064 1595 1107 1626 tu
1140 1586 1274 1642 igitur
1305 1585 1410 1627 facis
1442 1585 1571 1638 idem,
1588 1592 1660 1626 1652

126 1640 269 1697 inquit
299 1644 507 1694 Scaevola,
529 1645 644 1699 quod
668 1644 843 1695 tacer·,es
865 1644 899 1684 51
931 1645 974 1684 in
1006 1643 1192 1699 aliquam
1217 1647 1254 1674 10
1268 1644 1460 1694 domum,
1484 1643 1573 1700 ple-

125 1712 226 1739 nam
257 1711 620 1752 ornamentorum
645 1701 841 1743 villamve
877 1702 1078 1742 venisses.
1141 1701 1185 1741 Si
1214 1715 1262 1740 ea
1294 1701 1495 1756 seposita,
1525 1710 1575 1742 ut

127 1755 252 1807 dicis,
273 1768 428 1809 essent,
454 1762 486 1788 ll
504 1770 548 1799 tu
575 1759 695 1799 valde
719 1759 940 1824 spectandi
963 1759 1145 1815 cupidus
1169 1773 1309 1810 esses;
1338 1773 1424 1799 non
1448 1758 1574 1821 dubi-

128 1821 238 1854 tares
272 1829 422 1871 rogare
454 1815 693 1867 dominum,
728 1826 775 1858 ut
813 1816 993 1872 proferri
1028 1817 1218 1871 juberet,
1259 1816 1497 1871 praesertim
1537 1816 1572 1856 si

127 1884 239 1912 esses
262 1860 507 1914 familiaris:
541 1874 736 1914 similiter
766 1889 880 1914 nunc
912 1884 1029 1929 petes
1062 1889 1086 1914 a
1111 1873 1280 1924 Crasso,
1304 1882 1352 1913 ut
1381 1887 1475 1914 eam
1497 1889 1572 1914 co-

126 1928 242 1982 piam
281 1941 631 1972 ornamentorum
674 1947 862 1982 suorum,
901 1946 1028 1986 quam
1065 1942 1358 1994 constructam
1401 1946 1485 1971 uno
1524 1931 1569 1971 10

126 1984 238 2037 1000,
271 1988 393 2041 quasi
425 2003 499 2043 per·
531 1999 803 2030 transennam
838 1997 1144 2045 praetereuntes
1178 1988 1360 2028 strictim
1397 1988 1568 2043 aspexi-

124 2057 234 2094 mus,
267 2059 310 2084 rn
344 2045 479 2086 lucem
514 2047 717 2102 prwot'erat,
739 2056 782 2087 et
806 2049 929 2087 195110
952 2046 1141 2101 quidque
1173 2045 1217 2086 in
1244 2045 1340 2086 loco
1367 2045 1564 2086 collocet.

127 2098 223 2156 Ego
249 2116 365 2153 vero,
399 2103 539 2158 inquit
571 2103 717 2154 Cotta,
751 2120 774 2144 a
805 2113 847 2145 te
878 2113 994 2160 peto,
1026 2103 1222 2144 Seaevola
1251 2107 1339 2156 (me
1372 2102 1502 2154 enim,
1524 2112 1654 2148 et163

125 2157 240 2199 hunc
260 2159 500 2216 Sulpicium
521 2162 701 2217 impedit
722 2162 861 2217 pudor
882 2162 936 2202 ab
960 2161 1134 2202 homine
1153 2161 1347 2201 omnium
1367 2161 1569 2216 gravissi-

124 2229 211 2267 mo,
234 2231 307 2271 qur
330 2232 465 2273 genus
488 2218 738 2274 hujusmodi
759 2218 1065 2275 disputationis
1090 2232 1257 2274 semper
1277 2218 1569 2270 contemserit,

164 2350 184 2380 9
208 2348 347 2377 evolavit
369 2348 431 2388 or.]
462 2349 493 2378 Si
525 2354 613 2380 recta
636 2356 685 2380 est
711 2350 821 2386 lectio,

123 2388 228 2419 intell.
259 2390 413 2427 avolavit,
444 2392 705 2431 praetervolavit,
698 2404 704 2409 ·
737 2392 823 2431 quod

123 2441 156 2459 es
158 2435 173 2460 t
187 2433 319 2462 verbum
336 2433 369 2462 in
387 2433 447 2464 hac
469 2435 636 2464 sententia
648 2435 820 2465 usitatum.

123 2472 163 2502 In
192 2475 308 2505 ceteris
335 2475 503 2506 distinctio
531 2477 672 2516 vulgaris
699 2483 747 2507 est
776 2477 822 2506 vi-

122 2515 453 2557 tiosa.1nterpunxi
482 2519 584 2556 igitur
613 2519 724 2559 paullo
749 2525 821 2559 post

122 2557 186 2586 sic:
211 2568 239 2588 r.
259 2569 285 2589 c.
309 2569 348 2589 ae
370 2562 560 2591 reconditis:
581 2563 627 2591 sic
648 2563 739 2591 modo
762 2563 819 2592 &a

124 2603 157 2629 et
173 2599 218 2629 510
232 2602 331 2631 estin
345 2602 415 2632 edd.
434 2613 458 2632 5.
476 2603 497 2633 1.
513 2609 545 2634 et
563 2615 592 2634 a.
607 2604 694 2634 Med.

170 2644 206 2671 10
228 2643 420 2673 domum—z
415 2646 580 2686 incomta]
605 2647 656 2676 Sic
677 2645 760 2676 edidi
782 2657 820 2676 ex

124 2683 174 2713 ed.
197 2684 250 2715 W.
298 2685 334 2715 Id
356 2689 525 2726 expressit,
551 2689 606 2718 sed
635 2688 820 2737 paullulum

124 2731 304 2764 mutatum,
320 2727 368 2757 ed.
385 2739 409 2758 5
428 2729 449 2759 l.
462 2736 494 2760 et
511 2741 540 2760 a.
562 2732 615 2761 1οί
636 2732 669 2761 in
692 2732 820 2767 willam,

125 2768 212 2804 quod
232 2776 266 2798 et
287 2769 336 2799 ed.
357 2770 418 2811 Lip
421 2781 444 2801 5.
465 2772 573 2804 habet.
609 2773 711 2804 Aldus
734 2772 823 2803 dedit

123 2811 231 2845 illam,
247 2815 282 2841 ut
306 2812 346 2841 ad
361 2812 494 2844 domum
518 2815 714 2854 refer-retum
737 2814 824 2856 quod

124 2858 200 2883 sane
218 2853 298 2884 bene
313 2853 455 2886 latinum
471 2862 531 2888 est.

911 2352 944 2379 ll
964 2354 1000 2379 tu
1017 2348 1135 2388 valde]
1156 2348 1269 2378 Delcvi
1286 2358 1346 2388 que
1360 2358 1434 2378 cum
1450 2349 1500 2379 ed.
1515 2348 1569 2380 W.

865 2392 952 2431 quod
966 2392 1081 2421 melius
1096 2398 1156 2421 est.
1171 2392 1233 2421 Ms.
1244 2391 1282 2421 E.
1297 2396 1347 2427 tu,
1358 2391 1413 2430 qui
1427 2401 1454 2420 υ.
1470 2401 1565 2421 mox:

865 2436 892 2464 si
913 2444 995 2464 esses
1005 2433 1099 2473 fam.
1120 2444 1165 2464 sc.
1189 2434 1231 2471 ei,
1253 2434 1344 2471 cujus
1370 2433 1427 2462 illa
1449 2433 1566 2463 domus

866 2476 916 2506 vel
939 2476 1028 2511 villa,
1051 2486 1109 2516 pro
1126 2480 1217 2512 esset,
1236 2486 1275 2505 ex
1298 2475 1346 2505 cd.
1363 2475 1415 2505 W.
1436 2480 1469 2505 et
1492 2476 1564 2506 aliis

864 2528 924 2548 scr.
947 2524 980 2548 et
997 2518 1068 2548 edd.
1111 2518 1198 2548 Tum
1218 2522 1307 2557 petes
1329 2527 1388 2558 pro
1405 2519 1502 2557 petis,
1525 2528 1565 2549 ex

864 2561 935 2590 edd.
959 2561 1013 2590 W.
1036 2560 1074 2590 A.
1097 2561 1176 2590 item
1202 2560 1265 2590 Ma.
1290 2559 1329 2590 E.
1375 2559 1453 2590 Non
1475 2561 1565 2590 enim

865 2603 1005 2633 refertur
1028 2602 1067 2632 ad
1078 2602 1183 2641 sireis.
1207 2602 1267 2632 Ed.
1282 2612 1305 2632 s.
1322 2603 1343 2632 l.
1365 2607 1400 2632 et
1422 2613 1451 2633 a.
1474 2602 1563 2633 Med.

865 2644 953 2684 Lips.
982 2645 1080 2675 habet
1104 2650 1209 2684 petas.
1246 2644 1481 2675 confusionem
1509 2655 1564 2685 pe—

864 2688 949 2727 perit
964 2688 1080 2717 vitiosa
1095 2687 1329 2728 interpunctio.

912 2732 947 2760 12
967 2740 1024 2760 suo
1045 2730 1185 2769 quidque
1207 2730 1242 2758 in
1265 2729 1355 2768 loca]
1383 2729 1423 2759 Ιη
1443 2728 1566 2759 addidi-

866 2781 939 2801 mus
966 2783 1004 2802 ex
1028 2771 1099 2802 edd.
1127 2773 1181 2802 W.
1204 2775 1237 2801 et
1262 2773 1378 2802 ceteris
1403 2771 1566 2812 plurimis,

867 2816 983 2853 quibus
1000 2814 1062 2846 Ms.
1079 2815 1117 2846 E.
1132 2814 1309 2846 consentit.

812 2905 883 2941 sa
