1945 3235
713 140 1005 180 ORATOR.
1494 139 1568 175 531

113 254 195 298 est,
217 247 285 289 vel
306 247 422 305 quod
444 246 643 300 delectat,
665 248 707 282 69
717 246 784 288 vel
803 245 919 302 quod
932 246 1071 287 decet.
1093 245 1096 248 ⁴
1129 246 1172 277 70
1182 242 1211 285 J
1215 259 1284 286 am
1306 258 1405 286 cum
1427 243 1568 285 fluxe·
1579 253 1610 284 b.

112 313 215 346 runt
237 305 378 363 plures
398 306 619 348 continuae
643 304 906 354 tralationes‚
932 303 1015 344 alia
1038 301 1163 358 plane
1195 301 1245 341 fit
1266 303 1419 343 oratio.
1481 301 1572 343 Ita-

114 376 199 417 que
221 379 356 420 genus
379 364 463 405 hoc
486 363 633 405 Graeci
655 362 874 419 appellant
894 362 1115 414 ἀλληγοξίαν,
1138 359 1314 400 nomine
1344 369 1472 410 recte,
1497 373 1571 416 ge·

112 433 217 462 nere
249 422 400 463 melius
435 421 519 473 ille,
544 421 618 476 qui
652 421 735 461 ista
760 419 908 460 omnia
940 414 1243 457 translationes
1274 425 1415 457 vocat.
1460 417 1574 457 Haec

112 475 362 535 frequentat
384 479 615 520 Phalereus
637 477 843 527 maxime,
857 484 1043 530 suntque
1061 473 1334 515 dulcissima:
1358 483 1401 513 et
1423 488 1574 528 quam-

112 549 245 590 quam
280 537 504 579 translatio
533 546 599 576 est
626 534 742 591 apud
763 548 862 575 eum
894 533 1045 583 multa,
1077 542 1222 573 tamen
1245 531 1571 573 immutationes

111 606 326 650 nusquam
348 594 598 636 crebriores.
661 592 711 633 ln
736 591 850 633 idem
873 606 1009 648 genus
1031 589 1240 632 orationis
1260 589 1434 645 (loquor
1456 588 1571 628 enim
1584 610 1632 643 95

113 650 167 691 de
189 652 261 693 illa
294 652 465 693 modica
493 666 543 692 ac
567 652 826 706 temperata)
848 650 1076 691 verborum
1102 647 1264 689 cadunt
1294 647 1458 689 lumina
1479 661 1573 687 om-

112 709 200 760 nia,
222 709 359 750 multa
375 709 506 749 etiam
531 708 867 750 sententiarum:
906 707 1006 748 latae
1029 706 1297 761 eruditaeque
1315 704 1576 761 disputatio-

114 779 191 807 nes
217 767 272 808 ab
303 766 454 808 eodem
490 766 779 822 explicantur,
809 775 852 807 et
885 764 969 806 loci
1001 777 1253 805 communes
1283 763 1374 804 sine
1395 771 1577 803 conten-

116 824 236 865 tione
256 824 474 866 dicuntur.
527 824 647 871 Quid
669 823 832 866 multa?
864 838 886 865 e
909 821 1270 879 philosophorum
1291 820 1448 862 scholis
1470 820 1575 861 tales

113 880 204 922 fere
222 882 437 926 evadunt:
461 892 518 934 et,
538 882 620 924 nisi
643 897 790 924 coram
812 882 894 923 erit
915 888 1190 937 comparatus
1213 879 1283 920 ille
1307 878 1476 929 fortior,
1501 891 1577 934 per

115 953 160 980 se
189 939 277 992 hic,
309 955 439 996 quem
466 941 581 992 dico,
613 940 884 997 probabitur.
947 937 1026 980 Est
1054 938 1170 979 enim
1201 937 1420 992 quoddam
1441 936 1571 977 etiam
1586 955 1638 990 96

113 996 302 1054 insigne,
324 1009 369 1040 et
392 999 550 1040 florens
567 999 790 1050 orationis,
814 998 997 1055 pictum,
1019 1005 1062 1037 et
1084 995 1330 1052 expolitum
1354 1008 1505 1051 genus,
1529 994 1575 1035 in

115 1070 204 1110 quo
218 1071 368 1098 omnes
388 1058 633 1108 verborum,
647 1071 796 1099 omnes
820 1055 1131 1098 sententiarum
1154 1053 1376 1111 illigantur
1395 1052 1576 1109 leporeS.

116 1112 220 1156 Hoc
252 1123 393 1157 totum
425 1130 449 1156 e
482 1114 773 1171 sophistarum
806 1114 1002 1156 fontibus
1033 1112 1220 1153 defluxit
1246 1113 1290 1153 in
1323 1110 1481 1161 forum,
1504 1109 1580 1151 sed

116 1182 309 1228 spretum
335 1189 361 1215 a
382 1173 628 1225 subtilibus,
652 1173 870 1230 repulsum
893 1187 918 1213 a
934 1170 1155 1229 gravibuS‚
1181 1170 1224 1211 in
1249 1185 1314 1222 ea,
1336 1169 1389 1211 de
1411 1184 1497 1225 qua
1516 1168 1579 1209 lo-

115 1241 240 1286 quor,
262 1232 563 1273 mediocritate
582 1232 792 1273 consedit.

173 1287 345 1330 Tertius
369 1300 434 1331 est
462 1289 533 1330 ille
558 1289 742 1346 amplus,
764 1288 982 1345 copiosus,
1006 1287 1165 1344 gravis,
1189 1294 1380 1338 ornatus,
1412 1286 1457 1327 in
1488 1300 1575 1342 quo
1591 1301 1658 1349 98

117 1346 318 1403 profecto
345 1347 406 1389 vis
428 1347 622 1389 maxima
650 1357 729 1388 est.
792 1347 883 1389 Hic
901 1355 966 1387 est
987 1346 1119 1398 enim,
1141 1345 1209 1402 cuj
1220 1360 1265 1386 us
1287 1355 1488 1386 ornatum
1510 1343 1575 1385 di·
1588 1375 1639 1412 97

114 1406 258 1457 cendi,
279 1413 324 1447 et
346 1407 519 1462 copiam
550 1405 774 1446 admiratae
801 1412 966 1462 gentes,
989 1403 1282 1459 eloquentiam
1312 1403 1355 1444 in
1387 1402 1577 1443 civitati-

114 1463 196 1505 bus
234 1463 469 1520 plurimum
504 1463 645 1505 valere
689 1479 826 1520 passae
860 1473 984 1504 sunt:
1018 1462 1091 1503 sed
1125 1462 1237 1503 hanc
1269 1460 1578 1517 eloquentiam,

113 1535 213 1577 quae
244 1536 372 1564 cursu
402 1536 579 1579 magno,
623 1523 854 1577 sonituque
896 1520 1094 1570 ferretur,
1138 1535 1268 1575 quam
1310 1519 1581 1575 suspicerent

114 1593 281 1632 omnes,
316 1595 446 1636 quam
479 1580 808 1630 admirarentur,
842 1593 972 1634 quam
1007 1593 1050 1619 se
1093 1578 1260 1634 assequi
1297 1592 1424 1634 posse
1463 1576 1578 1617 diffi-

114 1637 281 1680 derent.
344 1638 490 1694 Hujus
515 1638 774 1693 eloquentiae
803 1647 868 1678 est
891 1646 1074 1678 tractare
1097 1637 1280 1687 animos,
1305 1635 1432 1691 hujus
1455 1635 1574 1675 omni

114 1696 247 1737 modo
285 1711 551 1753 permovere.
587 1696 682 1738 hacc
716 1695 846 1737 modo
878 1694 1136 1751 perfringit3
1168 1694 1299 1735 modo
1338 1692 1489 1749 irrepit
1530 1692 1575 1733 in

116 1768 290 1796 sensus:
323 1754 474 1796 inserit
505 1769 639 1796 novas
671 1753 914 1810 opiniones,
946 1752 1091 1794 evellit
1120 1752 1286 1795 insitas.
1349 1751 1433 1792 Sed
1464 1749 1637 1808 mul-93

115 1820 212 1854 tum
234 1812 412 1854 interest
435 1813 545 1854 inter
574 1812 660 1854 hoc
693 1811 864 1854 dicendi
895 1826 1032 1867 genus
1054 1821 1099 1851 et
1121 1811 1355 1868 superiora.
1420 1808 1509 1856 Qui
1532 1809 1575 1850 in

115 1870 190 1912 illo
221 1870 369 1912 subtili
391 1881 436 1912 et
466 1880 594 1912 acuto
617 1870 870 1921 elaboravit,
893 1880 942 1910 ut
963 1868 1116 1913 callide
1142 1879 1381 1925 arguteque
1400 1867 1579 1919 diceret,

115 1943 198 1970 nec
229 1929 466 1985 quidquam
489 1928 615 1970 altius
648 1929 885 1985 cogitaret:
923 1927 1006 1969 hoc
1032 1942 1119 1968 uno
1147 1926 1363 1984 perfecto,
1393 1940 1579 1981 magnus

116 1996 262 2029 orator
284 1995 363 2039 est,
388 1987 422 2028 si
456 2002 543 2028 non
566 1991 808 2038 maximus3
841 1985 1106 2043 minimeque
1132 1985 1174 2026 in
1198 1984 1366 2026 lubrico
1390 1982 1580 2025 versabi-

114 2053 200 2096 tur,
223 2054 281 2096 et‚
303 2048 340 2079 7¹
358 2045 392 2085 si
415 2045 543 2086 semel
566 2045 826 2095 constiterit,
848 2058 1085 2100 numquam
1107 2043 1247 2085 cadet.
1308 2041 1486 2084 Medius
1508 2039 1579 2082 ille

115 2112 277 2154 autem,
298 2117 428 2158 quem
450 2103 673 2145 modicum
699 2113 743 2144 et
764 2112 1053 2158 temperatum
1089 2117 1212 2153 voco,
1237 2101 1270 2142 si
1295 2100 1427 2142 modo
1450 2114 1577 2140 suum

113 2160 219 2202 illud
257 2162 359 2202 satis
388 2162 667 2214 instruxerit;
698 2165 838 2202 72non
867 2160 1126 2202 extimescet
1157 2159 1368 2217 ancipites
1401 2157 1576 2199 dicendi

114 2218 389 2276 incertosque
428 2235 575 2261 casus:
619 2220 765 2271 etiam,
805 2219 839 2260 si
879 2218 1053 2274 quando
1095 2218 1238 2259 minus
1281 2217 1497 2269 succedet,
1526 2225 1576 2257 ut,

115 2291 233 2334 saepe
255 2276 318 2329 fit,
337 2293 541 2335 magnum
564 2288 708 2319 tamen
727 2277 966 2334 periculum
988 2292 1075 2319 non
1096 2276 1249 2319 adibit.
1268 2276 1353 2318 alte
1365 2275 1482 2317 enim
1503 2289 1576 2316 ca-

114 2335 216 2376 dere
236 2350 322 2376 non
347 2345 506 2392 potest.
555 2335 616 2376 At
637 2351 736 2377 vcro
758 2335 830 2377 hic
849 2345 1009 2387 noster,
1035 2350 1163 2391 quem
1185 2335 1426 2392 principem
1450 2333 1574 2390 poni·
1586 2358 1637 2397 99

116 2407 230 2446 mus,
253 2395 412 2450 gravis,
433 2408 545 2446 acer,
568 2394 735 2445 ardens,
758 2394 792 2435 si
824 2393 878 2434 ad
904 2393 990 2434 hoc
1020 2408 1156 2435 unum
1185 2402 1250 2435 est
1272 2402 1412 2445 natus,
1435 2400 1509 2433 aut
1531 2391 1578 2432 in
1630 2393 1632 2395 ’

115 2450 202 2494 hoc
224 2452 316 2493 solo
348 2467 392 2493 se
425 2453 637 2503 exercuit,
667 2462 742 2493 aut
764 2452 864 2493 huic
898 2452 1046 2507 generi
1069 2452 1214 2493 studet
1237 2452 1326 2503 uni,
1356 2465 1437 2492 nec
1456 2465 1580 2491 suam

117 2509 292 2567 copiam
313 2525 413 2553 cum
445 2510 528 2552 illis
559 2510 729 2552 duobus
762 2510 992 2567 generibus
1015 2512 1054 2543 73
1071 2509 1353 2566 temperavit:
1385 2509 1580 2550 maxime

159 2624 202 2658 69
223 2627 276 2656 vel
306 2626 392 2666 quod
418 2626 520 2666 decet]
548 2626 596 2657 Ut
621 2636 696 2657 cum
723 2626 821 2656 verbo
865 2635 938 2656 cere
953 2626 1100 2666 eoeperit.
1145 2625 1297 2657 Ductum
1322 2630 1372 2656 est
1396 2626 1437 2656 ab
1463 2625 1574 2656 histri-

119 2666 240 2698 humili
253 2672 288 2699 et
299 2668 428 2700 sordido
436 2670 651 2700 substituitur
660 2669 750 2700 aliud
763 2669 822 2699 ho·
866 2668 994 2699 onibus.

119 2713 264 2741 nestum.
278 2711 343 2742 Ms.
357 2712 398 2743 V.
415 2713 496 2743 Edd.
511 2713 595 2743 Ven.
610 2713 700 2753 Lips.
715 2713 800 2742 lieet.
908 2715 925 2745 7
931 2730 949 2742 a
971 2720 1036 2741 nou
1057 2711 1252 2751 eat—timescit]
1278 2720 1340 2741 scr.
1367 2712 1574 2742 extimescet:

160 2755 202 2785 70
222 2753 306 2785 «Iam
321 2760 395 2785 cum
409 2755 614 2796 fluxerunt]
642 2756 723 2787 Mss.
739 2754 821 2785 Pau.
868 2764 945 2784 nam
962 2758 1012 2784 est
1028 2754 1116 2784 inter
1131 2754 1238 2785 media
1251 2754 1384 2785 futura:
1402 2763 1573 2794 nunquam

119 2793 186 2824 duo
212 2795 338 2837 Gryph.
363 2807 439 2828 cum
460 2798 703 2839 confinxerunt.
729 2799 824 2834 bene,
868 2797 1069 2827 cadet-non
1084 2798 1198 2828 adibit.
1221 2798 1341 2828 Sensus
1365 2802 1427 2834 est,
1444 2807 1511 2826 nou
1533 2797 1577 2826 ti-

118 2836 187 2875 sed,
201 2843 241 2868 ut
255 2840 384 2879 opinor,
402 2850 468 2871 non
485 2842 677 2872 necessario.
869 2839 986 2875 mebit,
1012 2844 1070 2870 aut
1091 2842 1210 2871 timere
1235 2840 1345 2877 debet,
1361 2850 1402 2870 ne
1427 2839 1576 2879 frigidus,

161 2883 198 2914 71
223 2881 252 2911 si
274 2884 374 2913 semel
395 2884 602 2924 cmzstiterst]
633 2884 824 2924 Eieganter‚
868 2881 1018 2913 tumidus
1031 2882 1103 2920 fiat,
1117 2894 1159 2914 ne
1173 2883 1305 2914 deficiat
1321 2884 1380 2913 δίο.

118 2932 178 2964 pro
203 2923 230 2955 si
248 2929 337 2957 recte
359 2929 392 2958 et
415 2937 433 2957 e
457 2927 530 2968 lege
553 2928 682 2968 generis
704 2926 753 2958 sui
778 2925 826 2955 di·
912 2928 953 2960 73
976 2926 1186 2967 temperavit]
1204 2925 1298 2964 Fero,
1314 2925 1368 2956 sed
1381 2933 1494 2957 tamen
1510 2933 1579 2954 me·

771 2983 808 3010 M
831 2976 923 3012 1112
