1945 3235
446 188 449 190 ,
472 137 768 181 ORATORIAE
792 135 1159 190 PARTITIONES.
1458 141 1533 180 621

77 242 320 296 ‚etandunn
349 240 454 285 dum
483 241 697 286 fateatur:
729 239 993 299 argumentis
1029 243 1459 295 peccatabconvin'ci:
1493 253 1536 286 et

81 298 134 352 '63
149 300 222 344 hic
243 301 375 358 etiam
397 300 598 357 exempla
620 309 847 357 ponentur.
907 296 1054 352 Atque
1076 297 1170 339 haec
1192 301 1365 354 quidem
1396 302 1449 343 de
1470 317 1535 343 ar·
1547 290 1621 338 34⁴

92 356 328 415 gumentis.
389 358 468 400 Sin
486 365 632 399 autem
653 358 735 399 erit
753 357 883 398 etiam
907 354 1082 395 testium
1107 354 1287 397 facultas
1307 375 1316 400 :
1349 360 1535 414 primum
1551 361 1627 399 117

82 410 230 472 'genus
260 416 342 458 erit
362 415 504 472 ipsum
525 414 801 465 laudandum,
824 412 1155 467 dicendumque,
1187 428 1240 454 ne
1271 418 1537 470 argumentis

92 469 312 515 teneretur
340 467 452 524 reus,
475 473 617 529 ipsum
639 471 681 502 64
693 486 770 512 sua
793 470 996 511 cautione
1029 470 1236 522 effecisse,
1272 481 1400 513 testes
1430 474 1539 516 effu-

87 528 193 586 gere
222 544 310 572 non
333 530 549 586 potuisse:
588 528 743 580 deinde
774 527 932 583 singuli
963 527 1213 569 laudentur:
1245 531 1362 583 (quae
1394 541 1540 572 autem

88 596 233 630 essent
248 587 495 639 laudabilia,
509 586 674 639 dictum
692 586 797 636 estz)
820 585 975 627 deinde
996 586 1035 616 65
1045 585 1175 626 etiam
1194 597 1450 641 argumento
1468 588 1539 642 fir-

85 658 189 698 m03
221 644 344 701 (quia
373 653 516 686 tamen
539 657 655 699 saepe
676 642 833 697 falsum
859 654 938 694 est,
968 657 1093 698 posse
1121 652 1237 684 recte
1268 658 1352 684 non
1376 645 1539 694 credh)

82 701 184 744 >viro
205 702 323 744 bono
350 696 398 742 'et'
415 700 558 752 firmo,
584 701 675 741 sine
705 700 814 742 vitio
836 699 1016 756 judiciS,
1039 715 1125 741 non
1149 715 1274 756 posse
1297 715 1383 741 non
1405 702 1538 742 credi.

86 757 235 816 Atque
255 754 410 810 etiam,
435 758 470 813 si
493 757 666 800 obscuri
697 766 827 799 testes
852 765 992 807 erunt,
1022 768 1097 798 aut
1120 767 1284 808 tenues,
1307 759 1538 800 dicendum

86 817 188 868 erit,
212 830 301 857 non
322 830 414 857 esse
436 829 491 857 ex
523 815 699 857 fortuna
720 815 848 856 fidem
882 814 1221 871 ponderandam,
1251 824 1326 856 aut
1352 831 1425 857 eos
1447 831 1540 859 esse

84 872 298 930 cujusque
330 872 691 929 locupletissimos
722 881 867 922 testeS,
895 872 968 927 qui
1003 872 1061 923 id,
1083 873 1137 913 de
1167 887 1254 927 quo
1285 883 1452 929 agatur,
1476 874 1540 915 fa-

84 931 246 973 cillime
268 930 376 973 scire
398 931 580 987 possint.
619 930 696 972 Sin
718 930 980 985 quaestiones
1006 929 1181 981 habitae,
1205 939 1280 971 aut
1303 932 1538 987 postulatio

86 996 138 1030 ut
165 988 424 1040 habeantur,
445 988 486 1019 66
498 1002 669 1030 causam
699 987 992 1043 adjurabunt:
1026 987 1371 1029 confirmandum
1402 1004 1539 1045 genus

77 1044 276 1102 [primum
305 1045 597 1101 quaestionum
617 1045 723 1087 erit:
755 1044 988 1086 dicendum
1019 1045 1072 1085 de
1104 1045 1145 1086 vi
1172 1045 1346 1097 doloris,
1367 1047 1421 1088 de
1443 1048 1540 1103 opi-

85 1099 218 1145 nione
259 1103 490 1158 majorum,
523 1103 563 1138 67
577 1103 651 1159 qui
688 1117 783 1143 eam
825 1117 914 1143 rem
955 1111 1107 1152 totam,
1145 1103 1230 1145 nisi
1268 1105 1538 1160 probassent,

83 1169 204 1203 certe
224 1161 547 1217 repudiassent;
578 1161 631 1202 de
652 1159 862 1201 institutis
881 1158 1228 1212 Atheniensium,
1249 1161 1536 1214 Rhodiorum,
1554 1168 1627 1202 118

85 1218 438 1261 doctissimorum
470 1217 712 1270 hominum,
743 1218 857 1274 apud
886 1232 993 1273 quos
1025 1219 1156 1259 etiam
1181 1219 1244 1272 (id
1273 1220 1389 1275 quod
1420 1236 1538 1262 acer-

84 1276 314 1318 bissimum
349 1277 434 1326 est)
465 1275 589 1317 liberi
627 1276 829 1330 civesque
870 1283 1150 1331 torquentur3
1197 1277 1250 1317 de
1291 1287 1538 1320 nostrorum

84 1333 218 1375 etiam
256 1333 690 1391 prudentissimorum
721 1332 948 1374 hominum
988 1332 1213 1385 institutis,
1246 1335 1321 1390 qui
1353 1351 1450 1377 cum
1484 1337 1538 1378 de

87 1391 221 1433 servis
251 1393 296 1433 in
329 1391 528 1432 dominos
562 1391 698 1446 quaeri
730 1390 984 1441 noluissent,
1019 1391 1072 1432 de
1111 1392 1277 1433 incestu
1318 1402 1462 1435 tamen
1495 1405 1540 1435 et

86 1448 406 1505 conjuratione,
427 1463 524 1503 quae
558 1447 674 1489 facta
704 1461 773 1488 me
795 1447 970 1488 consule
1000 1460 1079 1499 est,
1101 1450 1381 1504 quaerendum
1415 1460 1542 1507 puta-

84 1515 256 1549 verunt.
316 1506 355 1537 68
371 1505 595 1547 Irridenda
616 1505 746 1562 eti-am
770 1505 1008 1561 disputatio
1031 1516 1109 1556 est,
1132 1522 1218 1561 qua
1238 1507 1377 1550 solent
1400 1510 1462 1550 uti
1487 1510 1541 1551 ad

86 1563 366 1606 infirmandas
403 1562 681 1618 quaestiones,
715 1571 759 1603 et
799 1563 1010 1603 meditata
1048 1565 1308 1620 puerilisque
1342 1567 1539 1609 dicenda.

85 1621 200 1664 Tum
230 1620 430 1663 facienda
451 1620 572 1672 fides,
594 1619 823 1677 diligenter
844 1634 936 1661 esse
966 1630 1009 1661 et
1041 1623 1131 1662 sine
1154 1623 1395 1679 cupiditate
1419 1639 1540 1680 quae-

82 1674 243 1721 situm:
276 1678 478 1734 dictaque
509 1674 761 1733 quaestionis
792 1678 1058 1734 argumentis
1081 1690 1125 1720 et
1147 1681 1400 1736 conjectura
1430 1698 1538 1738 pon-

82 1736 290 1779 deranda.
323 1734 468 1792 Atque
489 1734 585 1777 haec
605 1733 892 1777 accusationis
907 1735 995 1778 fere
1014 1738 1208 1779 membra
1226 1749 1340 1781 sunt.
1364 1740 1538 1789 ‚Defen-
1551 1734 1622 1782 35

87 1794 221 1847 sionis
243 1803 388 1836 autem
420 1793 607 1849 primum
638 1793 873 1834 infirmatio
894 1809 1145 1848 causarum3
1177 1805 1253 1837 aut
1282 1812 1369 1839 non
1391 1798 1539 1853 fuisse,
1556 1808 1628 1843 119

88 1861 165 1893 aut
194 1866 282 1893 non
315 1859 471 1902 tantas,
494 1860 568 1891 aut
598 1865 685 1892 non
717 1850 799 1892 sibi
831 1851 925 1903 soli,
947 1862 1023 1894 aut
1045 1854 1315 1895 commodius
1348 1858 1541 1912 potuisse

88 1910 204 1951 idem
235 1908 467 1964 consequi3
499 1916 573 1950 aut
604 1923 691 1950 non
726 1909 776 1951 iis
806 1923 849 1950 se
879 1924 969 1952 esse
999 1912 1207 1964 moribus,
1240 1927 1327 1954 non
1358 1928 1408 1954 ea
1431 1916 1542 1970 vita3

90 1977 165 2010 aut
201 1966 342 2010 nullos
375 1965 508 2011 animi
541 1976 699 2021 mcum,
736 1975 810 2025 aut
845 1982 934 2010 non
973 1977 1060 2011 tam
1097 1969 1358 2026 impotentes
1395 1972 1542 2016 fuisse.

131 2095 172 2127 63
195 2096 248 2126 hic
261 2096 361 2126 etiam
376 2095 524 2134 exempla
533 2094 724 2136 ponentur]
742 2096 796 2127 Sic

88 2147 157 2169 esse
185 2138 294 2174 debet,
321 2148 388 2168 non
410 2142 602 2177 ponuntur:
632 2141 682 2169 est
705 2140 795 2169 enim

92 2184 308 2221 praeeeptum.
353 2181 406 2211 Sic
421 2180 530 2210 -etiam
554 2181 633 2211 Mss.
648 2182 690 2211 V.
706 2187 740 2212 et
754 2181 794 2212 E.

91 2228 127 2254 et
141 2223 216 2254 edd.
228 2223 312 2254 Ven.
327 2222 416 2253 Med.
431 2223 527 2253 Junt.

134 2266 176 2296 64
184 2275 246 2295 sua
254 2264 540 2306 cautionejbeisse]
558 2264 699 2306 effecisse
713 2265 792 2296 Mss.

87 2307 129 2338 V.
140 2308 180 2338 E.
194 2307 245 2338 ed.
259 2308 343 2338 ven.
357 2308 489 2339 rectius.
511 2308 598 2339 Nam
616 2307 697 2338 illud
709 2313 794 2339 esset

90 2350 191 2387 idem,
203 2350 292 2389 quod
305 2351 517 2386 commisisse,
540 2360 583 2380 sc.
607 2350 642 2380 in
665 2355 793 2390 partem

90 2392 287 2424 deteriorem
302 2393 446 2424 dietum:
471 2393 558 2433 quod
571 2397 621 2424 est
635 2392 791 2424 alienum.

132 2435 173 2466 65
189 2437 296 2466 retiam
312 2435 643 2476 argmnentofirm0]
661 2435 794 2466 Haeserc

91 2476 232 2508 editores
254 2478 288 2508 in
311 2477 374 2508 hoc
401 2478 560 2519 epitheto.
605 2478 720 2517 Itaque
743 2479 794 2509 ed.

91 2519 186 2553 Med,
199 2520 413 2562 datirfirmo.
459 2521 522 2551 Sed
535 2521 598 2552 hoc
607 2521 733 2558 ordine,
745 2522 795 2551 in-

82 2562 189 2605 firmo
202 2564 303 2594 etiam
316 2567 524 2602 argumento.
568 2563 712 2593 Grutero
726 2564 795 2603 pla-

90 2609 144 2635 cet
167 2607 445 2647 argumentando,
469 2605 556 2645 quod
577 2610 649 2636 erat
672 2606 705 2636 in
729 2606 794 2637 Ms.

92 2647 162 2678 Pal.
204 2647 343 2685 Verum,
359 2649 446 2688 quod
457 2649 645 2687 subjicitur,
662 2657 729 2678 non
743 2654 794 2679 est

89 2691 351 2729 argumentatio,
365 2691 420 2721 sed
434 2695 667 2730 argumentum
683 2690 792 2723 modo.

92 2732 246 2771 Suspicor
269 2744 287 2764 e
310 2733 452 2765 lectione
475 2733 610 2764 Mediol.
628 2733 792 2773 scripsisse

91 2775 306 2806 Ciceronem:
330 2775 446 2808 deinde
461 2777 624 2811 universe,
647 2776 697 2805 vel
721 2777 794 2806 uni-

91 2826 201 2855 verso.-
225 2818 281 2853 ita>
299 2818 543 2859 respondebunt
565 2819 644 2849 sibi:
667 2819 794 2857 singuli

89 2860 425 2891 laudentur—deinde
438 2861 529 2892 univ.
545 2871 619 2900 arg.
656 2860 708 2891 Sic
724 2871 795 2891 rur-

90 2911 143 2932 sus
158 2912 187 2934 c.
203 2904 255 2934 35.
276 2913 382 2942 genus
404 2904 593 2935 universum
614 2907 648 2934 et
669 2904 794 2944 singuli

837 2101 1031 2127 occurrunt.
1076 2095 1150 2127 Nisi
1178 2106 1254 2127 vero
1281 2097 1338 2128 illa
1366 2097 1465 2130 lectio
1493 2106 1545 2132 est

838 2140 997 2169 correctio
1020 2138 1168 2176 alterius,
1184 2150 1285 2179 eaque
1311 2141 1441 2182 (firmo)
1461 2154 1478 2173 e
1495 2154 1545 2175 Se-

839 2182 1013 2221 quentibus
1039 2181 1104 2211 huc
1133 2185 1241 2212 tracta
1268 2191 1327 2213 est.
1386 2185 1544 2218 Ceterum

838 2224 1050 2264 parentheses
1085 2223 1183 2264 hujus
1218 2225 1281 2255 loci
1320 2236 1386 2256 non
1417 2235 1544 2260 notatae

836 2277 913 2297 eum
940 2267 1134 2307 impeditum
1163 2272 1197 2297 et
1219 2268 1409 2309 obscurum
1425 2270 1544 2304 fecere.

841 2309 955 2348 Itaque
968 2319 1022 2340 eas
1037 2309 1103 2339 suis
1118 2309 1220 2348 signis
1235 2309 1386 2342 indicavi.

878 2352 921 2382 66
947 2362 1084 2383 eausam
1099 2351 1345 2393 adjuvabunt]
1376 2354 1477 2386 Abest
1503 2357 1545 2389 ab

837 2394 887 2425 ed.
904 2395 931 2425 V
934 2404 986 2425 en.
1001 2403 1150 2425 causam.

879 2438 918 2471 67
943 2438 997 2476 qm·
1021 2447 1095 2468 eam
1117 2447 1188 2468 rem
1211 2438 1331 2477 totam]
1358 2439 1478 2477 Melz.
1492 2441 1542 2474 ed.

836 2479 920 2510 Ven.
937 2479 1047 2510 delent
1065 2489 1150 2510 eam.
1197 2480 1293 2511 Forte
1310 2482 1436 2512 melius.

881 2522 921 2552 63
945 2522 1123 2552 Irridenda
1142 2523 1257 2562 etiam]
1284 2523 1346 2554 ΜΞ,
1364 2525 1402 2555 Ε.
1420 2531 1544 2558 autem.

839 2564 900 2595 Ed.
924 2564 1007 2595 ven.
1031 2565 1123 2595 abest
1141 2569 1199 2596 est.
1245 2566 1326 2596 Mox
1350 2577 1459 2598 rursus
1480 2571 1545 2600 nita*

837 2617 896 2647 pro
924 2609 986 2644 uti,
1017 2607 1102 2637 idem
1135 2607 1227 2638 liber.
1270 2609 1357 2639 Tum
1384 2612 1544 2643 meditata

830 2651 1048 2690 puerilisque:
1062 2650 1227 2688 quomodo
1242 2651 1401 2683 meditata
1415 2659 1465 2683 est
1480 2655 1544 2685 dis-

837 2693 973 2733 putatio,
992 2692 1150 2733 puerilis?
1176 2703 1219 2723 an
1249 2695 1454 2725 scribendum
1482 2698 1544 2727 mi-

836 2740 931 2770 nuta,
947 2736 1033 2774 quod
1055 2734 1138 2765 solet
1155 2733 1233 2766 cum
1251 2738 1391 2776 puerilis
1406 2740 1545 2777 conjun-

837 2778 883 2817 gi,
898 2782 936 2807 ut
952 2778 1046 2808 Brut.
1063 2780 1114 2808 83.
1131 2777 1189 2808 Or.
1207 2781 1258 2809 44.
1274 2780 1414 2810 §.x-ridet.
1445 2782 1478 2811 Si
1494 2787 1545 2812 est

837 2830 856 2850 a
872 2820 1029 2851 Cicerone
1044 2821 1216 2857 meditata,
1231 2826 1282 2860 est
1300 2820 1416 2862 arg'ute
1432 2826 1546 2864 exqui-

836 2862 912 2900 sita,
928 2867 1083 2896 contorta
1097 2862 1245 2895 ridicule.
