1945 3235
624 57 807 106 L1BER
841 63 1116 104 TERTIUS.
1513 65 1590 105 399

148 172 357 232 plificatio
390 180 535 231 potest
566 171 814 230 plurimum,
847 183 982 225 eaque
1010 171 1147 209 93una
1177 167 1270 209 laus
1292 167 1488 221 *oratoris
1527 175 1593 209 est

146 234 324 289 propria
355 232 558 274 maxime.
619 224 763 270 Etiam
793 227 931 282 major
960 234 1026 267 est
1061 225 1132 265 illa
1161 225 1431 276 exercitatio,
1462 239 1593 282 quam

147 299 344 332 extremo
367 302 562 331 sermone
587 286 795 328 instruxit
815 283 1033 326 Antonius
1056 282 1216 338 (primo
1239 282 1481 337 rejiciebat)
1504 284 1593 324 lau-

149 348 280 389 dandi
302 358 346 389 et
368 345 653 403 vituperandi.
715 341 839 385 Nihil
864 351 929 383 est
959 340 1075 381 enim
1105 339 1159 380 ad
1181 340 1529 395 exaggerandam
1551 348 1596 381 et

149 405 498 461 amplificandam
528 402 767 444 orationem
797 397 1182 448 accommodatius„
1204 411 1334 452 quam
1365 405 1595 451 utrumque

149 462 306 504 horum
346 460 682 504 cumulatissime
720 457 862 498 facere
902 470 1042 513 posse.
1104 454 1431 509 Consequenter
1464 454 1595 495 etiam
1611 464 1685 498 106

149 520 211 561 illi
234 520 332 571 loci,
354 519 427 575 qui
449 530 711 573 quamquam
735 514 899 571 proprii
922 527 1163 563 causarum,
1185 521 1228 553 et
1259 511 1518 552 inhaerentes
1552 512 1598 553 in

149 592 296 618 earum
328 575 468 617 nervis
498 588 589 615 esse
619 573 793 624 debent,
817 582 961 613 tamen
992 572 1095 627 quia
1125 570 1178 611 de
1209 569 1408 610 universa
1437 583 1482 609 re
1516 578 1601 610 tra-

151 635 258 676 ctari
282 633 434 683 solent,
456 645 707 674 communes
729 646 755 671 a
776 630 992 672 veteribus
1023 627 1235 670 nominati
1259 636 1382 668 sunt:
1415 639 1601 682 quorum

151 691 308 749 partim
331 690 493 731 habent
515 688 720 730 vitiorum
736 696 780 729 et
801 695 1079 745 peccatorum
1100 699 1243 726 acrem
1262 684 1479 740 quandam
1501 698 1601 725 cum

151 748 488 805 amplificatione
508 747 837 797 incusationem,
857 754 932 786 aut
949 743 1182 800 querelam,
1195 752 1348 784 eontra
1366 757 1496 798 quam
1514 741 1601 782 dici

151 805 261 847 nihil
282 805 403 856 solet,
425 819 506 846 nec
528 812 686 861 potest,
711 812 759 845 ut
789 803 833 844 in
858 802 1221 859 depeculatorem,
1244 800 1289 841 in‘
1321 800 1602 857 proditorem,

152 864 196 904 in
221 863 502 919 parricidam;
534 862 690 918 quibus
720 861 799 913 uti,
821 859 1088 902 confirmatis
1111 858 1382 910 criminibus,
1405 865 1601 913 oportet3

152 920 275 962 aliter
296 921 412 962 enim
427 921 570 976 jejuni
595 928 708 971 sunt,
731 929 861 974 atque
882 919 1056 959 inanes:
1085 916 1157 959 alii
1181 924 1325 958 autem
1346 915 1510 957 habent
1530 914 1603 956 de-
1618 916 1696 966 107

153 979 461 1034 precationem,
484 986 558 1020 aut
579 977 926 1019 miserationem:
960 975 1031 1017 alii
1054 989 1156 1017 vero
1177 973 1389 1030 ancipites
1412 973 1606 1030 disputa-

152 1037 307 1088 tiones,
339 1037 382 1078 in
414 1036 571 1091 quibus
602 1036 654 1077 de
685 1035 885 1076 universo
915 1047 1073 1090 genere
1101 1033 1145 1073 in
1179 1040 1406 1087 utramque
1440 1038 1608 1087 partem

153 1095 302 1135 disseri
325 1095 501 1150 copiose
521 1093 636 1135 licet.
679 1093 791 1140 Quae
814 1091 1070 1133 exercitatio
1093 1104 1208 1131 nunc
1230 1089 1406 1146 propria
1426 1090 1610 1130 duarum

155 1151 544 1208 philosophiarum‚
570 1152 623 1193 de
653 1151 811 1206 quibus
842 1158 942 1190 ante
973 1148 1081 1200 dixi,
1113 1156 1316 1204 putatur:
1349 1147 1465 1203 apud
1495 1146 1608 1187 anti—

156 1225 263 1265 quos
294 1218 385 1251 erat
412 1224 577 1259 eorum,
609 1224 634 1250 a
663 1208 821 1263 quibus
854 1207 994 1248 omnis
1025 1206 1078 1247 de
1109 1205 1235 1247 rebus
1264 1204 1508 1246 forensibus
1543 1204 1608 1245 di-

155 1268 281 1309 cendi
304 1268 414 1308 ratio
435 1276 478 1308 et
500 1267 627 1324 copia
649 1266 891 1322 petebatur.
942 1264 1011 1306 De
1033 1264 1194 1305 virtute
1216 1262 1347 1314 enim,
1370 1261 1424 1303 de
1446 1261 1609 1313 officio,

155 1325 209 1366 de
231 1340 356 1381 aequo
379 1334 423 1366 et
443 1326 574 1376 bono,
597 1325 649 1365 de
672 1323 900 1380 dignitate,
923 1321 1126 1372 utilitate,
1148 1321 1328 1372 honore,
1351 1319 1608 1376 ignominia,

157 1384 353 1439 praemio,
375 1397 521 1438 poena,
545 1381 844 1437 similibusque
867 1381 919 1421 de
950 1380 1092 1431 rebus,
1115 1379 1159 1420 in
1182 1387 1409 1433 utramque
1441 1387 1608 1434 partem

155 1441 327 1482 dicendi
349 1443 391 1474 94
403 1441 585 1492 animos,
606 1448 651 1480 et
672 1439 776 1490 vim,
799 1447 842 1479 et
873 1447 1010 1479 artem
1041 1437 1200 1478 habere
1222 1436 1445 1477 debemus.
1506 1435 1606 1488 Sed,
1624 1442 1697 1477 108

156 1498 361 1554 quoniam
385 1498 438 1539 de
467 1507 614 1539 nostra
636 1497 907 1553 possessione
928 1494 1111 1551 depulsi,
1134 1494 1179 1535 in
1209 1508 1360 1550 parvo,
1382 1502 1426 1534 et
1446 1507 1498 1534 eo
1520 1492 1608 1534 liti—

156 1557 296 1612 gioso,
334 1555 544 1612 praediolo
576 1554 714 1596 relicti
749 1568 911 1604 sumus,
942 1562 985 1593 et
1019 1552 1199 1594 aliorum
1236 1551 1424 1608 patroni,
1459 1559 1609 1592 nostra

156 1624 301 1655 tenere
324 1614 520 1668 tuerique
550 1627 638 1654 non
660 1612 907 1668 potuimus:
940 1611 995 1651 ab
1018 1610 1085 1662 iis,
1107 1609 1222 1666 quod
1255 1608 1609 1665 indignissimum

158 1682 238 1722 est,
260 1671 334 1726 qui
357 1671 400 1712 in
423 1680 617 1711 nostrum
651 1668 960 1725 patrimonium
990 1668 1252 1724 irruperunt,
1273 1667 1390 1722 quod
1413 1681 1522 1723 opus
1544 1675 1609 1707 est

158 1728 284 1770 nobis
315 1736 575 1769 mutuemur.
638 1726 804 1768 Dicunt
837 1726 970 1782 igitur
1002 1740 1118 1766 nunc
1148 1724 1323 1780 quidem
1356 1723 1431 1774 illi,
1455 1723 1530 1779 qui
1553 1738 1605 1764 ex
1622 1727 1692 1774 28

162 1785 374 1843 particula
397 1801 528 1842 parva
559 1785 676 1826 urbis
702 1799 752 1826 ac
773 1784 857 1825 loci
879 1797 1039 1825 nomen
1060 1782 1239 1833 habent,
1262 1790 1306 1823 et
1336 1781 1609 1838 peripatetici
1625 1799 1700 1834 109

162 1843 427 1900 philosophi,
461 1855 535 1884 aut
567 1842 818 1884 Academici
847 1841 1142 1893 nominantur,
1177 1839 1281 1881 olim
1313 1848 1474 1891 autem,
1510 1854 1612 1896 pro-

161 1911 258 1958 pter
278 1901 484 1942 eximiam
508 1915 647 1941 rerum
675 1900 965 1941 maximarum
996 1898 1237 1949 scientiam,
1260 1912 1285 1938 a
1307 1897 1476 1939 Graecis
1501 1896 1613 1953 poli-

161 1959 237 2000 tici
276 1958 525 2015 philosophi
566 1957 786 2014 appellati,
824 1957 1119 1998 universarum
1164 1969 1306 1997 rerum
1339 1954 1613 2011 publicarum

160 2017 338 2058 nomine
370 2017 652 2066 vocabantur,
685 2029 858 2057 omnem
891 2014 1062 2056 civilem
1103 2013 1343 2055 orationem
1378 2013 1423 2053 in
1456 2012 1613 2053 horum

163 2074 370 2116 alterutro
391 2088 548 2130 genere
579 2074 752 2124 versari,
782 2082 857 2114 aut
887 2075 928 2107 95
939 2071 1130 2113 definitae
1154 2070 1461 2112 controversiae
1483 2070 1612 2111 certis
1625 2088 1656 2119 p.
1676 2081 1745 2113 153,

164 2132 431 2188 temporibus
453 2147 504 2173 ac
525 2131 633 2185 reis3
665 2131 748 2173 hoc
779 2129 935 2173 modo:
971 2129 1203 2172 Placeatne
1226 2144 1251 2169 a
1275 2127 1616 2185 Karthaginien·
1628 2132 1658 2153 ²¹·

205 2281 245 2313 93
267 2284 336 2309 una
351 2279 424 2309 laus
437 2289 483 2309 or.
496 2283 542 2310 est
552 2279 690 2319 propria
707 2276 864 2318 max-ime]

165 2320 316 2352 Pearcius
339 2326 426 2352 recte
449 2322 549 2352 deleri
569 2322 641 2351 vult
663 2325 707 2357 et,
723 2320 810 2360 quod
833 2322 868 2351 in

167 2365 306 2404 vulgatis
328 2368 378 2394 est
401 2368 478 2394 ante
496 2366 647 2404 propria.
694 2363 765 2403 Ego
793 2373 868 2394 vero

165 2407 234 2437 sine
261 2407 467 2437 dubitatione
492 2407 608 2437 delevi:
645 2416 721 2436 nani
749 2406 869 2437 falsum

166 2454 215 2479 est
240 2450 273 2479 in
299 2449 556 2490 amplificatione
580 2458 648 2479 esse
672 2458 774 2479 unam
800 2448 870 2478 lau-

167 2490 241 2522 dem
269 2492 426 2522 oratoris:
464 2492 520 2522 sed
553 2496 604 2522 est
632 2501 701 2521 una
728 2492 872 2522 maxime

163 2535 321 2573 propria:
343 2535 418 2573 quia
443 2545 483 2565 ea
505 2535 613 2565 utitur
633 2534 721 2564 solus
745 2540 870 2571 orator,

171 2584 238 2605 non
260 2575 484 2617 philosophus,
507 2579 563 2616 qui
586 2577 621 2607 in
643 2577 706 2607 hoc
730 2578 871 2607 maxime

172 2617 313 2648 diversus
328 2624 378 2649 est
394 2620 434 2650 al)
448 2627 591 2657 oratore,
606 2619 693 2659 quod
707 2619 765 2649 illa
778 2619 873 2659 copia

172 2660 391 2700 amplificandi
406 2671 471 2692 non
486 2663 604 2693 utitur.

214 2705 255 2736 94
281 2704 420 2743 animos]
462 2704 501 2734 In
528 2705 590 2735 hoc
617 2704 717 2735 verbo
745 2712 874 2743 semper

172 2743 264 2781 haesi,
289 2755 348 2776 nec
373 2746 451 2785 quid
474 2747 528 2777 hic
551 2749 607 2784 sit,
637 2757 710 2783 nee,
738 2745 817 2785 quid
844 2745 873 2775 ei

171 2788 301 2825 faciam,
326 2788 439 2819 habeo.
481 2789 570 2820 Nam
593 2791 628 2820 in
650 2788 876 2830 disputatione

172 2831 323 2864 universa
348 2831 387 2864 de
416 2831 467 2863 his
494 2833 589 2866 rebus
617 2842 686 2868 nun
716 2839 797 2874 opus
826 2835 879 2863 est

911 2277 1041 2308 animis.
1088 2275 1168 2307 Vim
1200 2274 1333 2315 quidem
1368 2274 1488 2306 habere
1523 2275 1631 2309 debet·

911 2320 1059 2351 oratori.
1076 2330 1104 2350 e.
1123 2318 1319 2350 facultatem
1341 2328 1358 2347 e
1378 2318 1474 2358 copia·
1496 2328 1620 2355 rerum,

911 2368 946 2393 et
968 2367 1076 2393 artem
1097 2367 1224 2398 tenere,
1248 2362 1270 2392 i.
1293 2371 1326 2391 e.
1350 2360 1486 2390 modum
1510 2370 1622 2392 reruni

911 2406 1172 2436 tractandarum.

955 2451 996 2482 95
1024 2447 1166 2489 definitoe
1193 2444 1429 2484 controversiae]
1465 2445 1531 2481 Sic,
1560 2455 1621 2485 pro

912 2489 1062 2529 vulgato,
1089 2489 1226 2530 difinita
1247 2488 1466 2519 controversia
1492 2488 1527 2517 in
1554 2488 1620 2518 ΜΞ.

915 2533 1036 2572 reperit
1060 2532 1229 2562 Pearcius:
1261 2541 1322 2562 nec
1346 2536 1460 2561 tamen
1486 2531 1622 2570 recepit.

916 2575 1001 2614 Ego,
1016 2575 1085 2605 sine
1101 2574 1159 2604 illo
1173 2574 1236 2605 Ms.
1251 2573 1297 2603 sic
1317 2573 1564 2613 rescripsissem,
1580 2583 1622 2603 ne

917 2618 1032 2647 vitium
1049 2617 1226 2647 latinitatis
1240 2621 1336 2647 esset.
1379 2615 1468 2645 Nam
1491 2616 1551 2646 sibi
1572 2625 1623 2646 re-

915 2659 1080 2700 spondent
1094 2659 1165 2690 haec
1179 2659 1261 2689 duo:
1283 2668 1390 2697 genus
1401 2658 1625 2688 controversiae

916 2702 1057 2743 definitae
1071 2707 1105 2732 et
1119 2702 1247 2744 infinite
1263 2702 1448 2742 quoerentis.
1492 2700 1533 2730 ln
1547 2699 1625 2730 tali-

917 2745 977 2775 bus
1000 2754 1068 2774 non
1090 2754 1171 2784 opus
1194 2749 1244 2775 est
1265 2744 1388 2774 Critico
1403 2742 1500 2774 firmo
1514 2746 1548 2773 et
1571 2751 1625 2774 ac-

918 2792 1031 2822 curate
1046 2788 1226 2821 exercitato
1241 2786 1321 2821 Mss.
1336 2790 1370 2820 et
1384 2784 1457 2817 edd.
