1945 3235
358 154 409 189 56
826 148 907 187 AD
939 147 1320 187 HERENNIUM

358 256 394 286 57
411 266 539 293 unam
572 251 625 293 de
654 252 846 308 quinque
877 253 1003 294 rebus
1035 251 1267 309 plurimum
1292 265 1416 309 posse
1442 264 1529 292 non
1554 250 1679 293 facile
1699 249 1801 292 dix·

357 310 546 361 erimus;
577 324 670 360 nec,
693 311 868 366 egregie
898 324 1102 366 magnam
1125 324 1216 360 esse
1239 309 1471 351 utilitatem
1493 308 1588 349 58in
1609 322 1801 365 pronun-

359 366 558 417 flatione,
600 367 805 409 audacter
847 367 1263 426 confirmaverimus,
1307 380 1407 408 nam
1453 365 1701 407 commodae
1735 364 1800 407 in-

359 424 600 474 ventiones,
622 435 664 466 et
697 425 924 466 concinnae
956 425 1187 466 verborum
1218 423 1500 473 elocutiones,
1534 431 1579 464 et
1610 421 1801 478 partium

358 495 498 523 eausa:
522 482 769 523 artificiosa}
801 482 1123 537 dispositiones,
1145 491 1188 523 et
1211 481 1367 523 horum
1389 480 1585 522 omnium
1614 479 1800 535 diligens

358 539 581 590 memoria,
605 540 696 580 sine
730 539 1100 595 pronuntiatione,
1123 553 1209 580 non
1245 539 1354 595 plus,
1376 553 1506 594 quam
1530 537 1622 578 sine
1643 536 1712 578 his
1735 549 1802 577 re-

359 595 438 637 bus
463 597 759 652 pronuntiatio
784 596 888 646 sola,
913 596 1052 638 valere
1072 596 1248 652 poterit.
1290 598 1452 646 Quare,
1471 595 1575 651 quia
1595 607 1728 635 nemo
1747 593 1802 636 de

357 666 406 693 ca
430 668 473 694 rc
492 653 722 709 diligenter
745 653 942 709 scripsit:
976 668 1076 694 nam
1100 668 1248 695 omnes
1273 654 1346 695 vix
1370 667 1493 710 posse
1517 657 1726 709 putarunt
1747 649 1801 692 de

358 725 480 760 voce,
503 720 546 751 ct
571 711 705 762 vultu,
728 720 771 751 et
795 720 920 767 gestu
944 710 1132 752 dilucide
1156 711 1302 762 scribi,
1321 726 1421 752 cum
1446 711 1513 751 hae
1538 723 1602 750 res
1625 708 1681 750 ad
1703 722 1801 750 sen-

357 782 426 808 sus=
450 779 620 808 nostros
652 769 943 824 pertinerent:
976 777 1020 809 ct
1041 769 1144 824 quia
1177 783 1442 825 magnopere
1475 782 1526 809 ea
1559 781 1656 823 pars
1677 779 1704 807 a
1724 779 1804 806 no·

356 825 422 866 bis
445 825 498 866 ad
530 825 762 866 dicendum
784 826 1076 881 comparanda
1104 836 1184 878 est,
1207 839 1295 867 non
1325 825 1598 882 negligenter
1632 822 1803 865 videtur

357 891 447 923 tota
472 897 536 923 res
559 883 886 924 consideranda.

416 939 641 981 Dividitur
670 941 804 996 igitur
839 939 1137 995 pronuntiatio
1168 940 1212 980 in
1247 940 1366 980 vocis
1402 939 1601 996 figuram,
1634 945 1680 979 et
1707 950 1804 979 cor-

358 997 476 1053 poris
499 1007 682 1038 motum.
745 997 907 1053 figura
928 997 1047 1037 vocis
1069 1005 1148 1046 est,
1171 1011 1268 1051 quae
1301 1012 1426 1038 suum
1447 996 1679 1052 quemdam
1701 1008 1804 1053 pos-

295 1072 347 1105 20
361 1055 470 1095 sidet
504 1054 704 1096 habitum
746 1055 912 1096 ratione
946 1063 991 1095 et
1022 1054 1235 1095 industria
1264 1062 1581 1111 comparatum.
1643 1051 1708 1095 Ea
1738 1051 1806 1093 di-

358 1112 521 1152 viditur
553 1112 597 1152 in
628 1122 711 1153 tres
737 1122 893 1169 partes,
924 1111 1288 1168 magnitudinem,
1314 1111 1642 1161 firmitudinem,
1664 1108 1806 1150 molli·

357 1170 568 1210 tudinem.
632 1169 990 1226 Magnitudinem
1024 1169 1144 1210 vocis
1174 1169 1364 1210 maxime
1386 1176 1611 1224 comparat
1635 1177 1806 1217 natura,

358 1229 397 1260 59
412 1226 611 1268 nonnihil
641 1228 845 1284 adauget,
877 1227 949 1268 sed
974 1227 1164 1268 maxime
1198 1235 1425 1268 conservat
1459 1239 1586 1267 cura:
1619 1223 1806 1266 firmitu-

356 1283 503 1325 dinem
537 1285 656 1326 vocis
692 1286 883 1326 maxime
914 1294 1067 1325 natura
1099 1293 1341 1340 comparat,
1365 1282 1567 1325 nonnihil
1599 1282 1805 1339 adauget,

358 1342 430 1382 sed
453 1343 645 1384 maxime
675 1351 904 1383 conservat
934 1342 1191 1383 exercitatio
1223 1341 1576 1383 declamationis:
1609 1339 1805 1381 mollitu-

355 1399 500 1440 dinem
525 1400 658 1450 vocis,
682 1400 766 1441 hoc
788 1411 867 1451 est,
890 1409 939 1440 ut
960 1413 1054 1440 eam
1087 1408 1287 1454 torquere
1317 1400 1361 1440 in
1381 1397 1581 1448 dicendo,
1604 1411 1683 1454 pro
1705 1409 1807 1441 nos-

356 1466 423 1498 tro
454 1458 701 1508 commodo,
735 1458 962 1513 possimuffi
987 1457 1177 1498 maxime
1211 1456 1341 1499 faciet
1375 1454 1632 1498 exercitatio
1664 1453 1808 1496 decla»-

239 1538 270 1570 p.
290 1529 341 1559 20.
357 1515 575 1556 mationis.
613 1516 893 1571 Quapropter
915 1514 967 1555 de
986 1513 1289 1570 magnitudine
1309 1514 1440 1564 vocis,
1459 1522 1504 1554 et
1527 1510 1808 1553 firmitudinis

313 1581 341 1601 ἃ·
357 1584 492 1628 parte,
523 1573 783 1628 60quoniam
828 1572 962 1614 altera
996 1583 1164 1622 natura,
1204 1571 1338 1613 altera
1379 1585 1484 1613 cura
1515 1578 1808 1626 comparatur,

355 1628 465 1670 nihil
489 1631 524 1660 61
542 1630 597 1670 ad
626 1645 706 1670 nos
734 1629 892 1671 attinet
921 1642 1214 1679 commonere,
1249 1629 1331 1670 nisi
1367 1642 1415 1669 ut
1439 1628 1496 1669 ab
1530 1627 1598 1679 iis,
1619 1625 1694 1682 qui
1717 1639 1807 1667 non

272 1696 337 1743 12
357 1686 481 1728 inscii
502 1697 602 1728 sunt
620 1687 714 1743 ejus
743 1687 933 1738 artificii,
948 1687 1057 1728 ratio
1077 1686 1281 1728 curandae
1298 1687 1414 1728 vocis
1434 1693 1621 1742 petatur.
1667 1682 1736 1726 De
1757 1696 1810 1724 ea

355 1753 477 1800 parte
500 1743 795 1796 firmitudinis,
819 1760 916 1801 quae
948 1754 1230 1786 conservatur
1260 1745 1430 1786 ratione
1461 1740 1809 1791 declamationis,

355 1811 399 1842 et
422 1802 475 1843 de
494 1802 767 1844 mollitudine
790 1803 925 1853 vociS,
946 1817 1043 1858 quae
1063 1802 1255 1842 maxime
1283 1800 1526 1843 necessaria
1543 1807 1610 1841 est
1629 1798 1808 1849 oratori,

357 1859 564 1914 quoniam
587 1874 638 1901 ea
659 1875 832 1916 quoque
852 1859 1150 1901 moderatione
1173 1857 1502 1900 declamationis
1515 1864 1809 1914 comparatur,

293 1935 340 1969 21
357 1917 590 1958 dicendum
624 1918 808 1959 videtur.
872 1917 1061 1958 Firmani
1095 1917 1230 1973 igitur
1270 1917 1461 1957 maxime
1492 1918 1733 1973 poterimus
1763 1912 1810 1954 in

356 1974 542 2016 dicendo
577 1990 731 2016 vocem
760 1989 1030 2025 conservare,
1054 1974 1088 2015 si
1124 1988 1255 2029 quam
1286 1974 1479 2015 maxime
1501 1973 1649 2014 sedata
1669 1979 1714 2013 et
1734 1969 1810 2012 de-

355 2046 502 2087 pressa
531 2047 639 2074 voce
669 2033 886 2089 principia
919 2033 1129 2073 dicemus.
1158 2046 1260 2072 nam
1290 2031 1506 2073 laeduntur
1537 2029 1722 2079 arteriae,
1757 2027 1809 2079 si,

354 2099 588 2146 antequam
609 2090 696 2131 leni
718 2105 826 2131 voce
849 2089 1076 2147 permulsae
1102 2099 1216 2139 sunt,
1241 2090 1328 2130 acri
1349 2088 1537 2131 clamore
1559 2085 1810 2142 complean-

354 2156 438 2188 tur.
501 2145 648 2188 Etiam
680 2148 915 2188 intervallis
951 2147 1222 2203 longioribus
1262 2146 1323 2187 uti
1354 2146 1611 2187 conveniet:
1645 2156 1811 2185 recrea-

354 2213 423 2245 tur
443 2205 560 2246 enim
584 2219 671 2246 vox
692 2206 861 2262 spiritu,
889 2215 933 2246 et
963 2205 1132 2246 arteriae
1165 2203 1391 2245 reticendo
1424 2202 1732 2259 acquiescunt:
1765 2207 1812 2242 et

393 2353 431 2385 57
462 2350 571 2382 Unam
588 2351 627 2381 de
650 2352 791 2392 quinque
814 2351 934 2391 rebus]
959 2350 1059 2389 vulg.
1103 2355 1156 2381 tus
1171 2361 1262 2382 sum:
1288 2360 1348 2380 nec
1357 2349 1447 2381 enim
1459 2349 1544 2381 bene
1558 2347 1725 2380 convenit.

350 2403 467 2424 unum.
512 2394 722 2424 Correximus
737 2405 755 2424 e
770 2395 850 2425 Mss.
863 2393 1058 2434 quibusdam
1145 2394 1186 2424 60
1201 2394 1368 2435 ‚Quoniam
1383 2394 1494 2423 altera
1507 2396 1634 2423 natura
1648 2389 1722 2431 &c.]
1740 2389 1812 2421 Pri-

350 2439 384 2465 οἵ
399 2435 470 2466 edd.
484 2446 533 2476 pr.
553 2436 662 2468 Unum
678 2442 727 2467 est
741 2437 782 2467 ab
794 2436 889 2467 Aldo.

395 2481 434 2509 53
451 2478 800 2519 Inpronuneiatione.]
816 2479 899 2510 Edd.
918 2480 1008 2512 1474.
1025 2481 1059 2508 et

352 2519 426 2550 aliae
442 2527 522 2551 vett.
539 2521 663 2552 addunt
677 2523 745 2552 sola
761 2534 769 2551 .·
785 2522 872 2560 quod
886 2532 903 2551 e
919 2530 1056 2560 sequen-

352 2563 440 2592 tibus
456 2563 520 2593 linc
535 2569 681 2594 tractum
697 2569 757 2594 cst.
782 2564 847 2594 Hic
863 2563 993 2603 quidem
1010 2563 1058 2594 lo-

352 2615 428 2634 cum
444 2615 510 2635 non
523 2605 633 2636 habet.
643 2605 714 2636 Nec
727 2607 788 2637 hoc
799 2607 965 2644 dicebant,
978 2615 1058 2645 (pios

352 2652 471 2678 eontra
494 2648 655 2687 disputat,
680 2651 782 2679 solam
798 2659 866 2679 esse
884 2648 1060 2688 insigniter

353 2690 483 2725 utilem,
499 2691 554 2720 sed
570 2696 690 2730 praeter
704 2698 828 2722 ceteras
843 2695 964 2731 partes.

396 2735 436 2766 59
460 2733 625 2762 Nonnihil
635 2733 808 2772 adauget]
840 2734 948 2773 Vulgo
974 2734 1060 2764 hanc

352 2779 464 2812 auget.
489 2774 551 2805 Sed
566 2777 651 2805 lianc
665 2780 699 2805 et
716 2785 828 2805 sensus
841 2782 875 2806 ct
889 2776 968 2806 Mss.
985 2775 1059 2816 plu-

353 2827 402 2845 res
418 2822 452 2847 tt
465 2816 535 2846 cdd.
551 2827 598 2857 pr.
615 2827 680 2847 non
696 2818 829 2849 habent.
847 2818 920 2849 Hoc
935 2818 1059 2849 habent

353 2858 434 2889 Mss.
461 2859 607 2899 plerique
633 2866 668 2890 et
693 2860 764 2890 edd.
780 2871 828 2901 pr.
875 2861 938 2891 Hae
963 2861 999 2890 in
1011 2870 1060 2891 se-

352 2903 466 2940 qut-nti
479 2903 545 2932 tere
559 2902 683 2933 habent
695 2904 872 2934 accuratio.
889 2912 957 2934 non
969 2912 1062 2934 secu-

1103 2445 1196 2466 mum
1223 2436 1408 2467 membrum
1423 2435 1465 2466 ad
1489 2432 1731 2465 firmitudinem
1760 2443 1812 2464 re-

1102 2478 1220 2516 fertur,
1231 2478 1373 2509 alterum
1390 2477 1430 2509 ad
1444 2475 1719 2517 magnitudinem.
1731 2483 1812 2506 nam

1100 2520 1135 2550 in
1152 2520 1227 2558 hac,
1248 2531 1327 2552 cura
1347 2525 1426 2551 ante
1448 2522 1747 2556 commemor-amn
1774 2517 1810 2548 in

1101 2563 1319 2601 firmitudine,
1334 2568 1456 2593 natura
1469 2565 1505 2593 et
1520 2559 1725 2592 exercitatio.
1747 2558 1813 2591 Sed

1101 2605 1172 2636 haec
1198 2606 1346 2646 pertinet
1370 2604 1412 2635 ad
1437 2607 1568 2645 partem
1595 2601 1811 2634 firmitudini·

1101 2659 1187 2685 eam,
1202 2648 1240 2679 de
1256 2658 1320 2688 qua
1332 2646 1510 2688 separatim
1525 2645 1658 2676 dicitur.

1145 2691 1182 2721 Gl
1208 2691 1263 2722 Ad
1276 2690 1356 2730 ηοω]
1384 2689 1487 2720 Abest
1513 2698 1534 2719 a
1558 2687 1651 2719 libris
1676 2685 1810 2727 quibus-

1102 2732 1178 2764 dam
1191 2745 1198 2762 ε
1223 2734 1334 2773 itaque
1348 2731 1450 2763 deleri
1463 2730 1582 2762 volunt
1601 2728 1736 2770 quidam
1749 2727 1813 2761 viri

1102 2775 1190 2806 docti
1207 2788 1213 2806 ε
1240 2785 1319 2815 quos
1334 2784 1403 2805 non
1425 2773 1607 2813 sequimur,
1631 2772 1710 2813 quia
1721 2769 1812 2802 vide-

1101 2821 1159 2847 tur
1171 2818 1289 2854 dicere,
1300 2816 1440 2848 rhetoris
1454 2825 1520 2846 non
1530 2824 1612 2852 esse,
1624 2814 1664 2846 de
1675 2814 1728 2846 his
1738 2817 1811 2845 mo-

1106 2870 1196 2897 nere,
1211 2860 1246 2890 in
1260 2860 1378 2900 quibus
1401 2858 1582 2890 artificium
1604 2857 1717 2889 locum
1742 2863 1812 2887 uon

1105 2902 1237 2934 habeat.
