1945 3235
357 153 434 189 282
859 150 960 189 'DE
986 150 1271 189 ORATORE

358 255 580 319 putabam,
602 253 802 295 virtutem
827 253 1072 296 hominibus
1091 256 1143 307 (si
1169 255 1295 296 inodo
1319 255 1426 295 tradi
1452 255 1613 296 ratione
1636 255 1787 311 possit)

359 312 622 353 instituendo
642 323 684 353 et
709 312 1014 367 persuadendo,
1039 328 1120 352 non
1147 313 1286 361 minis,
1309 322 1351 353 et.
1374 313 1429 360 vi,
1452 327 1501 352 ac
1523 324 1637 354 metu
1662 314 1786 354 tradi.

360 369 470 410 lNznn
497 370 634 424 ipsum
657 370 828 424 quidem
853 369 969 419 illud,
991 371 1119 410 etiam
1140 370 1229 410 sine
1251 369 1499 422 cognitione
1514 369 1640 424 juris,
1658 384 1786 424 quain

270 440 346 474 243
360 427 414 467 sit
448 426 616 476 bellurn,
638 440 787 466 cavere
818 425 990 476 malum,
1013 428 1119 467 scire
1152 441 1388 481 possumus.
1451 426 1517 467 De
1549 441 1616 467 me
1644 437 1787 467 autem

358 484 466 539 ipso,
488 483 555 525 cui
583 484 651 523 nni
677 494 720 523 tu
744 483 959 533 concedis,
983 493 1042 533 ut,
1065 485 1155 524 sine
1186 483 1269 524 nlla
1292 483 1402 537 juris
1428 483 1619 534 scientia,
1644 493 1786 524 tamen

355 541 494 581 cainsis
526 539 769 581 satisfacere
801 541 974 595 possim,
1004 541 1080 581 tibi
1115 541 1210 590 boc,
1235 540 1399 589 Crasse,
1433 540 1683 595 respondeO,
1714 554 1787 580 ne-

354 614 438 653 que
470 612 536 638 inc
571 612 770 651 nmquam
802 597 876 651 jus
906 597 1031 638 civile
1062 598 1275 649 didicisse,
1309 612 1445 652 neque
1478 607 1618 638 tamen
1651 597 1693 638 in
1734 598 1785 638 iis

355 655 510 701 causis,
544 658 696 708 &quas
730 653 770 693 in
804 655 904 707 jure
942 668 1109 709 possem
1147 654 1388 705 defendere,
1423 669 1624 709 umquam
1662 654 1786 695 istam

355 712 578 752 scientiam
609 711 882 751 desiderasse.
940 710 1069 752 Aliud
1099 720 1163 752 est
1191 711 1320 761 enim,
1352 726 1442 752 esse
1473 712 1680 752 artificem
1712 726 1787 752 cu-

348 769 521 823 jusdffln
556 769 722 823 generis
751 777 879 822 atque
909 767 1024 817 artis,
1055 768 1168 809 aliud
1201 768 1242 808 in
1265 769 1482 809 communi
1513 768 1601 809 vita
1621 778 1665 809 et
1697 768 1786 808 vul-

266 842 343 877 2⁴9
355 826 445 881 gari
470 825 692 866 hominum
714 825 1023 866 consuetudine
1043 840 1121 867 nec
1151 825 1364 875 hebetem,
1386 840 1464 867 nec
1486 826 1649 866 rudem.
1701 824 1785 866 Cui

353 892 545 923 nostruin
569 896 652 922 non
677 882 775 922 licet
797 881 951 923 fundos
974 892 1140 923 nostros
1162 882 1295 932 obire,
1318 891 1393 924 aut
1423 896 1486 922 res
1517 883 1696 924 rusticas
1720 881 1786 923 vel

351 939 516 980 fructus
538 953 679 988 causa,
702 938 767 978 vel
797 939 1107 989 delectationis,
1133 939 1341 980 invisere?
1374 948 1515 980 tamen
1547 953 1673 980 nemo
1696 948 1784 981 tam

351 997 441 1037 sine
466 996 614 1044 oculis,
640 1005 725 1036 tam
757 995 847 1037 sine
877 1009 1020 1037 mente
1052 996 1172 1046 vivit,
1204 1005 1265 1046 ut,
1287 995 1390 1051 quid
1422 996 1478 1036 sit
1509 996 1710 1037 sementis
1735 999 1786 1037 ae

349 1053 512 1103 messis,
533 1053 636 1108 quid
659 1053 858 1094 arborum
883 1053 1051 1109 putatio
1073 1067 1122 1094 ae
1147 1053 1313 1103 vitium,
1335 1067 1421 1108 quo
1446 1061 1636 1108 tempore
1667 1053 1783 1102 anni,

349 1121 424 1151 aut
444 1125 530 1165 quo
553 1109 681 1150 modo
703 1124 754 1150 ea
776 1109 893 1161 fiant,
913 1111 1090 1151 omnino
1114 1110 1288 1151 nesciat.
1351 1110 1466 1151 Num
1489 1110 1636 1165 igitur,
1659 1109 1692 1150 si
1714 1109 1784 1151 cui

350 1167 507 1209 fundus
539 1166 842 1222 inspiciendus,
864 1177 939 1208 aut
959 1168 993 1208 si
1018 1167 1306 1208 mandandum
1337 1166 1497 1222 aliquid
1521 1166 1785 1223 procuratori

348 1225 402 1266 de
432 1223 706 1279 agricultura,
736 1235 809 1265 aut
840 1225 1137 1281 imperandum
1170 1224 1312 1265 villico
1334 1225 1404 1274 sit,
1438 1223 1642 1279 Magonis
1675 1223 1784 1265 Kar-

349 1281 633 1335 thaginiensis
657 1290 755 1322 sunt
784 1282 880 1322 libri
913 1281 1209 1338 perdiscendi?
1240 1296 1293 1322 an
1319 1281 1398 1323 hac
1420 1281 1638 1322 communi
1663 1280 1785 1322 intel—

350 1335 529 1395 ligentia
560 1338 753 1379 conteuti
789 1353 880 1380 esse
914 1341 1165 1395 possumus?
1198 1338 1287 1380 Cur
1318 1352 1423 1395 ergo
1457 1353 1545 1379 non
1578 1337 1706 1379 iidem
1739 1338 1784 1378 in

344 1396 443 1451 jure
471 1395 602 1446 civili,
636 1396 888 1451 praesertim,
910 1411 1005 1437 cuin
1039 1396 1080 1436 in
1114 1396 1267 1446 causis,
1290 1405 1334 1436 et
1363 1397 1406 1436 in
1438 1395 1641 1451 negotiis,
1662 1403 1708 1435 et
1738 1395 1782 1436 iu

216 1476 249 1506 p.
271 1454 444 1498 107.foro
466 1463 752 1503 conteramur,
774 1454 875 1494 satis
898 1453 1094 1494 instructi
1116 1467 1207 1494 esse
1239 1468 1464 1508 possumus
1493 1453 1545 1493 ad
1568 1452 1652 1494 hoc
1674 1452 1784 1493 dun-

308 1518 336 1538 ⁸·
352 1520 485 1560 taxat,
509 1524 560 1551 ne
592 1510 635 1550 in
666 1520 812 1550 nostra
836 1511 973 1565 patria
1002 1510 1215 1566 peregrini
1245 1520 1374 1565 atque
1406 1509 1583 1551 advenae
1605 1523 1696 1549 esse
1719 1509 1782 1550 vi-

258 1572 336 1607 250
347 1567 550 1609 deamur?
571 1566 637 1608 Ac
660 1567 692 1607 si
709 1566 802 1622 jam
826 1567 881 1607 sit
901 1582 1030 1608 causa
1050 1567 1191 1621 aliqua
1211 1567 1262 1607 ad
1287 1581 1362 1608 nos
1384 1566 1525 1607 delata
1545 1565 1782 1617 obscurior,

345 1624 535 1674 difficile,
556 1624 699 1674 credo,
721 1624 790 1675 sit,
813 1637 910 1665 cum
936 1624 1018 1665 hoc
1043 1623 1237 1665 Scaevola
1257 1624 1600 1676 communicare3
1631 1637 1782 1678 quam-

344 1697 472 1737 quam
495 1681 576 1737 ipsi
600 1681 759 1732 omnia,
782 1696 963 1737 quorum
995 1681 1219 1737 negotium
1239 1690 1318 1731 est,
1340 1680 1536 1722 consulta
1564 1679 1617 1721 ad
1640 1694 1717 1721 nos
1738 1688 1784 1720 et

343 1739 562 1794 exquisita
581 1737 792 1779 deferunt.
825 1738 893 1779 An
920 1753 1018 1780 vero
1041 1739 1074 1779 si
1097 1738 1149 1779 de
1172 1753 1214 1779 re
1236 1738 1342 1793 ipsa,
1361 1738 1396 1778 si
1417 1738 1469 1779 de
1492 1736 1664 1788 finibus,
1683 1751 1783 1778 cum

344 1798 383 1827 85
399 1796 440 1836 in
464 1810 551 1836 rem
575 1805 829 1851 praesentem
854 1811 939 1837 non
962 1795 1170 1846 venimus,
1187 1795 1220 1836 si
1240 1796 1292 1836 de
1311 1795 1467 1836 tabulis
1488 1803 1532 1836 et
1552 1793 1782 1849 ²6perscri-

345 1853 566 1909 ptionibus
597 1853 891 1894 controversia
916 1862 994 1903 est,
1020 1862 1238 1894 contortas
1271 1867 1334 1893 res
1364 1861 1407 1893 et
1439 1865 1554 1908 saepe
1583 1850 1780 1893 difficiles

343 1910 582 1951 necessario
607 1909 910 1966 perdiscimus:
943 1910 977 1950 si
1001 1909 1114 1965 leges
1137 1910 1276 1960 nobis,
1298 1918 1372 1950 aut
1402 1909 1436 1949 si
1458 1907 1683 1950 hominum
1706 1922 1781 1964 pe-

341 1967 523 2008 ritorum
559 1981 762 2023 responsa
782 1968 1083 2023 cognoscenda
1113 1975 1225 2016 sunt,
1250 1981 1455 2017 veremur,
1483 1979 1536 2006 ne
1565 1979 1629 2015 ea,
1660 1965 1693 2006 si
1724 1965 1781 2006 ab

342 2024 630 2066 adolescentia
659 2023 749 2079 juri
783 2024 899 2065 civili
935 2024 1076 2065 minus
1112 2023 1413 2074 studuerimus,
1451 2037 1537 2064 non
1573 2036 1778 2077 queamus

341 2096 618 2137 cognoscere.

259 2146 330 2203 59
402 2138 578 2179 Nihilne
600 2137 732 2194 igitur
759 2137 932 2192 prodest
953 2137 1111 2178 oratori
1136 2136 1248 2192 juris
1271 2136 1407 2178 civilis
1435 2136 1641 2178 scientia?
1674 2135 1776 2178 Non

341 2210 514 2253 possum
546 2209 701 2252 negare
733 2196 767 2228 87
787 2194 986 2251 prodesse
1016 2194 1143 2235 ullam
1179 2195 1416 2245 scientiam,
1449 2194 1488 2235 ei
1525 2193 1779 2250 praesertim,

379 2343 419 2372 ¹34
433 2351 514 2381 quas
527 2342 560 2371 in
575 2340 657 2381 jure
674 2350 797 2381 possem
821 2339 899 2381 def]
918 2341 938 2370 i.
953 2338 1040 2380 apud
1081 2339 1277 2380 scriptionis.
1321 2339 1367 2370 Ac
1382 2339 1428 2370 sic
1443 2343 1491 2369 est
1508 2340 1542 2369 in
1557 2337 1627 2369 edd.
1641 2338 1694 2369 W.
1709 2347 1735 2369 s.
1752 2338 1775 2369 l.

336 2384 391 2414 tri!
405 2384 483 2414 unal
499 2385 659 2424 praetoris.
675 2394 704 2413 v.
716 2383 807 2413 Clav.
1082 2388 1115 2412 et
1140 2393 1168 2413 a.
1189 2388 1222 2412 et
1247 2381 1331 2417 aliis,
1346 2383 1446 2412 etiarn
1471 2381 1550 2411 Mss.
1572 2380 1658 2420 apud
1682 2381 1777 2411 Pear-

378 2429 418 2456 25
442 2428 475 2456 in
497 2437 526 2455 r.
547 2436 580 2466 p.
603 2435 666 2456 non
690 2424 863 2463 venimus]
889 2424 955 2455 Cur
979 2434 1034 2454 ne·
1077 2425 1177 2461 cinni,
1201 2425 1256 2463 qui
1283 2428 1369 2454 recte
1390 2425 1462 2463 jam
1484 2423 1647 2454 restituit:
1671 2422 1776 2454 altera

337 2469 427 2506 gatio
443 2468 552 2498 addita
567 2469 640 2498 est?
666 2477 742 2498 nain
758 2477 832 2497 cum
854 2466 892 2496 de
916 2466 1033 2496 finibus
1076 2466 1188 2503 lectio,
1206 2471 1243 2496 ut
1259 2467 1292 2496 in
1308 2465 1441 2496 Mediol.
1458 2474 1531 2504 quae
1552 2463 1631 2495 alias
1645 2464 1712 2495 fere
1726 2474 1775 2495 se-

337 2510 377 2540 lis
399 2516 461 2546 est,
487 2511 665 2540 necessario
686 2515 735 2540 est
758 2510 791 2539 in
820 2518 885 2539 rein
910 2518 958 2548 pr.
982 2518 1034 2539 ve-

337 2552 506 2588 niendum,
531 2552 718 2591 inspiciendi
743 2560 850 2581 causa.
872 2560 963 2580 secus
985 2555 1034 2580 est

336 2595 370 2624 in
387 2595 457 2623 aliis
478 2595 649 2628 generibus
664 2593 891 2629 vindiciarum,
907 2593 961 2622 ubi
986 2592 1034 2622 in-

336 2636 492 2676 spiciendi
515 2637 688 2666 necessitas
710 2635 802 2665 nulla
817 2641 877 2666 est.
922 2635 965 2665 Et
984 2640 1034 2665 ta-

336 2687 412 2708 men
438 2678 470 2708 in
495 2679 544 2708 his
570 2678 678 2717 imago
704 2678 820 2707 veteris
847 2678 945 2707 moris
968 2686 1034 2707 ser-

336 2725 424 2756 vata,
453 2725 487 2750 et
515 2720 548 2750 in
578 2730 645 2750 rem
674 2725 870 2760 praesentem
897 2724 1032 2749 ventum

335 2768 395 2793 est.
417 2762 512 2793 offic.
529 2762 556 2798 1,
577 2765 625 2792 10.

377 2804 418 2835 86
427 2802 739 2844 perscriptionibus]
761 2802 832 2833 Hoc
845 2812 956 2833 verum
970 2806 1032 2837 est,

335 2856 401 2877 non
413 2846 728 2886 prm-scriptionibus:
746 2854 821 2875 nam
837 2845 971 2875 verbum
988 2845 1033 2875 rei

335 2889 532 2929 pecuniariae
553 2887 766 2925 desideratur,
782 2886 878 2928 quale
891 2894 942 2919 est
962 2897 1034 2928 per-

1077 2509 1190 2548 quitur
1211 2508 1260 2538 ed.
1283 2517 1307 2538 s.
1329 2508 1350 2538 1.
1365 2513 1399 2538 et
1421 2518 1450 2537 a.
1472 2511 1546 2536 orta
1566 2511 1616 2537 est
1635 2516 1653 2536 e
1677 2507 1774 2538 modo

1078 2550 1237 2581 scribendi
1248 2560 1369 2589 prescr.
1382 2550 1435 2590 qui
1451 2549 1484 2579 in
1499 2548 1558 2578 hac
1569 2553 1603 2579 et
1618 2547 1689 2578 aliis
1701 2548 1773 2579 edd.

1077 2594 1233 2632 antiquis,
1262 2597 1301 2622 ut
1336 2592 1370 2622 in
1405 2591 1470 2622 Ms.
1509 2600 1594 2631 saepe
1621 2591 1775 2621 occurrit.

1078 2635 1105 2664 E
1121 2634 1255 2666 Mediol.
1268 2634 1359 2665 venit
1380 2634 1414 2663 in
1436 2633 1568 2664 Ascens.
1583 2632 1658 2664 AM.
1676 2633 1775 2664 dunt.

1078 2677 1136 2708 &c.

1119 2721 1158 2752 87
1177 2718 1326 2758 prodesse
1338 2718 1443 2747 ullam
1457 2715 1653 2756 scientiam]
1677 2717 1712 2748 si
1734 2716 1775 2748 ad

1077 2761 1179 2791 solam
1208 2759 1502 2800 jurisprudentiam
1543 2759 1698 2799 pertinet,
1733 2759 1774 2789 de

1077 2813 1142 2841 qua
1171 2801 1242 2832 sola
1268 2811 1374 2832 sermo
1399 2806 1460 2838 est,
1490 2800 1694 2831 scribendum
1724 2805 1775 2831 est

1076 2845 1182 2874 illam.
1219 2844 1251 2874 Si
1267 2844 1347 2874 alias
1361 2853 1488 2882 quoque
1503 2842 1688 2883 disciplinas
1702 2852 1774 2882 spe-

1076 2887 1180 2918 ctavit
1209 2885 1400 2925 Antonin-53
1432 2884 1684 2925 intelligendum
1710 2887 1785 2923 est,
