1945 3235
348 116 424 150 303
872 116 949 154 DE
983 117 1269 155 ORATORE

351 217 637 268 confirmavit,
658 226 786 274 atque
807 220 935 261 etiam
967 221 1146 272 addidit,
1177 221 1327 277 gratiae
1358 219 1521 261 scilicet
1543 235 1688 270 causa,
1710 229 1779 259 me

220 285 250 314 P·
272 277 524 328 ¹¹7·quoque
554 274 633 315 sibi
663 274 912 332 magistrum
936 277 1142 318 futurum.
1206 278 1288 318 Vix
1320 292 1454 318 annus
1486 277 1780 318 intercesserat

312 326 407 370 ³·ab
439 331 520 372 hoe
552 345 744 374 sermone
766 334 1075 375 cohortationis
1108 349 1227 386 meze,
1250 350 1347 375 cum
1380 335 1458 375 iste
1488 334 1704 375 accusavit
1727 332 1780 373 C.

356 387 625 439 Norbanum,
647 389 901 432 defendente
925 407 1005 432 me.
1028 407 1111 433 non
1135 403 1200 432 cst
1220 391 1436 442 credibile,
1455 392 1557 446 quid
1579 391 1780 431 interesse

354 444 461 486 mihi
494 445 548 486 sit
579 446 715 487 visum
748 448 857 488 inter
887 463 1000 499 enm,
1022 449 1095 504 qui
1127 459 1216 489 tum
1247 459 1352 499 erat,
1375 458 1417 490 et
1449 448 1521 503 qui
1553 462 1664 489 anno
1683 456 1782 488 ante

356 501 506 543 fuerat.
569 502 758 545 Omnino
783 504 823 544 in
849 505 948 546 illud
973 520 1106 561 genus
1127 521 1225 547 eum
1249 505 1390 547 Crassi
1422 505 1698 561 magnificum
1720 513 1784 544 at—

356 573 438 614 que
461 560 710 616 praeclarum
734 572 885 602 natura
907 563 998 617 ipsa
1018 563 1225 604 ducebat:
1259 564 1328 604 sed
1352 578 1402 604 ea
1422 578 1507 603 non
1533 562 1634 602 satis
1658 559 1786 617 profi-

358 631 452 657 cere
476 617 698 672 potuisset‚
721 619 801 658 nisi
825 619 863 649 68
875 619 1024 660 eodem
1053 621 1194 661 studio
1216 630 1343 676 atquc
1376 620 1616 661 imitatione
1646 617 1787 660 inten—

359 673 503 723 disset,
525 684 652 728 atque
685 674 743 714 ita
764 675 904 716 dicere
925 687 1184 727 consuesset,
1208 688 1253 718 ut
1284 687 1375 718 tota
1397 687 1538 718 mente
1568 676 1787 724 Crassum,

279 724 345 770 2‘2
361 741 487 785 atque
520 731 636 771 omni
670 732 813 772 animo
852 733 1101 774 intueretur.
1161 733 1276 788 Ergo
1317 734 1397 776 hoc
1436 735 1490 775 sit
1525 734 1709 789 primurn
1744 731 1790 772 in

298 788 588 844 90praeeeptis
619 789 738 840 meis,
773 798 819 829 ut
849 790 1202 841 demonstremus,
1223 787 1399 846 6'9quem
1433 791 1637 840 imitetur,
1659 798 1789 844 atque

362 845 432 893 ita,
467 854 528 895 ut,
559 860 655 900 quae
690 846 877 887 maxime
907 847 1120 888 excellant
1150 848 1192 889 in
1221 862 1287 898 eo,
1309 863 1434 903 quein
1468 847 1721 897 imitabitur,
1742 860 1793 886 ea

359 900 685 958 diligentissime
709 914 998 958 persequatur.
1021 913 1112 944 tum
1143 905 1318 946 accedat
1341 905 1609 956 exercitatio,
1627 918 1711 959 qua
1741 902 1791 943 il·

360 958 462 1008 lum,
485 973 612 1014 quem
642 969 741 1000 ante
771 960 991 1017 delegerit,
1023 961 1231 1003 imitando
1254 962 1446 1017 effingat,
1467 971 1596 1016 atque
1626 961 1687 1002 ita
1715 974 1792 1000 ex-

362 1016 542 1072 primat3
574 1020 613 1049 70
628 1031 711 1057 non
737 1027 782 1057 ut
804 1018 961 1059 multos
990 1018 1224 1059 imitatores
1256 1033 1370 1074 saepe
1391 1018 1593 1074 cognovi,
1614 1017 1687 1072 qui
1718 1027 1789 1058 aut

362 1088 424 1122 ea,
448 1087 544 1128 quae
576 1072 718 1114 facilia
748 1084 860 1126 sunt,
887 1075 1109 1116 autetiam
1140 1075 1224 1126 illa,
1246 1091 1342 1131 qnae
1378 1075 1562 1132 insignia
1589 1089 1640 1115 ae
1669 1087 1792 1130 paene

300 1129 346 1165 91
365 1130 531 1181 vitiosa,
553 1133 904 1172 7¹conseetantur
934 1132 1156 1186 imitando.
1217 1133 1338 1174 Nihil
1366 1142 1430 1173 est
1460 1132 1641 1182 facilius,
1664 1144 1794 1187 quam

362 1187 569 1229 amictum
600 1187 757 1229 imitari
779 1189 974 1245 alicujus,
996 1199 1070 1231 aut
1091 1199 1264 1240 statum,
1287 1200 1361 1230 aut
1386 1200 1565 1230 motum.
1624 1188 1671 1229 Si
1697 1202 1794 1229 vero

362 1245 492 1285 etiam
524 1244 676 1285 vitiose
710 1245 869 1301 aliquid
902 1257 979 1297 cst,
1013 1247 1054 1288 id
1093 1262 1272 1297 sumere,
1311 1250 1402 1292 72th
1432 1247 1475 1288 in
1506 1261 1557 1287 eo
1590 1246 1794 1286 vitiosum

363 1316 466 1352 esse,
490 1316 575 1342 non
597 1317 802 1358 magnum
823 1313 901 1354 est,
925 1315 972 1345 ut
993 1304 1078 1354 ille,
1100 1305 1173 1359 qui
1198 1319 1309 1345 nunc
1331 1304 1476 1354 etiam,
1498 1304 1653 1345 amissa
1675 1316 1794 1353 voce,

361 1362 401 1393 73
414 1358 515 1399 furit
544 1359 585 1399 in
618 1360 837 1415 republica
860 1361 1025 1412 Furius,
1048 1375 1198 1402 nervos
1230 1361 1271 1401 in
1294 1361 1476 1402 dicendo
1500 1361 1551 1402 C.
1575 1359 1796 1410 Fimbriae,

364 1430 470 1470 quos
503 1427 643 1456 tamen
677 1417 827 1459 habuit
857 1418 938 1468 ille,
970 1433 1055 1460 non
1085 1418 1337 1474 assequitur,
1360 1419 1444 1459 oris
1477 1418 1730 1474 pravitatem
1752 1424 1797 1456 et

365 1475 405 1505 74
421 1473 645 1514 verborum
674 1474 957 1525 latitudinem,
975 1476 1179 1516 imitatur.
1212 1476 1283 1516 sed
1307 1486 1447 1516 tamen
1475 1475 1551 1516 'ille
1582 1489 1661 1515 nec
1692 1473 1797 1514 deli-

366 1544 465 1586 gere
500 1530 639 1580 scivit,
661 1531 784 1586 cujus
819 1533 1087 1587 potissimum
1117 1532 1266 1572 similis
1297 1543 1421 1582 esset,
1452 1542 1495 1573 et
1526 1533 1567 1573 in
1599 1546 1650 1572 eo
1689 1531 1798 1587 ipso,

305 1591 492 1641 82queln
514 1586 743 1643 delegerat,
776 1589 931 1630 imitari
955 1589 1082 1630 etiam
1110 1589 1212 1630 vitia
1235 1588 1382 1630 voluit.
1445 1589 1532 1635 Qui
1563 1598 1704 1630 autem
1739 1587 1799 1628 ita

365 1644 510 1695 faciet,
533 1654 579 1685 ut
601 1655 786 1700 oportet,
809 1647 993 1702 primum
1019 1646 1167 1702 vigilet
1196 1660 1367 1689 necesse
1389 1656 1453 1687 est
1477 1647 1520 1689 in
1542 1644 1797 1702 deligendo:

407 1757 445 1788 68
469 1758 573 1787 eodem
599 1758 810 1798 intendisset]
841 1760 892 1790 Sic
914 1761 963 1790 ed.
988 1759 1058 1789 Me-

364 1798 441 1829 diol.
467 1799 538 1830 Asc.
562 1800 677 1830 Lamb.
703 1811 760 1839 pro
778 1801 908 1840 vulgato
931 1803 1059 1832 incidis-

364 1846 423 1877 set,
447 1841 533 1881 quod
555 1848 603 1873 est
627 1844 659 1872 in
683 1843 732 1873 ed.
759 1844 810 1873 W.
837 1845 908 1874 Aldi
935 1850 968 1874 et
991 1854 1059 1883 sqq.

1101 1765 1135 1790 et
1149 1770 1174 1790 s.
1193 1760 1214 1790 l.
1229 1764 1260 1790 et
1276 1771 1305 1790 a.
1322 1763 1557 1790 consecteneur:
1579 1759 1624 1790 sic
1646 1762 1680 1789 et
1697 1757 1797 1791 edidit

1103 1802 1310 1833 Melanthon.
1345 1803 1418 1832 Fuit
1432 1802 1568 1832 fortasse
1581 1805 1800 1832 consectaren-

1103 1849 1171 1881 tur,
1198 1852 1235 1874 ut
1261 1854 1328 1875 esse
1350 1845 1459 1881 debet,
1484 1845 1568 1874 sicut
1595 1849 1672 1874 ante
1698 1845 1800 1872 essent

369 1883 539 1913 Intendere
552 1886 659 1924 aliquo
673 1886 921 1916 usitatissimum
937 1892 985 1917 est
1000 1886 1060 1916 hoc

366 1935 473 1961 sensu,
491 1932 523 1955 et
543 1928 665 1967 optime
688 1930 841 1958 convenit
856 1929 952 1958 verbo
967 1930 1060 1959 duce-

367 1969 431 1997 bat.
462 1968 519 1998 Ed.
547 1978 571 1998 s.
598 1969 618 1999 l.
644 1974 677 1999 et
703 1980 732 1999 a.
762 1970 938 2010 incepisset,
966 1971 1060 2000 male.

369 2010 448 2040 Inde
476 2017 588 2040 tamen
616 2011 729 2041 Laxnb.
760 2014 904 2050 conjicit,
935 2014 1062 2043 Cicero-

369 2061 442 2082 nem
471 2053 632 2092 scripsisse
661 2055 865 2090 incubuisset,
894 2055 979 2094 quod
1005 2055 1064 2084 ali-

369 2094 438 2132 quis
467 2095 566 2124 ctiam
596 2095 761 2135 adscripsit
794 2097 826 2126 iu
853 2097 902 2126 ed.
931 2097 1003 2127 Asc.
1032 2101 1065 2126 et

369 2136 492 2165 editum
516 2143 563 2165 est
588 2137 621 2167 in
642 2137 730 2177 Lips.
776 2138 890 2168 Paullo
908 2145 984 2169 ante
1007 2148 1065 2178 pro

364 2178 522 2218 prrficere
537 2178 610 2209 libri
631 2180 762 2218 quidam
785 2189 845 2210 scr.
861 2186 893 2210 et
909 2181 978 2210 edd.
990 2191 1067 2220 per-

358 2220 476 2260 ficere,
494 2220 590 2250 male.
602 2222 759 2261 prosu-ere
772 2228 822 2252 est
845 2224 972 2262 proprie
990 2232 1068 2262 pro.

368 2263 476 2299 gredi,
487 2262 572 2301 quod
586 2263 662 2292 huic
677 2263 748 2293 loco
763 2264 885 2303 optime
901 2265 1066 2301 convenit,

370 2309 403 2333 et
418 2310 526 2344 tropo,
544 2315 606 2343 quo
623 2306 721 2345 coepit
735 2305 850 2336 dicere.
881 2307 1022 2345 Quintil.
1039 2307 1067 2343 l,

377 2349 402 2382 l,
419 2348 469 2376 36.
482 2348 689 2386 prosequitur
704 2349 859 2378 memoria
872 2349 917 2378 ad
928 2354 1069 2380 seneclu-

372 2392 449 2423 tem,
465 2393 494 2418 et
513 2398 611 2428 usque
625 2390 670 2419 ud
685 2399 786 2419 mores
794 2390 933 2429 proficit.

415 2430 454 2463 69
477 2440 570 2470 quem
596 2432 769 2471 imitetur]
799 2432 883 2462 Edd.
909 2433 962 2462 w.
983 2437 1017 2463 et
1042 2442 1067 2463 s.

375 2472 395 2501 l.
420 2478 453 2501 et
479 2483 507 2502 a.
537 2472 658 2503 habent
686 2475 865 2510 imitemur,
892 2475 1068 2513 eodemque

375 2514 471 2543 modo
495 2514 528 2543 in
551 2514 675 2545 duobus
698 2525 784 2555 seqq.
810 2517 923 2547 verbis.
968 2517 1010 2546 Et
1036 2518 1069 2547 in

374 2566 412 2585 eo
437 2555 482 2585 nil
507 2563 590 2586 esset
613 2558 695 2593 vitii,
718 2558 743 2587 si
769 2563 878 2588 cetera
901 2559 1069 2598 permitte-

377 2605 461 2633 rent,
490 2598 542 2627 ubi
571 2601 682 2630 omnia
709 2600 817 2637 aliter,
839 2606 1068 2640 persequatur,

376 2639 514 2680 ffngat
529 2641 586 2669 &cu

419 2685 458 2714 70
495 2691 555 2710 mm
582 2686 619 2712 ut
647 2684 1067 2724 mullos—persequatur]

1103 1897 1162 1926 pro
1185 1891 1272 1923 sunt,
1299 1887 1324 1916 si
1353 1887 1416 1917 ista
1440 1886 1584 1926 pendent
1609 1895 1627 1916 e
1654 1885 1800 1923 cog-novi,

1105 1929 1418 1968 intelligendumque
1439 1933 1501 1965 est,
1517 1928 1556 1958 de
1577 1926 1805 1958 imitatoribus.

1105 1971 1155 2007 iis,
1178 1981 1257 2010 quos
1281 1973 1347 2011 ipse
1371 1981 1404 2000 se
1428 1970 1506 2000 dicit
1526 1970 1723 2010 cognovisse.
1767 1968 1802 1998 Si

1106 2013 1145 2043 ad
1161 2023 1262 2052 genus
1278 2014 1463 2043 universum
1481 2013 1686 2042 imitatorum
1703 2010 1801 2040 refer-

1105 2061 1173 2091 tur,
1209 2056 1298 2094 quasi
1326 2060 1422 2091 esset,
1449 2064 1511 2084 non
1538 2058 1576 2084 ut
1609 2054 1802 2089 imitatores,

1107 2107 1182 2137 quos
1196 2107 1238 2127 m.
1253 2108 1278 2126 s.
1294 2107 1321 2127 c.
1337 2103 1422 2126 stare
1438 2096 1606 2135 vulgatum
1622 2099 1742 2136 potest.

1150 2143 1167 2172 7
1173 2141 1191 2169 2
1213 2143 1244 2168 et
1262 2141 1297 2169 in
1319 2150 1352 2169 eo
1374 2139 1522 2168 vitiosum
1538 2138 1627 2178 essa]
1654 2137 1726 2167 Hoc
1750 2147 1802 2167 ve-

1110 2190 1183 2210 rum
1208 2181 1259 2210 vix
1282 2191 1349 2211 esse
1378 2185 1495 2220 potest.
1525 2190 1601 2210 nam
1627 2179 1667 2209 de
1695 2179 1806 2209 imita-

1108 2223 1198 2252 tione
1221 2223 1283 2252 ‹lici
1306 2224 1413 2259 debet,
1439 2222 1573 2258 imitari,
1597 2221 1684 2260 quod
1709 2222 1803 2251 vitio-

1110 2274 1181 2294 sum
1195 2270 1256 2300 est,
1272 2269 1309 2294 ut
1325 2266 1410 2295 infra
1427 2265 1459 2294 in
1475 2264 1637 2303 exemplo,
1651 2263 1805 2303 orispra·

1110 2308 1451 2337 vitatem-«imitatur.
1473 2308 1525 2336 An
1539 2306 1652 2336 Cicero
1663 2305 1808 2345 scripsit,

1112 2353 1143 2379 et
1157 2349 1192 2378 in
1206 2359 1239 2377 eo
1253 2351 1415 2380 curiosum
1429 2358 1492 2379 esse
1503 2349 1519 2378 ‚⁹
1673 2369 1677 2373 >

1153 2393 1192 2424 73
1204 2389 1299 2428 furit
1322 2392 1357 2421 in
1378 2401 1446 2430 rep.
1463 2388 1610 2428 Furius]
1634 2389 1687 2418 Sic
1705 2388 1807 2418 fiden-

1110 2436 1163 2462 ter
1185 2433 1330 2472 rescripsi
1355 2443 1412 2473 pro
1429 2432 1556 2468 Fusius,
1572 2441 1629 2470 pro
1643 2440 1706 2469 quo
1721 2429 1808 2460 male

1113 2475 1226 2516 Fufius
1240 2474 1328 2505 dedit
1345 2475 1511 2506 Pearcins:
1536 2473 1621 2513 quod
1639 2472 1713 2502 alibi
1730 2481 1811 2502 sane

1113 2526 1188 2546 cum
1206 2515 1322 2547 Fusius
1342 2521 1549 2556 permutatur
1563 2516 1597 2545 in
1612 2514 1702 2548 libris
1716 2514 1807 2545 Cice—

1113 2559 1209 2588 ronis.
1253 2559 1435 2598 Antiquarii
1457 2557 1577 2588 librarii
1592 2567 1610 2587 e
1627 2556 1748 2587 Furius
1761 2556 1807 2586 fe-

1113 2610 1184 2631 cere
1198 2600 1326 2638 Fusius,
1345 2600 1479 2638 antiqua
1500 2601 1662 2638 scriptura
1682 2604 1716 2628 et
1736 2607 1810 2638 pro-

1114 2643 1335 2673 nunciatione.
1358 2653 1387 2672 v.
1412 2642 1479 2672 Cic.
1503 2642 1542 2672 de
1567 2641 1642 2671 Div.
1669 2640 1730 2677 lx,
1755 2642 1808 2671 21.

1115 2685 1242 2715 Furius
1271 2694 1383 2714 verum
1419 2694 1486 2714 esse
1521 2683 1644 2714 indicat
1673 2682 1807 2713 verbum

375 2723 404 2754 Τ
407 2730 480 2753 otus
497 2722 548 2753 hic
570 2723 660 2753 loeus
678 2725 767 2754 abest
790 2736 809 2754 a
823 2726 886 2755 Ms.
904 2726 939 2756 E.
985 2726 1070 2757 Item
1101 2726 1210 2766 fierit,
1225 2736 1289 2766 quo
1305 2726 1428 2756 luditur
1442 2727 1476 2757 in
1493 2734 1612 2756 nornen
1632 2724 1765 2763 Furius.

378 2775 452 2796 mox
474 2766 600 2836 ‹tgqm'd
623 2767 732 2797 vitiose
754 2771 811 2804 est,
836 2767 976 2798 latinum
1003 2779 1070 2800 esse

376 2818 427 2836 vu
444 2817 494 2836 CN:
519 2817 549 2836 Ο.

418 2852 454 2883 71
473 2853 698 2879 consectantur
718 2850 902 2890 imitanda]
921 2851 1000 2882 Edd.
1015 2852 1069 2883 W.

1155 2771 1196 2801 74
1211 2769 1379 2798 verborum
1395 2766 1628 2805 latitudinem]
1647 2766 1718 2802 Est,
1734 2774 1808 2804 quae

1113 2815 1208 2840 vasta
1231 2810 1310 2840 alias
1332 2810 1452 2840 dicitnr
1475 2810 1637 2843 Ciceroni,
1661 2818 1717 2838 ore
1742 2807 1809 2837 iate
1851 2838 1854 2840 ,

1114 2851 1258 2888 diducto,
1275 2853 1513 2892 pronunciatio.
1528 2852 1585 2883 Gr.
1600 2849 1809 2888 πλατυασμὸς,
