1945 3235
741 119 1024 159 ORATOR.
1533 124 1610 161 539

150 225 352 268 familiari
376 240 449 268 reo
473 239 664 267 summus
689 234 834 267 orator
856 239 944 266 non
976 222 1200 287 respoudit
1234 223 1510 268 Hortensius.
1569 224 1610 267 A

149 285 277 325 nobis
310 285 444 326 homo
466 284 777 326 audacissimus
804 282 996 324 Catilina
1025 295 1070 321 111
1103 288 1252 321 senatu
1285 294 1510 326 accusatus
1533 285 1611 326 ob-

148 343 328 384 mutuit.
393 342 533 385 Nobis
567 342 736 398 privata
765 341 808 382 in
833 354 963 382 causa
993 352 1154 395 magna
1175 347 1219 378 et
1249 341 1374 394 gravi
1397 356 1495 383 cum
1517 358 1611 385 coe-

151 399 287 464 pisset
310 400 445 441 Curio
476 410 599 456 pater
630 398 901 455 respondere,
935 396 1080 438 subito
1102 395 1277 447 assedit,
1299 411 1399 438 cum
1432 400 1514 440 sibi
1537 415 1610 442 ve-

150 472 274 499 nenis
297 467 489 513 ereptam
520 457 772 497 memoriam
796 455 974 496 diceret.
1037 454 1156 500 Quid
1179 467 1262 510 ego
1285 454 1339 494 de
1368 455 1609 499 miseratio·
1624 469 1701 504 130

149 514 278 557 nibus
310 515 487 571 loquar?
519 514 675 569 quibus
706 527 757 554 eo
791 527 886 553 sum
921 527 1020 553 usus
1054 511 1264 569 pluribus,
1293 512 1409 568 quod
1440 515 1608 557 etiamsi

153 573 295 629 plures
326 573 590 622 dicebamus,
621 570 940 626 perorationem
972 570 1080 611 mihi
1119 579 1264 611 tamen
1294 584 1443 611 omnes
1483 572 1609 613 relin-

151 631 359 686 quebant.
390 630 435 670 in
458 643 545 684 quo
569 637 617 669 ut
638 628 805 669 viderer
825 628 1050 679 excellere,
1081 642 1169 669 non
1203 628 1397 683 ingenio,
1429 629 1503 670 sed
1532 630 1609 671 do-

152 688 243 730 lore
285 687 556 742 assequebar.
620 686 732 733 Quae
766 687 1097 742 qualiacumque
1139 686 1183 727 in
1220 701 1289 727 me
1328 690 1743 729 sunt2901neP-209-

153 746 269 787 enim
301 746 443 801 ipsum
475 744 679 800 poenitet,
703 755 866 800 quanta
893 745 1003 785 sint:
1036 744 1108 784 sed
1141 753 1351 800 apparent
1382 745 1426 786 in
1449 745 1610 786 oratio·
1621 742 1651 763 ³¹·

152 804 304 845 nibus:
338 802 419 843 etsi
458 811 607 844 carent
637 801 735 843 libri
767 803 921 859 spiritu
956 802 1044 853 illo,
1076 811 1253 858 propter
1283 817 1411 857 quem
1444 803 1613 859 majora

151 861 300 902 eadem
324 859 396 901 illa
418 875 517 901 cum
540 870 744 916 aguntur,
766 875 896 916 quam
920 875 1019 901 cnm
1051 859 1269 916 leguntur,
1295 860 1427 901 videri
1457 861 1611 902 solent.

152 918 249 960 Nec
273 933 373 961 vero
395 918 673 960 miseratione
697 918 835 959 solnm
858 932 978 959 mens
1002 918 1206 974 judicum
1232 918 1526 974 permovenda
1547 928 1612 960 est
1624 916 1696 965 38

151 980 257 1032 (qua
287 992 365 1018 nos
397 976 459 1016 ita
485 976 680 1017 dolenter
711 977 774 1017 uti
804 975 1004 1027 solemus,
1026 985 1075 1017 ut
1112 991 1293 1032 puerum
1324 976 1536 1018 infantem
1567 978 1611 1019 in
1629 988 1699 1022 131

150 1035 354 1076 manibus
388 1048 635 1090 perorantes
668 1034 954 1076 tenuerimus:
988 1045 1037 1075 ut
1067 1033 1150 1075 alia
1182 1035 1223 1075 in
1252 1049 1397 1086 causa,
1419 1034 1613 1077 excitato

152 1107 226 1134 reo
249 1092 401 1142 nobili,
433 1092 603 1134 sublato
634 1093 765 1134 etiam
798 1092 887 1133 filio
911 1107 1061 1149 parvo,
1094 1092 1302 1149 plangore
1332 1102 1375 1134 et
1406 1092 1616 1135 lamenta-

154 1151 275 1191 tione
307 1149 665 1206 91c0mplerimus
697 1150 884 1200 forum):
919 1151 991 1192 sed
1023 1151 1153 1191 etiam
1185 1161 1250 1191 est
1282 1149 1545 1203 faciendum,
1568 1160 1621 1193 ut.

154 1208 364 1250 irascatur
388 1208 544 1263 judex,
574 1209 815 1265 mitigetur,
840 1208 1046 1259 invideat,
1070 1208 1229 1260 faveat,
1251 1217 1519 1260 contemnat,
1541 1210 1617 1250 ad-

155 1267 351 1318 miretur,
384 1266 539 1317 oderit,
571 1267 738 1323 diligat,
771 1266 934 1322 cupiat,
966 1266 1165 1308 satietate
1198 1266 1428 1318 afficiatur,
1460 1277 1618 1324 speret,

156 1335 338 1375 metuat,
372 1324 555 1375 laetctur,
588 1325 756 1366 doleat:
791 1340 876 1380 qua
906 1325 950 1364 in
984 1325 1206 1376 varietate,
1229 1325 1467 1376 duriorum,
1490 1341 1618 1367 accu-

157 1384 268 1424 satio
308 1382 606 1438 suppeditabit
638 1383 863 1439 exempla:
904 1383 1144 1434 mitiorum,
1181 1382 1456 1424 defensiones
1492 1398 1617 1425 meae.

160 1441 294 1483 Nullo
317 1441 432 1481 enirn
459 1441 589 1481 modo
613 1442 783 1482 animus
814 1440 1030 1482 audientis
1062 1451 1136 1482 aut
1170 1440 1357 1493 incitari,
1389 1451 1465 1482 aut
1494 1441 1707 1484 1511111135Ί

155 1508 316 1556 potest,
349 1498 423 1554 qui
456 1499 610 1540 modus
645 1514 670 1539 a
700 1513 770 1539 me
803 1513 890 1540 non
926 1509 1117 1540 tentatus
1149 1498 1219 1540 sit.
1254 1499 1441 1541 dicerem
1479 1499 1619 1556 perfe-

157 1567 292 1608 ctum,
327 1557 360 1598 si
396 1557 456 1597 ita
478 1557 740 1611 judicarem,
772 1571 851 1597 nec
883 1556 928 1598 in
956 1558 1138 1598 veritate
1159 1557 1322 1598 crimen
1356 1559 1619 1614 arrogantia}

158 1616 505 1656 extimescerem.
567 1615 651 1656 Sed
686 1620 754 1668 (ut
786 1629 915 1671 supra
946 1615 1058 1664 dixi)
1086 1615 1201 1656 nulla
1231 1630 1300 1656 me
1335 1616 1516 1672 ingenii,
1548 1616 1623 1658 sed

157 1688 319 1729 magna
341 1673 404 1712 vis
427 1672 560 1713 animi
584 1673 842 1724 inflammat,
866 1682 914 1714 nt
945 1688 1014 1714 me
1045 1674 1137 1730 ipse
1169 1688 1255 1714 non
1281 1683 1466 1715 teneam.
1529 1674 1624 1716 Nec

158 1745 366 1786 umquam
398 1731 448 1781 is,
477 1730 551 1786 qni
583 1731 766 1781 audiret,
799 1731 1114 1783 incenderetur,
1148 1732 1231 1772 nisi
1263 1732 1416 1772 ardens
1447 1732 1501 1773 ad
1523 1747 1624 1774 eum

159 1790 405 1854 perveniret
426 1789 580 1830 oratio.
646 1763 799 1830 Uter-{21
829 1790 1042 1846 exemplis
1072 1789 1339 1855 domesticis,
1370 1790 1451 1831 nisi
1484 1804 1536 1832 ea
1564 1790 1626 1832 le-

162 1862 323 1903 oisses:
368 1860 511 1888 uterer
551 1847 700 1888 alienis
741 1847 808 1888 vel
853 1847 1035 1900 Latinis,
1073 1848 1107 1889 si
1150 1847 1235 1889 ulla
1268 1850 1525 1904 reperirem3
1558 1848 1626 1890 vel

161 1905 346 1956 Graecis,
370 1905 404 1946 si
427 1904 613 1946 decerfflet
674 1905 758 1947 Sed
784 1904 854 1946 Cr
846 1906 928 1946 1551
954 1921 1170 1962 perpauca
1192 1916 1306 1957 sunt,
1328 1921 1405 1947 nec
1427 1921 1478 1947 ea
1501 1906 1624 1962 judi-

160 1964 343 2004 ciorum.
378 1962 485 2004 nihil
507 1963 706 2015 Antonii,
738 1963 848 2004 nihil
881 1963 1043 2016 Cottae,
1074 1964 1183 2005 nihil
1217 1964 1415 2020 Sulpicii.
1447 1965 1622 2006 dicebat

159 2022 328 2086 melius,
351 2036 481 2078 quam
513 2022 701 2078 scripsit,
726 2021 1005 2063 Hortensius.
1068 2023 1229 2064 Verum
1262 2023 1357 2063 haec
1388 2022 1468 2074 vis,
1489 2037 1708 2079 quam133

160 2080 411 2136 quaerimus,
434 2091 597 2143 quanta
619 2080 689 2130 sit,
713 2080 998 2136 suspicemur,
1021 2081 1228 2137 quoniam
1250 2080 1501 2136 exemplum
1532 2096 1622 2123 non

158 2137 396 2179 habemns:
431 2148 519 2189 aut,
553 2153 587 2178 51
610 2139 811 2195 exempla
842 2138 1077 2194 sequimur,
1100 2154 1125 2179 a
1149 2138 1448 2180 Demosthene
1479 2154 1623 2182 suma-

160 2211 274 2247 mus,
307 2208 350 2237 et
382 2196 558 2252 quidem
594 2206 814 2252 perpetuae
848 2197 1069 2249 dictionis,
1101 2211 1155 2237 ex
1188 2211 1239 2237 eo
1272 2196 1382 2248 loco,
1414 2197 1542 2249 unde,
1578 2199 1622 2239 in

163 2253 466 2310 Ctesiphontis
502 2255 688 2307 judicio,
723 2255 776 2296 de
819 2255 906 2295 suis
945 2254 1088 2306 factis,
1127 2253 1335 2305 consiliis,
1369 2256 1535 2296 meritis
1578 2257 1624 2298 111

163 2312 476 2368 lempublicam
509 2327 737 2368 aggressus
769 2322 834 2353 est
867 2313 1024 2354 dicere
1086 2311 1149 2354 Ea
1178 2313 1376 2369 profecto
1407 2314 1547 2354 olatio
1578 2314 1624 2355 in

162 2385 258 2412 eam
282 2371 404 2411 form
397 2386 481 2421 1111
505 2385 602 2425 quae
626 2379 692 2411 est
714 2370 844 2411 insita
866 2371 910 2411 in
934 2371 1152 2412 mentibus
1176 2371 1349 2422 nostris,
1372 2370 1534 2413 includi
1561 2372 1623 2413 sic

162 2438 321 2485 potest,
344 2439 392 2470 ut
415 2428 554 2484 major
575 2427 824 2484 eloquentia
843 2444 933 2470 non
954 2430 1214 2484 requiritur.

163 2563 236 2590 erat
266 2559 447 2591 Hortensio
475 2560 646 2591 familiaris
677 2559 870 2597 admodum,
915 2561 1008 2591 mula
1021 2561 1168 2592 modeste
1184 2561 1223 2592 de
1236 2570 1269 2591 se
1281 2559 1461 2599 loquentis,
1474 2571 1551 2591 cum
1567 2571 1625 2592 ne-

162 2609 203 2632 ut
214 2608 308 2642 patet
321 2614 340 2634 e
358 2604 519 2640 Vei-riuis,
539 2605 682 2635 maxime
697 2604 770 2634 Act.
786 2603 814 2633 1.
836 2604 872 2634 in
916 2605 1008 2641 gatio
1032 2604 1375 2644 additajaetationem
1392 2603 1525 2641 habeat,
1549 2613 1625 2644 quae

162 2645 258 2676 Vei-r.
916 2657 935 2676 a
950 2648 1109 2678 Cicerone
1122 2655 1156 2677 et
1170 2647 1202 2677 h.
1218 2647 1241 2677 l.
1257 2652 1308 2677 est
1322 2646 1442 2676 aliena.

203 2691 246 2721 90
269 2698 320 2718 me
340 2689 428 2719 enim
452 2690 559 2728 ipsum
578 2689 728 2728 poenitet]
755 2689 872 2720 Delevi
959 2692 995 2724 91
1021 2690 1250 2729 complerimus
1252 2689 1389 2729 jbrum]
1408 2689 1472 2719 Pro
1487 2688 1624 2728 vulgato

162 2739 240 2768 non,
252 2731 339 2770 qnod
351 2732 431 2762 etin
446 2732 528 2763 Mss.
543 2731 670 2762 duobus
681 2741 747 2762 non
764 2742 873 2773 reper-
915 2733 1162 2771 compleremus,
1178 2741 1220 2763 ex
1243 2732 1295 2763 ed.
1318 2732 1401 2762 Ven.
1427 2731 1563 2762 Mediol.
1590 2737 1623 2761 et

160 2778 236 2803 tum
251 2778 312 2804 est.
357 2774 420 2804 Sed
444 2775 548 2815 magis
569 2779 680 2804 motus·
702 2785 790 2811 sum,
806 2775 871 2815 pri·
915 2775 990 2814 qnia
1003 2775 1160 2815 praecedit
1181 2776 1395 2806 tenuerinnw.
1440 2774 1625 2813 vulgatum

162 2826 269 2853 mum,
284 2815 361 2856 quia
375 2823 424 2847 est
448 2817 624 2848 manifesta
639 2817 758 2847 allusio
777 2818 818 2847 ad
832 2817 871 2847 il-
914 2823 965 2847 est
979 2828 1020 2848 ex
1038 2817 1180 2856 Aldina;
1206 2819 1240 2849 111
1263 2828 1362 2858 quam
1379 2826 1489 2849 errore
1511 2826 1626 2857 opera-

164 2858 223 2889 lud
241 2859 502 2890 Terentianum:
527 2870 578 2890 me
591 2861 742 2900 poenitet,
766 2870 871 2900 quan·
915 2870 990 2892 rum
1007 2861 1131 2892 venisse
1146 2861 1255 2893 credo,

165 2906 237 2932 tum
254 2903 306 2933 hic
316 2902 402 2944 fiat,
426 2903 461 2934 in
478 2903 663 2934 Heautont.
679 2908 714 2934 ct
735 2909 785 2934 est
804 2903 871 2934 for-
