1945 3235
668 131 856 170 LIBER
888 131 1157 170 TERT1US.
1553 134 1641 170 391*

193 235 304 279 aiem
325 238 506 280 oratoris
533 236 713 295 perfecti
735 245 778 277 et
808 235 1142 292 pulcritudinem
1171 234 1425 288 adamastis3
1456 244 1530 278 aut
1551 250 1628 277 vo-

194 294 258 336 bis
290 296 384 337 haec
407 296 659 346 Carneadia,
678 303 752 335 aut
781 293 853 334 illa
872 292 1123 333 Aristotelia
1142 292 1205 332 vis
1226 293 1629 347 comprehendenda

190 361 269 393 est.
332 353 531 409 Namque
552 358 619 406 (ut
640 360 738 392 ante
759 351 871 401 dixi)
892 350 933 380 64
946 359 1108 390 veteres
1139 347 1199 389 illi
1229 363 1364 403 usque
1394 349 1447 390 ad
1475 350 1688 394 Socra-72

192 418 294 461 tem,
317 425 489 451 omnem
511 410 704 451 omnium
727 422 880 458 rerum,
903 421 1000 462 quae
1031 407 1085 448 ad
1107 420 1245 447 mores
1270 406 1508 457 hominum,
1530 422 1626 462 quae

191 467 245 507 ad
269 468 416 518 vitam,
438 482 535 522 quae
566 467 619 508 ad
647 466 864 514 virtutem,
886 479 984 519 quae
1014 464 1068 505 ad
1099 463 1409 520 rempublicam
1442 465 1628 519 pertine-

190 524 309 575 bant,
330 524 625 581 cognitionem
647 532 691 563 et
721 521 943 563 scientiam
966 536 1065 563 cum
1086 521 1257 561 dicendi
1280 521 1445 561 ratione
1468 520 1628 576 junge-

190 580 319 632 bant;
351 590 500 637 postea
529 580 798 621 65dissociati
830 584 898 632 (ut
927 578 1128 635 exposui)
1160 593 1184 619 a
1217 578 1394 618 Socrate
1425 578 1572 618 diserti
1603 593 1630 619 a

188 637 341 688 doctis,
367 647 408 679 et
439 638 641 693 deinceps
672 652 697 677 a
728 636 959 678 Socraticis
989 638 1095 678 item
1129 636 1346 684 omnibus,
1380 634 1627 690 philosophi

185 695 473 750 eloquentiam
495 694 799 750 despexerunt,
821 702 1010 735 oratores
1032 693 1311 749 sapientiam:
1343 706 1481 747 neque
1503 692 1629 748 quid-

185 767 314 807 quam
335 767 390 793 ex
412 752 584 793 alterius
606 761 727 808 parte
750 752 999 808 tetigerunt,
1021 751 1102 792 nisi
1133 750 1247 806 quod
1281 749 1339 790 illi
1372 750 1426 790 ab
1448 750 1529 801 his,
1552 759 1627 792 aut

184 810 239 850 ab
272 809 354 850 illis
391 809 437 850 hi
468 818 790 861 mutua1·entur;
821 824 876 850 ex
914 823 1000 864 quo
1038 808 1280 864 promiscue
1317 806 1551 859 haurirent,
1589 808 1622 848 si

183 880 356 908 manere
377 866 421 908 in
444 867 625 923 pristina
645 866 950 908 communione
972 866 1219 907 voluissent.
1280 864 1378 914 Sed,
1400 875 1448 905 ut
1479 866 1622 921 ponti-
1632 866 1684 907 73

184 923 285 965 fices
308 933 487 976 vetereS,
512 933 689 981 propter
719 924 1028 965 sacrificiorum
1057 922 1380 964 multitudinem
1402 931 1486 963 tres
1510 924 1623 965 viros

182 981 387 1037 epulones
412 996 503 1023 esse
525 982 766 1032 voluerunt,
789 996 885 1023 cum
909 991 1050 1022 essent
1081 980 1163 1037 ipsi
1194 995 1219 1021 a
1242 980 1401 1030 Numa,
1423 990 1472 1020 ut
1492 981 1625 1023 etiam

183 1039 287 1080 illud
327 1039 525 1080 ludorum
562 1038 734 1096 epulare
772 1038 1030 1080 sacrificium
1068 1038 1273 1088 facerent,
1309 1037 1522 1079 instituti:
1563 1039 1625 1080 sic

185 1096 394 1138 Socratici
417 1112 442 1137 a
463 1112 506 1138 se
528 1111 752 1138 causarum
783 1106 949 1137 actores
969 1105 1013 1136 et
1042 1111 1067 1136 a
1088 1094 1307 1135 communi
1336 1094 1624 1151 philosophiae

182 1154 357 1195 nomine
398 1163 715 1211 separaverunt,
744 1168 843 1195 cum
880 1163 1042 1194 veteres
1075 1152 1246 1194 dicendi
1281 1161 1326 1192 et
1353 1152 1623 1209 intelligendi

180 1210 409 1253 mirificam
431 1212 680 1253 societatem
701 1225 792 1252 esse
815 1210 1063 1251 voluissent.
1355 1215 1359 1220 '

239 1269 351 1315 Quae
380 1284 479 1311 cum
509 1270 569 1310 ita
602 1270 701 1319 sint,
735 1267 967 1324 paullulum
997 1267 1199 1323 equidem
1227 1267 1280 1308 de
1312 1281 1381 1308 me
1418 1267 1620 1324 depreca-
1633 1256 1706 1306 20

181 1326 274 1376 bor,
297 1335 340 1367 et
370 1336 514 1383 petam
545 1342 570 1367 a
599 1327 738 1377 vobis,
760 1336 807 1366 ut
836 1340 900 1376 ea,
930 1341 1027 1380 quae
1057 1326 1212 1376 dicam,
1241 1339 1328 1365 non
1358 1325 1410 1365 de
1441 1335 1620 1367 memet·
1633 1331 1687 1371 74

180 1383 290 1439 ipso,
312 1386 384 1425 sed
406 1384 459 1425 de
480 1394 648 1425 oratore
669 1384 812 1425 dicere
835 1383 1010 1439 putetis,
1071 1382 1166 1439 Ego
1188 1383 1303 1423 enim
1335 1396 1427 1423 sum
1460 1383 1511 1434 is,
1532 1384 1623 1439 qui,

179 1456 277 1481 cum
311 1456 478 1484 summo
512 1442 655 1482 studio
685 1441 817 1497 patris
850 1441 892 1481 in
928 1441 1112 1496 pueritia
1144 1441 1296 1481 doctus
1321 1454 1472 1491 essem,
1502 1450 1546 1482 et
1579 1442 1625 1483 in

179 1497 322 1540 forum
356 1499 519 1555 ingenii
551 1508 734 1549 tantum,
768 1506 978 1554 quantum
1015 1499 1107 1554 ipse
1143 1498 1297 1548 sentio,
1337 1512 1422 1539 non
1456 1507 1626 1540 tantum

177 1556 438 1611 66quantum
470 1557 561 1612 ipse
590 1556 771 1597 forsitan
794 1555 917 1596 vobis
941 1555 1100 1607 videar,
1122 1555 1384 1605 detulissem,
1408 1571 1497 1597 non
1526 1571 1627 1612 pos-

179 1613 261 1654 sim
292 1614 447 1664 dicere,
479 1628 548 1654 me
578 1613 688 1665 haec,
710 1628 807 1668 quae
839 1627 954 1654 nunc
975 1613 1255 1669 complector,
1278 1613 1468 1667 perinde,
1491 1622 1540 1654 ut
1560 1614 1626 1654 di-

179 1685 275 1711 cam
306 1671 509 1712 discenda
538 1685 642 1722 esse,
676 1671 902 1712 didicisse:
933 1670 1094 1726 quippe
1129 1670 1202 1725 qui
1236 1670 1431 1711 omnium
1463 1680 1628 1712 matur-

177 1727 285 1768 rime
307 1728 359 1769 ad
382 1728 575 1784 publicas
594 1743 742 1770 causas
765 1728 1031 1779 accesserim,
1050 1728 1089 1762 67
1100 1741 1320 1782 annosque
1343 1737 1466 1769 natus
1490 1743 1624 1771 unum

177 1794 222 1826 et
255 1784 426 1841 viginti,
455 1786 771 1836 nobilissimum
804 1785 1025 1826 hominem
1058 1795 1102 1825 et
1135 1785 1550 1840 eloquentissimum,
1578 1786 1624 1828 in

170 1842 387 1897 judicium
424 1843 636 1895 vocarim3
667 1844 736 1884 cui
774 1842 1001 1899 disciplina
1041 1842 1171 1883 fuerit
1206 1843 1373 1884 forum:
1415 1844 1624 1900 magister

177 1914 292 1951 usus,
317 1909 361 1941 et
391 1899 522 1956 leges,
553 1911 596 1941 et
626 1900 824 1942 instituta
856 1900 1005 1956 populi
1038 1899 1242 1951 Romani,
1272 1915 1452 1955 mosque
1483 1900 1620 1956 majo-

174 1971 286 1998 rum.
350 1957 546 1999 Paullum
581 1957 727 1999 sitiens
762 1959 938 1998 istarum
971 1958 1143 2007 artium,
1176 1958 1229 1999 de
1258 1958 1414 2012 quibus
1451 1958 1681 2013 loquor,75

175 2015 362 2070 gustavi,
392 2025 582 2071 quaestor
612 2015 656 2056 in
686 2016 792 2056 Asia
812 2029 911 2056 cum
942 2029 1092 2066 essem,
1116 2013 1325 2070 aequalem
1356 2015 1445 2056 fere
1475 2030 1620 2057 meum

174 2086 230 2112 ex
252 2070 489 2114 Academia
510 2073 725 2115 rhetorem
749 2082 915 2123 nactus,
940 2072 1242 2113 Metrodorum
1265 2072 1399 2123 illum,
1421 2073 1474 2114 de
1496 2073 1620 2128 cujus

173 2131 383 2170 memoria
403 2130 759 2172 commemoravit
779 2129 1022 2182 Antonius;
1050 2138 1094 2170 et
1115 2129 1215 2170 inde
1236 2130 1461 2182 decedens,
1483 2129 1621 2171 Athe-

175 2186 265 2229 nis:
305 2187 380 2228 ubi
415 2203 498 2245 ego
537 2188 698 2230 diutius
735 2201 872 2241 essem
910 2196 1116 2239 moratus,
1148 2187 1232 2228 nisi
1263 2186 1621 2243 Atheniensibus,

213 2334 255 2365 64
281 2338 404 2365 veteres
423 2335 475 2365 illi
497 2345 596 2375 usque
620 2336 667 2365 ad
688 2334 871 2376 Socratem]

173 2376 236 2406 Pro
260 2377 451 2413 Isocratem,
475 2382 515 2407 ut
541 2377 643 2408 edidit
668 2378 833 2415 Pearcius,
858 2388 875 2408 e

173 2418 254 2449 Mss.
267 2419 404 2450 duobus.
437 2419 556 2456 Verba,
575 2424 613 2450 ut
627 2424 705 2450 ante
715 2420 796 2456 εἰέκ-ἰ,
813 2420 875 2450 hoc

175 2460 340 2500 flagitant,
357 2462 482 2492 dictum
498 2463 586 2492 enim
600 2467 651 2492 est
673 2462 712 2492 de
727 2462 874 2492 Socrate.

173 2501 308 2534 Frustra
331 2505 493 2534 Gruterus
517 2505 721 2544 obloquitur.
767 2504 812 2534 Et
827 2505 873 2535 sic

173 2543 269 2583 plane
290 2546 354 2577 Ms.
382 2547 420 2577 E.
445 2547 491 2577 sic
516 2547 618 2577 etiam
642 2551 720 2577 ante
745 2546 873 2577 edidere

171 2585 357 2624 Manutius,
368 2589 481 2629 Steph.
494 2593 528 2619 et
541 2589 608 2620 alii.

210 2629 250 2660 65
280 2630 440 2661 dissociati
451 2641 473 2661 α
488 2632 623 2662 Socrate
639 2631 752 2661 diserti
778 2640 800 2660 a
815 2632 869 2661 do-

171 2670 230 2699 ctis
245 2672 319 2710 &c.]
349 2672 420 2703 Hoc
434 2674 588 2704 vitiosum
603 2683 684 2710 esse,
701 2673 796 2703 faciie
811 2684 870 2713 ap-

170 2716 273 2751 paret.
317 2714 393 2744 Non
409 2716 494 2746 male
516 2716 697 2746 Lambinus
718 2716 868 2746 dissocia-

169 2754 211 2783 tis
222 2765 244 2784 α
259 2755 392 2786 Socrate
415 2758 543 2788 disertis
556 2768 585 2788 ‚a
603 2759 702 2788 doctis
711 2771 722 2790 ‚·
753 2758 870 2788 melius

169 2796 321 2827 Pearcius
343 2799 471 2830 disertis
491 2805 522 2830 et
541 2801 651 2837 doctis,
668 2810 709 2830 ne
722 2801 756 2830 ero*
774 2811 795 2830 a
811 2810 873 2830 εκε-

169 2839 241 2878 pius
255 2846 444 2878 concurrat,
459 2852 482 2872 a
505 2842 681 2873 Socraticis
696 2842 872 2883 respondet

170 2883 244 2921 τῷα
260 2882 405 2914 Socrate.
448 2884 545 2925 Quod
572 2886 721 2917 Socrates
746 2885 871 2926 primus

917 2334 1008 2370 fecit,
1025 2334 1058 2364 id
1071 2335 1194 2366 imitati
1207 2339 1285 2366 sunt
1300 2336 1468 2367 Socratici.

961 2377 1002 2407 66
1023 2382 1185 2416 quantum
1204 2379 1271 2418 ipse
1280 2378 1447 2418 forsitan]
1474 2377 1549 2418 Ipse
1567 2389 1619 2410 ar-

917 2419 1022 2449 bitror
1034 2429 1102 2450 esse
1114 2420 1311 2458 delendum3
1336 2430 1395 2450 nec
1405 2426 1455 2450 est
1472 2430 1620 2452 necessa-

918 2462 1016 2498 rium,
1033 2466 1070 2491 ut
1086 2468 1164 2493 ante
1179 2464 1230 2492 in:
1254 2467 1416 2503 quant-um
1425 2464 1492 2503 ipse
1502 2465 1618 2496 sentio.

916 2504 986 2534 Nee
1011 2507 1143 2534 tantum
1172 2505 1253 2535 illud
1281 2506 1468 2544 proximum
1493 2505 1618 2536 deside-

916 2556 998 2582 rem,
1022 2546 1048 2575 si
1076 2547 1171 2576 absit.
1215 2547 1391 2587 Optimum
1417 2548 1516 2585 foret,
1538 2559 1616 2586 uon,

912 2593 1076 2628 quantum
1093 2588 1130 2628 f.
1155 2600 1187 2620 v.
1217 2590 1383 2627 videatur,
1411 2596 1451 2621 ut
1477 2600 1568 2620 error
1597 2602 1616 2622 e

912 2630 1158 2670 compendiaria
1172 2632 1335 2673 scriptura
1348 2632 1383 2662 in
1392 2633 1548 2663 videatur
1562 2643 1615 2664 or-

912 2677 967 2702 tus
981 2673 1036 2703 sit.

954 2716 991 2748 67
1008 2725 1109 2745 minos
1117 2720 1218 2746 natus
1227 2727 1331 2747 unum
1341 2721 1372 2747 et
1384 2717 1514 2755 viginti.
1546 2717 1615 2749 Au-

915 2761 988 2787 ctor
1015 2757 1088 2788 libri
1113 2759 1152 2788 de
1171 2761 1296 2790 caussis
1317 2769 1402 2790 corr.
1417 2761 1495 2799 ecoq.
1514 2760 1615 2791 habet

914 2800 1136 2838 undeviginti,
1158 2801 1244 2840 quod
1272 2802 1454 2844 praeferunt
1481 2802 1616 2836 Lambif

915 2851 978 2872 nus
991 2846 1024 2873 et
1041 2843 1203 2876 Pearcius.

829 2933 949 2970 004
