1945 3235
344 159 426 199 ⁶06
725 157 1021 198 ORATORIAE
1062 157 1426 198 PARTITIONES.

282 272 528 320 fiuquorum
552 272 618 305 est
646 262 807 319 duplex
839 278 989 320 genus.
1051 261 1148 304 Alia
1170 263 1285 304 enim
1316 266 1356 296 84
1372 277 1528 319 magna
1547 263 1702 306 natura
1724 264 1789 308 vi-

344 324 513 372 dentur,
536 321 619 363 alia
649 335 751 363 usu:
787 333 951 373 natura,
975 331 1021 361 ut
1041 320 1251 371 caelestia,
1276 331 1323 361 ut
1343 320 1504 372 divina,
1529 331 1573 362 ut
1594 336 1658 373 ea,
1678 337 1787 377 quo-

343 394 438 421 rum
469 381 664 422 obscurae
698 393 855 429 causan,
889 389 950 429 ut,
985 379 1028 419 in
1069 378 1189 419 terris
1231 378 1478 432 mundoque
1518 379 1790 421 admirabilia,

341 452 439 492 quae
472 446 594 478 sunt:
627 451 681 478 ex
713 435 870 491 quibus
902 435 1213 491 similibusque,
1243 435 1274 475 si
1308 436 1518 485 attendaS,
1541 437 1592 477 ad
1625 451 1788 493 augen-

341 496 443 536 dum
468 493 678 551 permulta
699 503 958 549 suppetunt:
992 507 1083 543 usu,
1103 508 1199 548 quae
1222 493 1419 533 videntur
1445 493 1691 534 hominibus
1712 503 1790 535 aut

342 552 542 608 prodesse
572 562 647 592 aut
669 552 818 592 obesse
851 549 1168 592 vehementius:
1201 565 1384 605 quorum
1416 559 1516 591 sunt
1546 565 1704 607 genera
1732 550 1787 592 ad

341 609 693 666 amplificandum
718 607 811 648 tria.
874 607 987 648 Nam
1011 616 1084 647 aut
1106 607 1284 649 caritate
1315 618 1543 648 moventur
1575 607 1787 659 homines,

341 676 390 708 ut
410 668 602 716 deorum,
627 674 672 706 ut
697 664 863 720 patriae,
886 674 933 704 ut
955 673 1205 719 parentum:
1237 674 1311 705 aut
1337 679 1496 715 amore,
1521 674 1568 706 ut
1589 664 1787 716 fratrum,

340 734 389 765 ut
410 724 662 778 conjugum,
686 732 733 762 ut
766 722 1011 771 liberorum,
1034 731 1082 762 ut
1104 721 1404 763 familiarium:
1438 732 1512 763 aut
1545 722 1786 774 honestate,

340 793 389 822 ut
415 782 636 830 virtutum,
659 779 934 834 maximeque
956 793 1115 830 earum,
1138 793 1235 833 quae
1260 779 1312 820 ad
1335 780 1683 821 communionem
1707 779 1786 821 ho-

341 839 507 879 minum
528 848 571 878 et
593 837 891 878 liberalitatem
917 838 1072 876 valent.
1136 835 1202 876 Ex
1226 835 1276 876 iis
1299 845 1341 876 et
1363 835 1684 878 cohortationes
1715 851 1786 879 su-

343 905 518 936 muntur
540 894 590 935 ad
613 908 664 935 ea
685 893 930 935 retinenda:
955 903 999 934 et
1021 893 1063 934 in
1086 908 1173 943 eos,
1196 908 1220 933 a
1242 893 1399 948 quibus
1421 908 1471 934 ea
1492 894 1650 936 violata
1668 904 1784 946 sunt,

263 952 327 1005 17
343 953 443 994 odia
465 952 712 1002 incitantur,
735 962 777 991 et
799 950 1017 992 miseratio
1040 950 1244 991 nascitur.
1297 953 1337 981 85
1353 949 1558 1006 Proprius
1582 950 1698 993 locus
1719 960 1786 993 est

280 1010 544 1065 57augendi,
572 1009 614 1050 in
647 1008 713 1049 his
744 1009 869 1050 rebus
899 1017 974 1048 aut
1005 1008 1187 1058 amissis,
1216 1015 1291 1048 aut
1317 1007 1542 1048 amittendi
1579 1008 1784 1064 periculo.

345 1067 467 1109 Nihil
496 1077 559 1108 est
591 1066 705 1107 enim
741 1076 825 1106 tam
861 1065 1117 1116 miserabile,
1139 1079 1267 1121 quam
1290 1078 1344 1105 cx
1376 1065 1503 1106 beato
1525 1065 1667 1106 miser.
1729 1064 1786 1107 Et

339 1125 424 1166 hoc
459 1134 595 1165 totum
629 1123 803 1179 quidem
836 1133 1021 1173 moveat,
1044 1123 1129 1163 86si
1166 1123 1280 1163 bona
1307 1136 1361 1162 ex
1396 1122 1569 1163 fortuna
1597 1123 1692 1178 quis
1715 1138 1786 1165 ca-

339 1183 438 1224 dat:
469 1193 527 1233 et,
560 1197 585 1222 a
625 1195 804 1236 quorum
841 1180 1020 1221 caritate
1055 1179 1305 1221 divellatur:
1349 1193 1446 1234 quae
1485 1180 1670 1232 amittat,
1710 1190 1786 1222 aut

339 1240 553 1281 amiserit:
589 1240 631 1280 in
652 1239 808 1293 quibus
832 1237 953 1278 malis
975 1238 1044 1287 sit,
1068 1236 1291 1278 futurusve
1312 1236 1381 1287 sit,
1399 1238 1668 1292 exprimatur
1691 1238 1786 1279 bre-

341 1299 463 1338 viter.
526 1296 628 1338 Cito
650 1295 764 1336 enim
787 1295 942 1336 arescit
963 1294 1166 1350 lacryma,
1189 1294 1428 1350 praesertim
1451 1295 1493 1335 in
1523 1294 1672 1336 alienis
1694 1309 1785 1336 ma-

212 1354 405 1405 p.235.lis.
427 1369 507 1396 nec
528 1354 762 1410 quidquam
788 1353 828 1393 in
853 1351 1189 1407 amplificatione
1219 1351 1346 1392 nimis
1369 1351 1680 1394 enucleandum
1702 1362 1782 1393 est.

297 1417 326 1437 ἢ·
341 1413 508 1453 minuta
527 1422 592 1452 est
613 1411 728 1451 enim
750 1410 890 1450 omnis
913 1409 1154 1464 diligentia.
1185 1409 1257 1450 hic
1287 1417 1430 1450 autem
1454 1408 1572 1450 locus
1604 1410 1785 1466 grandia

273 1470 327 1504 58
340 1469 532 1526 requirit.
594 1467 704 1509 Illud
721 1467 814 1522 jam
837 1476 902 1507 est
917 1467 1090 1521 judicii,
1111 1481 1197 1521 quo
1220 1480 1390 1521 quaque
1412 1467 1455 1506 in
1477 1481 1607 1507 causa
1628 1481 1784 1523 genere

338 1535 510 1568 utamur
540 1524 741 1581 augendi.
803 1523 852 1564 In
885 1523 966 1564 illis
997 1523 1110 1564 enim
1141 1522 1294 1574 causis,
1316 1537 1414 1578 quae
1446 1524 1499 1564 ad
1532 1523 1783 1565 delectatio-

335 1599 434 1626 nem
457 1592 736 1632 exornantur,
759 1581 787 1621 ii
820 1580 902 1621 loci
926 1580 1137 1621 tractandi
1162 1588 1275 1630 sunt,
1296 1580 1370 1634 qui
1401 1595 1572 1621 movere
1602 1590 1784 1637 possunt

335 1640 722 1698 exspectationem,
752 1638 1097 1688 admirationem,
1121 1637 1414 1693 voluptatem:
1446 1638 1487 1678 in
1515 1637 1782 1680 cohortatio-

334 1700 462 1740 nibus
483 1707 643 1747 autem,
666 1697 876 1738 bonorum
899 1710 949 1736 ac
970 1695 1182 1736 malorum
1204 1695 1547 1736 enumerationes
1569 1704 1613 1736 et
1633 1709 1783 1737 exem..

336 1756 407 1812 pla
429 1755 572 1798 valent
603 1754 851 1810 plurimum.
913 1752 963 1794 In
987 1753 1168 1808 judiciis
1201 1752 1441 1793 accusatori
1474 1753 1576 1804 fere,
1597 1767 1695 1808 quae
1726 1752 1784 1795 ad

334 1813 626 1863 iracundiam3
658 1826 729 1852 reo
765 1810 1027 1866 plerumque,
1058 1825 1156 1866 quae
1191 1810 1243 1851 ad
1277 1809 1614 1851 misericordiam
1650 1810 1783 1866 perti-

335 1880 454 1913 nent.
518 1870 856 1924 Nonnumquam
888 1878 1029 1908 tamen
1063 1876 1288 1909 accusator
1319 1867 1654 1909 misericordiam
1689 1881 1781 1908 mo-

274 1936 324 1970 59
339 1943 435 1971 vere
465 1928 608 1978 debet,
642 1936 686 1967 et
717 1925 917 1967 defensor
954 1925 1235 1966 iracundiam.
1297 1923 1577 1966 Enumeratio
1618 1923 1782 1980 reliqua

335 1996 414 2038 est,
445 1998 769 2039 nonnumquam
807 1983 1033 2034 laudatori,
1063 1982 1226 2023 suasori
1260 1996 1346 2023 nou
1380 1997 1509 2038 saepe,
1539 1983 1778 2024 accusatori

336 2044 494 2100 saepius
524 2057 652 2098 quam
685 2056 771 2092 reo,
803 2040 1054 2081 necessaria.
1114 2043 1150 2073 87
1170 2039 1315 2094 Hujus
1340 2048 1533 2095 tempora
1554 2039 1640 2080 duo
1664 2049 1778 2091 sunt,

336 2102 369 2142 si
402 2111 476 2142 aut
503 2099 723 2141 memoriae
755 2098 923 2139 diffidas
945 2112 1107 2149 eorum,
1135 2097 1249 2153 apud
1271 2111 1378 2152 quos
1409 2111 1526 2153 agaS,
1552 2096 1615 2138 vel
1647 2097 1778 2138 inter-

336 2158 446 2207 vallo
479 2157 698 2213 temporis,
723 2156 788 2197 vel
818 2155 1091 2212 longitudine
1119 2154 1354 2196 orationis:
1387 2164 1462 2196 aut
1495 2152 1776 2209 frequentatis

335 2215 614 2257 firmamentis
645 2213 866 2263 orationis,
896 2224 939 2253 ct
971 2213 1156 2253 breviter
1186 2212 1410 2267 expositiS‚
1441 2212 1526 2252 vim
1556 2222 1620 2252 est
1654 2211 1777 2252 habi-

271 2280 321 2311 tio
335 2284 428 2315 tura
450 2288 577 2314 causa
598 2271 820 2326 majorem.
852 2273 891 2302 88
903 2269 960 2311 Et
982 2285 1052 2311 reo
1077 2269 1208 2312 rarius
1233 2269 1438 2310 utendum
1460 2279 1538 2320 est,
1561 2269 1676 2323 quod
1699 2284 1775 2325 po-

334 2330 473 2372 nenda
493 2340 592 2370 sunt
615 2328 853 2380 contraria3
885 2330 924 2361 89
938 2342 1119 2383 quorum
1146 2326 1370 2367 dissolutio
1394 2327 1436 2367 in
1471 2327 1692 2367 brevitate>
1709 2326 1776 2367 lu-

331 2389 461 2441 cebit,
483 2387 618 2429 aculei
643 2395 852 2444 pungent.
914 2385 997 2429 Sed
1019 2385 1101 2427 erit
1124 2384 1166 2426 in
1190 2384 1511 2427 enumeratione
1534 2383 1772 2435 vitandum,

371 2537 412 2566 24
434 2544 558 2574 magna
581 2534 721 2574 natura]
747 2534 811 2566 Ms.
838 2534 877 2565 E.
903 2533 1030 2566 natura
1114 2536 1154 2568 89
1176 2542 1314 2573 quornm
1329 2532 1491 2562 dissolutio
1502 2531 1537 2560 in
1551 2529 1708 2560 brevitate
1720 2529 1771 2559 lu·

327 2586 465 2616 magna.
483 2578 610 2608 melius.
1071 2575 1166 2615 cebit]
1200 2576 1252 2605 Sic
1278 2585 1353 2605 cum
1380 2573 1541 2604 Lambino
1568 2571 1771 2611 reposuimus

372 2623 411 2651 85
433 2618 598 2660 Proprius
613 2620 699 2650 locus
712 2619 771 2660 est]
797 2619 914 2651 Addidi
929 2623 975 2650 est
989 2629 1028 2649 ex
1071 2628 1129 2658 pro
1146 2619 1269 2654 lambit,
1284 2618 1339 2656 qui
1354 2617 1438 2646 hane
1453 2615 1629 2646 lectionem
1643 2614 1675 2644 in
1689 2613 1771 2644 Mss.

327 2660 379 2693 ed.
394 2661 477 2692 ven.
1071 2661 1204 2701 reperit,
1221 2666 1258 2690 ut
1285 2660 1445 2689 Gruterus
1467 2658 1500 2688 in
1527 2657 1632 2687 Palat.
1655 2665 1712 2686 nos
1734 2655 1770 2686 in

371 2704 412 2735 86
431 2704 460 2733 si
475 2704 555 2734 bona
579 2713 618 2733 ex
628 2702 789 2743 sin-tuna]
816 2703 879 2734 Ms.
902 2704 942 2735 V.
961 2713 1027 2734 non
1072 2703 1138 2733 vit.
1174 2709 1208 2733 et
1242 2702 1293 2733 ed.
1316 2701 1398 2731 Ven.
1442 2700 1621 2738 Vulgatum
1657 2698 1771 2729 latebit

327 2746 425 2777 habet
441 2756 481 2776 ez·
495 2755 573 2776 am.
588 2755 636 2786 pr.
1071 2755 1130 2776 nee
1156 2750 1269 2785 aptum
1298 2744 1382 2780 loco,
1410 2752 1469 2772 nec
1496 2741 1649 2772 convenit
1671 2740 1771 2770 verbo

368 2792 407 2822 87
433 2787 548 2830 Hujus
574 2789 645 2827 ipsa
671 2793 694 2818 t.
717 2788 748 2818 cl.
775 2788 817 2828 s.]
844 2788 921 2827 Ipsa
945 2787 1027 2818 mihi
1070 2788 1219 2827 sequenti
1249 2790 1412 2827 pungent.
1465 2785 1592 2824 Nempe
1629 2782 1771 2812 brevitas

324 2836 512 2870 suspectum
528 2831 602 2861 fuit.
648 2830 776 2861 Deinde
793 2831 896 2871 reperi
917 2831 1027 2861 abesse
1071 2830 1174 2869 magis
1190 2830 1391 2869 perspicuam
1409 2827 1486 2857 facit
1508 2824 1772 2863 dissolutionem,

322 2873 376 2902 ed.
395 2872 476 2903 Ven.
493 2873 602 2912 itaque
616 2872 731 2903 delevi.
1069 2882 1136 2903 non
1151 2872 1318 2903 occultat:
1347 2869 1432 2911 quod
1448 2869 1533 2901 foret
1548 2867 1714 2898 vitiosum.

366 2918 405 2946 ΒΞ
430 2913 481 2946 Et
496 2915 562 2955 reo]
589 2915 638 2946 Ec
655 2916 736 2946 bene
750 2915 842 2946 abest
855 2915 904 2946 ed.
920 2915 1004 2946 Ven.
