1945 3235
766 122 1045 161 ORATOR.
1547 134 1623 173 519

172 241 272 269 eum
295 228 494 271 concisus
522 230 560 271 ei
583 227 930 284 Thrasymachus
965 226 1143 267 minutis
1165 231 1353 272 numeris
1389 233 1618 287 videretur,

173 295 217 326 et
241 287 444 343 Gorgias,
467 288 539 343 qui
574 296 716 327 tamen
742 285 869 342 primi
901 284 1129 324 traduntur
1153 294 1243 324 arte
1267 289 1450 341 quadam
1489 294 1618 335 verba

170 344 384 397 vinxisse3
416 348 456 376 3⁰
467 345 721 386 Theodorus
745 352 888 383 autem
912 340 1197 397 praefractior,
1220 357 1300 384 nec
1332 347 1432 387 satis
1464 353 1533 401 (ut
1554 351 1616 392 ita

168 400 330 452 dicam)
354 403 583 444 rotundus:
617 402 779 458 primus
815 399 1004 440 instituit
1039 398 1219 440 dilatare
1254 402 1410 452 verbis,
1431 414 1475 445 et
1505 409 1613 449 mol-

167 458 347 501 lioribus
381 462 567 501 numeris
596 459 770 514 explere
801 457 1050 497 sententias.
1113 456 1164 497 In
1195 472 1282 512 quo
1316 473 1414 499 cum
1438 462 1613 506 doceret

165 530 254 566 eos,
286 519 359 573 qui
391 519 546 574 partim
581 518 620 557 in
654 515 854 565 dicendo,
878 514 1033 570 partim
1067 514 1110 555 in
1143 516 1371 557 scribendo
1394 519 1610 576 principes

163 575 439 625 exstiterunt,
462 576 614 616 domus
637 573 730 628 ejus
749 572 927 613 officina
949 572 1097 613 habita
1118 572 1377 628 eloquentiae
1396 586 1475 616 est.
1522 576 1668 620 Ita-41

162 647 246 687 que
268 642 316 673 ut
335 647 432 688 eg0,
454 647 552 673 cum
586 647 610 672 a
642 641 788 672 nostro
813 630 982 671 Catone
1004 630 1224 681 laudabar,
1261 631 1325 672 vel
1354 634 1609 689 reprehendi

160 703 267 731 mea
285 690 436 730 ceteris
459 688 584 730 facile
607 689 823 746 patiebar:
848 689 909 729 sic
931 688 1142 729 Isocrates
1167 688 1336 730 videtur
1358 692 1609 735 testimonio

163 745 356 788 Platonis
378 747 747 802 ahornmjudicia
768 747 925 787 debere
956 756 1248 787 contemnere.
1311 746 1388 789 Est
1407 750 1521 791 enirn
1542 755 1612 805 (ut

156 804 259 854 scis)
291 805 411 860 quasi
437 805 480 845 in
515 816 711 846 extrema
747 804 908 860 pagina
940 803 1115 845 Phaedri
1148 804 1214 845 his
1249 804 1351 861 ipsis
1384 808 1524 849 verbis
1547 810 1610 851 lo-

154 875 289 916 quens
310 863 536 905 Socrates:
570 862 812 904 Adolescens
845 861 967 902 etiam
991 877 1112 912 nunc,
1145 877 1166 902 o
1191 861 1384 914 Pleaedre,
1409 863 1612 908 Isocrates

151 926 231 969 θεῖ,-
259 920 328 961 sed
347 920 449 976 qnid
467 920 516 961 de
538 920 609 961 illo
631 934 823 976 augurer,
838 918 950 960 lubet
970 919 1115 961 dicere.
1180 918 1297 965 Quid
1317 921 1512 964 tandem?
1545 925 1609 966 in-

149 977 241 1032 quit
274 978 358 1019 ille.
421 978 590 1036 Majore
622 979 722 1020 mifn'
753 977 916 1034 ingenio
955 977 1118 1019 videtur
1153 992 1243 1029 esse,
1280 994 1403 1034 quam
1440 987 1486 1021 ut
1518 998 1608 1024 cum

149 1036 405 1077 orationibus
430 1034 563 1094 Lysiae
585 1043 855 1091 comparetur.
920 1034 1130 1076 Praeterea
1161 1035 1218 1076 ad
1246 1037 1440 1078 virtutem
1473 1040 1606 1096 major

147 1092 325 1134 indoles:
357 1101 403 1135 ‘ut
421 1095 586 1136 minime
609 1095 756 1135 mirum
775 1092 978 1150 ficturum
1007 1093 1075 1143 sit,
1107 1093 1154 1144 si,
1187 1109 1275 1134 cum
1307 1102 1426 1137 (etate
1442 1111 1605 1151 proces-

144 1151 254 1202 serit,
274 1159 348 1193 aut
374 1153 417 1193 in
447 1153 519 1194 hoc
556 1153 787 1193 orationum
816 1165 976 1208 genere,
1008 1152 1074 1192 cui
1108 1166 1215 1193 nanc
1242 1152 1390 1204 studet,
1425 1161 1603 1208 temtum,

143 1216 342 1264 quantum
367 1210 519 1265 pueris,
558 1210 723 1266 reliquis
746 1216 913 1264 prce-stet
945 1209 1143 1260 omnibus,
1171 1209 1243 1266 qui
1276 1226 1475 1266 umquam
1509 1229 1604 1255 υνα-

143 1266 271 1308 tiones
301 1269 553 1325 attigerunt5
584 1275 672 1319 ant,
690 1268 724 1308 si
746 1274 956 1308 contentas
986 1267 1048 1308 lzis
1077 1282 1158 1308 non.
1173 1266 1330 1324 fueret,
1354 1269 1495 1311 divino
1522 1271 1602 1313 ali-

141 1340 221 1380 quo
244 1326 374 1366 animi
396 1333 507 1366 mota
520 1327 679 1382 majora
701 1325 972 1380 concupiscat.
1035 1324 1149 1366 Inest
1166 1325 1272 1366 enim
1295 1333 1447 1368 natura
1460 1328 1601 1383 philo-

136 1383 280 1437 sophia
318 1384 362 1424 in
394 1384 514 1440 hujus
545 1383 627 1425 viri
657 1390 787 1424 mente
820 1382 1018 1439 quaedam.
1089 1382 1202 1424 Haec
1239 1384 1292 1424 de
1323 1384 1598 1428 adolescente

139 1439 336 1481 Socrates
359 1452 610 1498 auguratur.
671 1441 733 1482 At
754 1456 804 1481 ea
826 1441 879 1482 de
902 1441 1069 1481 seniore
1088 1441 1241 1482 scribit
1265 1441 1407 1494 Plato,
1426 1453 1470 1485 et
1490 1446 1656 1491 scri-42

136 1497 201 1538 bit
225 1499 417 1554 aequalis,
440 1509 483 1540 et
506 1499 681 1555 quidem
705 1499 954 1554 exagitator
984 1499 1178 1539 omnium
1213 1499 1451 1542 rhetorum.
1475 1501 1592 1546 hunc

131 1556 313 1597 miratur
345 1572 493 1598 unum.
566 1556 645 1597 Me
677 1567 838 1607 autem,
877 1556 951 1611 qui
984 1555 1220 1597 Isocratem
1265 1572 1352 1599 non
1384 1558 1635 1615 diligunt,p·
1652 1563 1727 1593 201.

131 1628 218 1654 una
239 1629 338 1655 cum
363 1615 555 1665 Socrate,
578 1625 620 1655 et
642 1629 742 1656 cum
778 1614 958 1654 Platone
981 1628 1120 1654 errare
1152 1614 1388 1670 patiantur.
1451 1616 1591 1660 Dulce
1603 1612 1634 1634 ὃ·

131 1671 266 1727 igitur
305 1673 514 1713 orationis
557 1687 709 1729 genus,
740 1682 784 1713 et
824 1671 1028 1722 solutum,
1062 1680 1104 1712 ct
1138 1673 1332 1725 effluens,
1365 1677 1591 1718 sententiis

130 1740 349 1785 argutum,
373 1731 514 1771 verbis
539 1745 709 1780 sonans,
732 1740 797 1770 est
828 1729 872 1770 in
905 1729 976 1770 illo
999 1729 1234 1785 epidictico
1259 1745 1437 1787 genere:
1471 1735 1590 1789 quod

128 1787 321 1828 diximus
366 1789 588 1844 proprium
642 1787 957 1844 sophistarum;
1010 1802 1199 1843 pompae,
1241 1803 1372 1844 quam
1425 1805 1586 1848 pugnae

127 1846 297 1901 aptius,
331 1847 570 1902 gymnasiis
601 1856 645 1887 et
676 1846 889 1902 palaestrae
921 1845 1140 1896 dicatum3
1173 1856 1366 1901 spretum
1409 1859 1453 1889 et
1491 1850 1587 1905 pul-

127 1916 221 1944 sum
244 1902 354 1944 foro.
417 1905 501 1945 Sed
525 1904 639 1960 quod
663 1904 847 1944 educata
865 1903 992 1958 hujus
1017 1904 1294 1945 nutrimentis
1318 1905 1584 1961 eloquentia,

123 1959 218 2016 ipsa
241 1976 285 2002 se
304 1971 455 2018 postea
474 1962 638 2003 colorat
661 1971 703 2002 et
727 1963 917 2013 roborat,
941 1976 1026 2002 non
1060 1961 1248 2004 alienum
1283 1962 1368 2004 fuit
1401 1964 1454 2005 de
1487 1980 1584 2007 ora-

120 2019 228 2059 toris
262 2020 385 2074 quasi
421 2020 694 2061 incunabulis
726 2020 883 2060 dicere.
945 2018 1107 2059 Verum
1131 2017 1242 2071 haec,
1275 2019 1491 2073 ludorum,
1515 2034 1582 2065 at..

119 2091 204 2132 que
239 2092 435 2133 pompae:
486 2093 564 2119 nos
597 2089 742 2118 autem
768 2077 863 2132 jam
895 2077 939 2117 in
979 2078 1132 2128 aciem,
1163 2077 1579 2137 dimicationemque

117 2136 154 2165 31
171 2135 496 2176 descendamus,

176 2193 395 2239 Quoniam
432 2194 512 2234 tria
546 2192 730 2233 videnda
761 2202 861 2233 sunt
898 2192 1075 2243 oratori,
1109 2193 1214 2248 quid
1245 2193 1378 2246 dicat,
1411 2205 1455 2236 et
1485 2212 1572 2252 quo
1592 2203 1661 2253 14

114 2250 306 2309 quidque
333 2250 443 2300 loco,
466 2262 508 2291 et
531 2251 776 2306 quomodo:
809 2250 1039 2291 dicendum
1074 2251 1254 2292 omnino
1285 2261 1365 2304 est,
1387 2255 1490 2309 quid
1516 2256 1571 2297 sit
1583 2276 1634 2310 43

110 2309 328 2363 optimum
350 2310 391 2348 in
414 2309 611 2365 singulis,
636 2309 708 2349 sed
741 2308 964 2363 aliquanto
987 2323 1124 2359 secus,
1140 2319 1271 2364 atque
1293 2310 1336 2350 in
1363 2312 1571 2354 tradenda

112 2376 202 2406 arte
224 2366 309 2407 dici
331 2366 452 2406 solet.
487 2366 603 2407 nulla
626 2376 845 2422 praecepta
869 2380 1076 2421 ponemus
1100 2372 1260 2421 (neque
1293 2367 1408 2409 enim
1432 2369 1475 2410 id
1500 2385 1571 2411 su-

113 2424 348 2480 scepimus)
387 2425 458 2465 sed
498 2424 750 2465 excellentis
783 2424 1043 2479 eloquentiae
1081 2425 1270 2479 speciem
1305 2434 1347 2465 et
1382 2425 1567 2470 formam

109 2481 492 2524 adumbrabimus:
527 2496 623 2533 nec,
646 2482 804 2537 quibus
826 2482 953 2522 rebus
976 2496 1026 2523 ea
1058 2492 1246 2538 paretur,
1269 2496 1567 2540 exponemus3

147 2636 188 2664 30
219 2634 405 2666 Theodorus
427 2636 554 2676 autem]
590 2636 663 2666 Hoc
684 2645 807 2666 nomen
851 2634 907 2666 sed
922 2639 955 2665 et
968 2635 1022 2665 hic
1035 2636 1162 2666 alienus
1179 2643 1228 2667 est
1239 2636 1280 2666 ab
1295 2635 1330 2668 h.
1347 2635 1369 2667 l.

104 2677 231 2716 reposui
255 2687 314 2717 pro
337 2680 470 2709 nomine
496 2679 708 2719 Thucydidis,
721 2677 808 2717 quod
893 2680 930 2708 31
957 2678 1204 2719 descendamus]
1231 2680 1284 2709 Sic
1306 2689 1366 2719 pro
1389 2681 1562 2713 veniamus

102 2723 154 2748 est
169 2719 203 2748 in
219 2719 290 2750 edd.
319 2720 356 2750 ld
371 2731 494 2752 nomen
514 2722 567 2752 hie
581 2721 807 2762 reponendum
852 2720 1077 2760 rescripsimus
1103 2733 1142 2752 ex
1166 2722 1238 2753 edd.
1256 2722 1338 2752 ven.
1362 2722 1452 2752 Med.
1475 2724 1563 2763 quod

100 2770 182 2797 esse,
198 2761 320 2793 dudum
335 2765 369 2793 in
383 2764 482 2795 Clave
495 2765 618 2795 monui.
641 2764 702 2794 Est
717 2764 807 2794 enim
850 2768 901 2793 est
916 2764 1084 2803 proprium
1106 2765 1140 2794 in
1162 2764 1226 2794 hoc
1248 2764 1397 2801 verbum,
1421 2775 1481 2805 pro
1496 2777 1561 2806 quo

98 2802 152 2833 hic
165 2804 283 2834 tertius
297 2816 337 2835 ex
351 2806 402 2843 iis,
416 2817 496 2846 quos
511 2812 588 2838 ante
601 2807 803 2838 nominarat.
845 2805 950 2836 Aldus
977 2816 1044 2836 non
1068 2808 1150 2838 bene
1175 2807 1277 2838 edidit
1299 2807 1484 2846 veniamus,
1510 2819 1560 2841 se·-

95 2845 304 2886 Thucydides
319 2857 387 2878 non
399 2849 463 2879 fuit
479 2850 513 2880 in
527 2849 693 2890 sophistis.
733 2849 802 2879 No·
845 2855 968 2888 querite
981 2849 1001 2879 J
1005 2855 1099 2881 unta.

97 2888 172 2921 nius
195 2889 230 2920 in
253 2892 433 2923 rotundum
459 2892 560 2923 habet
590 2892 798 2924 Theodec-tem

772 2933 889 2979 Ll4
