1945 3235
342 113 420 148 420
859 113 938 152 DE
977 112 1286 152 ORATORE

349 229 460 269 quos
492 221 566 255 ant
589 214 785 267 choreos,
815 226 890 259 aut
921 218 1090 271 heroos,
1121 227 1196 259 aut
1226 217 1410 259 alternos
1439 229 1531 257 esse
1563 217 1798 272 oportebit,

350 273 388 305 67
406 281 481 313 aut
503 272 545 312 in
572 287 722 328 paeonc
745 274 816 315 illo
840 277 1090 331 posteriore,
1110 290 1238 331 quein
1257 273 1510 315 Aristoteles
1526 274 1702 329 probat,
1723 284 1799 315 aut

352 328 391 368 ei
417 329 507 384 pari
530 331 707 372 cretico.
768 332 939 374 Horum
963 334 1279 375 vicissitudines
1301 331 1505 382 efficient,
1527 340 1576 371 ut
1600 345 1737 386 neque
1767 331 1799 372 ‘ri

352 387 578 438 satientur,
617 389 691 443 qui
729 389 920 440 audient,
954 391 1128 432 fastidio
1165 389 1477 441 similitudinis,
1506 402 1584 429 nec
1623 402 1701 428 nos
1738 388 1797 440 id,

264 451 336 487 194
352 444 468 498 quod
493 443 716 496 faciemus,
739 461 870 502 opera
890 448 1036 490 dedita
1058 448 1198 489 facere
1221 446 1455 487 videamur.
1517 445 1683 491 Quodsi
1707 443 1800 485 An*-

351 500 510 557 tipater
532 501 602 543 ille
626 503 844 554 Sidonius,
867 519 995 559 quem
1018 515 1063 546 tu
1093 506 1240 561 probe,
1264 503 1440 555 Catule,
1456 502 1706 554 meministi,
1729 516 1798 543 so·

347 556 453 599 litus*
471 569 536 600 est
558 574 702 601 versus
717 560 1000 603 ‘hexametros
1031 562 1222 618 aliosque
1246 562 1372 603 variis
1396 560 1534 602 modis
1557 570 1688 615 atque
1719 573 1798 601 nu-

345 616 477 656 meris
501 615 679 658 fundere
701 632 755 658 ex
780 627 987 673 tempore,
1012 629 1265 673 tantumque
1290 619 1479 660 hominis
1502 615 1716 674 ingeniosi
1746 632 1798 658 ac

345 674 551 714 memoris
583 674 717 715 valuit
739 676 1010 726 exercit-atim
1034 687 1095 728 ut,
1118 691 1217 718 cum
1246 690 1290 718 se
1321 687 1464 718 mente
1494 691 1543 716 ac
1574 674 1799 715 voluntate

347 730 607 785 conjecisset
628 731 672 772 in
697 746 880 783 versum,
903 734 1035 775 verba
1055 742 1359 789 sequerentur3
1381 742 1543 789 quanto
1566 732 1609 773 id
1629 731 1800 773 facilius

346 787 392 828 in
424 788 635 841 oratione,
657 790 970 832 exercitatione
999 800 1043 832 et
1073 790 1386 833 consuetudine
1415 790 1626 841 adhibita,
1648 803 1800 831 eonse-

347 847 558 899 quemur?

407 901 519 943 Illud
543 912 686 944 autem
710 918 763 945 ne
786 904 881 959 quis
904 905 1152 958 admiretur,
1168 921 1357 962 quonam
1379 905 1510 946 modo
1531 905 1627 948 haec
1645 905 1798 963 vulgus

346 959 649 1015 imperitorum
676 961 719 1002 in
749 962 969 1004 audiendo
987 972 1131 1016 notet;
1163 979 1262 1005 cum
1294 964 1337 1004 in
1359 963 1477 1004 omni
1510 977 1679 1018 genere,
1702 974 1796 1005 tuin

344 1016 391 1057 in
416 1018 498 1059 hoc
530 1018 625 1074 ipso
648 1033 808 1075 magna
829 1021 1027 1075 quaedam
1051 1031 1117 1062 est
1138 1022 1204 1062 vis
1236 1020 1586 1075 incredibilisque
1615 1031 1797 1063 naturae.

345 1073 511 1116 Omnes
542 1076 657 1117 enim
689 1077 824 1118 tacito
855 1078 1043 1133 quodam
1074 1094 1215 1130 sensu,
1249 1079 1340 1119 sine
1369 1077 1456 1119 ulla
1486 1087 1592 1129 arte,
1623 1087 1699 1119 aut
1730 1093 1797 1119 rad

343 1132 479 1184 tione,
502 1147 599 1188 quae
632 1134 718 1175 sint
740 1134 783 1175 in
807 1136 970 1177 artibus
1002 1152 1052 1178 ac
1075 1137 1314 1178 rationibus
1337 1145 1455 1177 recta
1484 1150 1534 1177 ac
1566 1150 1711 1191 prava,
1733 1135 1799 1176 di-

337 1188 568 1245 judicant:
603 1190 730 1247 idque
753 1207 852 1233 cum
875 1193 1042 1235 faciunt
1072 1195 1115 1235 in
1138 1194 1335 1252 picturiS,
1357 1202 1401 1234 et
1431 1193 1475 1234 in
1506 1192 1657 1249 signis,
1679 1202 1724 1234 et
1753 1192 1798 1234 in

344 1247 439 1288 aliis
461 1248 680 1304 operibus,
702 1249 755 1290 ad
778 1265 962 1305 quorum
986 1252 1316 1309 intelligentiam
1339 1266 1365 1292 a
1384 1259 1538 1291 natura
1558 1251 1700 1292 minus
1722 1249 1800 1291 hau

343 1304 451 1346 bent
473 1305 746 1347 instrumenti
764 1324 774 1358 3
798 1318 891 1349 tum
912 1309 1049 1350 multo
1072 1309 1308 1351 ostendunt
1328 1308 1534 1365 magi-sin
1554 1309 1798 1359 verborum)

343 1376 638 1415 numerorum,
663 1379 904 1421 vocumque
928 1366 1124 1422 judici03
1156 1366 1272 1422 quod
1295 1381 1346 1407 ea
1367 1375 1467 1407 sunt
1488 1365 1533 1407 in
1555 1365 1800 1407 communiv-

346 1421 426 1460 bus
450 1420 586 1462 infixa
609 1422 819 1474 sensibus,
839 1438 976 1479 neque
994 1439 1141 1466 earum
1162 1439 1302 1465 rerum
1322 1438 1583 1479 quemquam
1602 1422 1798 1464 funditus

259 1487 501 1526 manatura
521 1477 659 1520 voluit
678 1494 770 1520 esse
790 1491 1030 1536 expertem.
1091 1482 1245 1537 Itaque
1265 1496 1352 1522 non
1375 1480 1514 1522 solum
1537 1481 1678 1521 verbis
1707 1491 1801 1521 arte

345 1535 500 1590 positis
529 1546 761 1577 moventur
782 1552 947 1589 omnes,
970 1553 1118 1580 verum
1141 1539 1273 1580 etiam
1306 1538 1494 1579 numeris
1527 1552 1577 1579 ac
1600 1537 1798 1579 vocibus.

347 1592 521 1638 Quotus
543 1593 659 1634 enim
681 1594 863 1649 quisque
893 1605 972 1648 est,
994 1596 1069 1651 qui
1097 1606 1243 1638 teneat
1273 1605 1409 1637 artem
1439 1609 1714 1636 numerorum
1747 1609 1805 1637 ae‘

343 1649 604 1693 modorum?
635 1650 697 1692 At
718 1651 762 1692 in
784 1652 852 1693 his
875 1653 909 1693 si
933 1654 1122 1708 paullum
1154 1653 1285 1695 modo
1307 1652 1523 1694 offensum
1543 1661 1622 1703 est,
1644 1662 1694 1694 ut
1723 1662 1800 1694 aut

344 1707 647 1749 contractione
668 1710 708 1740 68
720 1709 892 1751 brevius
915 1710 1050 1762 fieret,
1073 1722 1148 1753 aut
1169 1711 1455 1768 productione
1476 1709 1663 1766 longiu5‚
1677 1709 1799 1751 thea-

346 1774 414 1806 tra
436 1774 528 1806 tota
549 1765 798 1808 reclamant.
859 1768 1007 1815 Quid?-
1037 1769 1121 1811 hoc
1145 1784 1233 1810 non
1253 1769 1369 1810 idem
1391 1768 1441 1809 fit
1463 1768 1508 1809 in
1530 1767 1725 1819 vocibus,
1747 1777 1798 1809 ut

346 1837 374 1863 a
400 1822 679 1864 multitudine
707 1833 751 1865 et
781 1825 965 1881 popu10,-
990 1841 1076 1868 non
1106 1827 1237 1868 modo
1265 1826 1501 1868 69catervae
1535 1833 1664 1880 atque
1693 1840 1798 1866 con-

348 1889 519 1932 ventus,
544 1880 616 1922 sed
638 1880 770 1923 etiam
801 1883 883 1939 ipsi
915 1883 997 1925 sibi
1032 1884 1189 1940 singuli
1219 1884 1511 1940 discrepantes
1540 1881 1800 1937 ejiciantur?

265 1932 334 1983 51
352 1936 560 1979 Mirabile
589 1947 670 1990 est,
691 1953 790 1980 cum
822 1940 1053 1996 plurimum
1085 1943 1129 1983 in
1161 1941 1359 1983 faciendo
1383 1940 1552 1982 intersit
1579 1940 1692 1981 inter
1720 1940 1799 1982 do-

263 2014 338 2053 197
351 2004 471 2047 ctum
501 2005 545 2036 et
574 1996 738 2048 rudem,
769 2012 898 2052 quam
931 2013 1019 2041 non
1049 1999 1241 2041 multum·
1261 1998 1434 2040 differat
1465 1998 1508 2039 in
1540 1997 1797 2053 judicando.

346 2051 432 2095 Ars
453 2053 570 2095 enim
591 2068 692 2095 cum
713 2069 745 2095 a·
758 2064 912 2098 natura
932 2056 1130 2115 profecta
1151 2057 1220 2109 sit,
1242 2056 1376 2099 wnisi
1406 2055 1597 2112 [natura]
1625 2064 1799 2097 moveat

261 907 334 944 195

347 2219 481 2252 riodicae
502 2221 659 2254 clausulae
684 2222 795 2255 locum
825 2234 891 2256 non
916 2225 1052 2264 liabent,

348 2263 407 2293 sed
430 2263 472 2294 ad
497 2265 598 2295 finem
633 2268 808 2298 sententiae
842 2269 1054 2301 membratim

350 2305 444 2336 fundi
460 2308 568 2337 oratio
580 2307 688 2339 debet.

393 2348 433 2382 67
457 2350 567 2380 autin
581 2352 865 2392 poeone—eretico]
891 2354 977 2384 Sane
1000 2353 1053 2384 hic

349 2388 461 2421 deesse
485 2392 620 2423 verbum
642 2393 784 2430 videtur,
804 2395 889 2426 unde
911 2396 1053 2436 pendeat

350 2432 396 2461 in.
455 2433 607 2465 Pearcius
633 2441 732 2476 putat
747 2437 856 2477 finire
884 2438 1052 2476 excidisse,

350 2474 440 2512 quod
454 2484 498 2505 sc.
512 2477 553 2506 ab
567 2477 721 2517 oportebit
746 2479 905 2519 pendeat:
929 2481 986 2511 sed
1006 2482 1054 2521 ita

349 2515 463 2547 durior
475 2521 677 2551 constructio
689 2521 803 2551 fuerit:
814 2533 890 2562 quos
902 2524 1055 2563 oportebit

349 2561 648 2601 esse—autfinire:
671 2564 756 2602 quod
779 2574 798 2594 a
811 2566 970 2597 Cicerone
986 2576 1052 2597 non

350 2601 537 2640 profectum
560 2603 667 2634 credo.
701 2598 899 2637 Fmoendum
936 2608 1052 2639 melius

350 2642 451 2679 foret,
474 2644 561 2683 quod
583 2647 794 2686 responderet
816 2650 976 2692 superiori
998 2661 1053 2680 no-

351 2686 548 2717 candicant.
593 2687 678 2727 Ego,
694 2690 772 2728 quid
788 2692 995 2722 scribendum
1009 2694 1054 2723 sit

350 2727 608 2800 {tid-explendum
621 2730 745 2769 locum,
760 2742 827 2763 non
841 2735 988 2766 sustineo
999 2736 1055 2766 de-

376 2779 460 2800 mre.

389 2812 433 2843 68
456 2813 714 2854 bret-iurfieret]
740 2816 891 2848 pean-ius
916 2819 1053 2858 conjicit

337 2852 479 2892 flerent,
496 2860 535 2885 ut
549 2855 591 2886 ad
607 2866 760 2888 numeros
776 2860 946 2890 referatur.
990 2862 1055 2893 Sed

347 2895 380 2925 id
409 2897 538 2928 brevius
562 2905 598 2929 et
614 2900 807 2939 productius
833 2912 901 2933 nou
927 2904 1054 2935 sinunt.

1097 2226 1265 2266 Intellige,
1281 2229 1339 2257 aut
1353 2226 1379 2255 si
1394 2224 1508 2261 mavis,
1524 2221 1605 2254 adde
1616 2222 1714 2264 quid.-
1735 2225 1797 2255 aut

1096 2268 1316 2300 cbntractione
1330 2270 1456 2299 brevius
1456 2267 1560 2308 fieret
1574 2265 1662 2306 quid.

1139 2313 1180 2346 69
1202 2316 1341 2342 catervae
1361 2315 1459 2350 atque
1479 2307 1668 2348 conventus]
1693 2307 1798 2337 Intel-

1096 2353 1174 2393 lige,
1202 2360 1354 2385 actorum
1382 2355 1417 2384 in
1445 2361 1555 2389 scena,
1583 2350 1618 2380 in
1646 2350 1803 2380 canticis.-

1102 2397 1282 2427 Conventus
1303 2397 1348 2426 sic
1362 2396 1425 2426 dici
1447 2394 1590 2425 dubito:-
1606 2402 1648 2423 an
1671 2393 1797 2422 emtus?

1098 2439 1137 2470 ln
1162 2439 1227 2469 Ms.
1248 2439 1287 2469 E.
1314 2448 1442 2474 manus,
1467 2441 1505 2467 ut
1524 2435 1664 2470 videtur,
1689 2434 1798 2474 prima

1097 2482 1176 2512 fecit
1198 2486 1382 2517 concentus,
1405 2479 1492 2520 quod
1512 2476 1796 2508 considerandum.

1103 2524 1248 2555 cittervae
1270 2524 1406 2554 verbum
1430 2521 1597 2563 proprium
1620 2519 1719 2565 estin
1736 2519 1797 2550 hac

1098 2576 1141 2596 rc.
1166 2577 1195 2596 v.
1223 2576 1271 2606 pr.
1295 2567 1384 2596 Sext.
1409 2576 1437 2595 c.
1464 2566 1516 2594 55.
1545 2563 1638 2602 eique
1663 2562 1795 2603 proprie

1095 2614 1267 2639 concentus
1278 2614 1311 2638 et
1325 2607 1486 2638 concentio
1500 2606 1670 2636 tribuitur.

1139 2654 1180 2685 70
1203 2652 1266 2680 nisi
1289 2654 1414 2680 natura
1435 2648 1576 2687 moveat]
1603 2648 1657 2678 Sic
1671 2645 1722 2676 ed.
1738 2644 1794 2675 w.

1097 2693 1184 2723 uude
1198 2693 1268 2723 haec
1292 2692 1391 2722 lectio
1410 2692 1518 2722 fluxit.
1561 2689 1624 2721 Sed
1643 2688 1716 2719 edd.
1730 2696 1756 2717 s.
1771 2686 1794 2717 1.

1097 2746 1127 2766 a.
1144 2735 1232 2765 Med.
1250 2736 1308 2765 ἃς.
1324 2735 1426 2764 etiam
1443 2734 1522 2764 Mss.
1537 2733 1660 2773 plureS,
1673 2731 1796 2762 habent

1097 2782 1272 2813 naturam,
1292 2777 1383 2816 quod
1399 2777 1520 2816 recepit
1536 2774 1698 2805 Pearcius.
1733 2772 1796 2803 Sed

1096 2819 1236 2859 quidest
1247 2825 1406 2850 naturam
1423 2828 1547 2849 movere
1559 2817 1575 2847 ?
1599 2817 1669 2856 Ego
1683 2814 1796 2845 delen-

1096 2862 1176 2893 dum
1199 2869 1292 2903 puto,
1308 2868 1347 2891 ut
1361 2863 1538 2901 repetitum
1555 2864 1678 2890 temere
1695 2858 1728 2888 in
1743 2856 1793 2886 ed.

1098 2904 1154 2936 W.
1169 2915 1189 2936 e
1211 2904 1435 2946 praecedente:
1458 2914 1516 2935 ars
1530 2912 1606 2934 cum
1627 2911 1649 2932 a
1671 2904 1796 2931 natura
