1945 3235
743 124 1019 163 BRUTUS.
1531 129 1611 169 487

151 226 325 269 omissis
355 228 508 271 ceteris
538 228 705 280 studiis,
738 242 872 269 unum
909 227 952 268 id
985 225 1091 282 egit,
1127 239 1304 281 seseque
1337 228 1602 283 quotidianis

149 286 592 328 commentationibus
620 286 828 327 acerrime
852 285 1062 325 exercuit.
1124 282 1278 338 Itaque
1299 295 1343 325 et
1364 285 1485 327 lectis
1516 287 1600 328 uti·
1612 293 1692 327 250

153 350 221 383 tur
246 345 385 385 verbis
416 354 458 385 et
490 343 802 399 frequentibus,
826 351 870 383 et
902 340 1129 397 splendore
1160 341 1293 392 vocis,
1315 351 1358 382 et
1387 343 1602 399 dignitate

149 410 294 442 motus
319 403 366 442 fit
388 401 630 458 speciosum
652 411 696 442 et
722 401 900 450 illustre,
922 398 1039 454 quod
1061 397 1246 450 dicitur3
1279 400 1509 455 omniaque
1540 403 1602 444 sic

149 469 401 514 suppetunt,
426 469 470 500 ut
492 460 530 500 ei
554 458 711 499 nullam
735 459 860 499 deese
882 457 1087 497 virtutem
1109 455 1291 497 oratoris
1314 465 1488 511 putem:
1512 472 1601 500 ma-

149 515 351 572 ximeque
373 516 608 557 laudandus
631 525 709 566 est,
733 515 807 571 qui
831 514 914 555 hoc
938 525 1132 570 tempore
1154 514 1264 569 ipse,
1287 513 1436 554 6‘lcum
1459 513 1600 567 liceat,

147 571 188 612 in
223 573 305 615 hoc
326 573 545 615 communi
574 582 741 624 znostro,
765 583 809 614 et
830 572 951 628 quasi
976 571 1095 613 fatali
1126 569 1255 622 malo,
1277 571 1525 611 consoletur
1555 587 1599 614 se

144 645 242 671 cum
266 631 531 672 conscientia
552 630 734 686 optimae
766 631 938 680 mentis,
962 639 1055 670 tum
1083 629 1214 670 etiam
1245 629 1527 684 usurpatione
1555 640 1599 671 et

140 690 421 729 renovatione
453 689 680 729 doctrinae.
743 688 842 730 Vidi
874 688 988 729 enim
1022 686 1251 743 Mytilenis
1282 700 1421 742 nuper
1443 687 1599 739 virum,

141 755 284 799 atque,
303 746 404 786 63ut
425 746 533 796 dixi,
558 746 644 787 vidi
676 746 802 801 plane
825 746 979 786 virum.
1041 744 1196 799 Itaque
1217 758 1318 785 cum
1341 757 1438 785 eum
1471 754 1599 786 antea

139 803 202 842 tui
226 802 405 845 similem
431 804 473 844 in
498 804 682 844 dicendo
704 804 898 854 viderim,
919 813 1010 844 tum
1036 816 1136 843 vero
1157 816 1271 842 nunc
1294 817 1318 842 a
1340 802 1595 844 doctissimo

138 858 245 910 viro,
269 861 451 917 tibique,
475 872 520 902 ut
544 861 753 912 intellexi,
776 860 1055 911 amicissimo,
1079 859 1308 916 CratippO,
1331 859 1592 902 instructum

134 918 251 958 omni
275 919 417 975 copia,
439 919 576 960 multo
602 919 799 960 videbam
828 918 1094 959 similiorem.
1156 916 1245 958 Hic
1270 931 1368 973 ego,
1392 915 1502 968 Etsi,
1525 918 1590 959 in-
1601 922 1676 958 251

132 988 278 1029 quam,
299 977 350 1017 de
373 977 528 1033 optimi
549 976 642 1027 viri,
663 977 875 1032 nobisque
896 974 1146 1017 amicissimi
1169 974 1369 1016 laudibus
1391 974 1591 1020 lubenter

130 1033 274 1084 audio,
310 1044 452 1075 tamen
487 1035 658 1076 incurro
697 1034 738 1075 in
777 1034 1031 1075 memoriam
1063 1032 1361 1074 communium
1395 1033 1589 1075 miseria-

128 1103 238 1141 rum,
269 1107 448 1148 quarum
481 1092 745 1134 oblivionem
777 1106 989 1147 quaerens,
1020 1091 1136 1132 hunc
1167 1090 1309 1146 ipsum
1344 1104 1587 1134 sermonem

126 1149 313 1202 produxi
339 1150 525 1206 longius.
566 1150 649 1191 Sed
672 1150 725 1190 de
748 1149 921 1190 Caesare
943 1149 1072 1205 cupio
1097 1148 1260 1198 audire,
1282 1149 1385 1204 quid
1409 1149 1585 1190 tandem

125 1203 300 1247 Atticus
324 1208 511 1262 judicet.
575 1206 630 1248 Et
666 1207 747 1257 ille,
782 1207 1010 1258 Praeclare,
1040 1207 1197 1262 inquit,
1223 1206 1300 1248 tibi
1324 1216 1513 1257 constas,
1537 1217 1584 1248 ut
1598 1200 1667 1255 72

123 1262 177 1303 de
200 1264 265 1314 iis,
288 1266 360 1320 qui
385 1279 498 1307 nunc
521 1266 621 1315 sint,
644 1264 752 1306 nihil
777 1264 878 1306 velis
904 1266 993 1322 ipse
1016 1265 1183 1306 dicere:
1214 1273 1260 1305 et
1288 1263 1432 1305 hercle
1463 1265 1497 1305 si
1522 1265 1584 1307 sic

123 1334 287 1376 ageres,
320 1333 366 1363 ut
397 1323 449 1364 de
481 1323 532 1364 iis
556 1323 698 1379 egisti,
722 1323 794 1378 qui
822 1322 917 1377 jam
946 1323 1106 1363 mortui
1141 1330 1255 1372 sunt,
1284 1322 1499 1363 neminem
1535 1333 1583 1364 ut

122 1380 499 1433 praetermitteres3
534 1396 599 1422 nae
623 1391 667 1421 tu
692 1381 736 1421 in
770 1379 928 1421 multos
950 1378 1189 1420 Autronios
1211 1389 1254 1420 et
1287 1379 1484 1421 Stalenos
1515 1379 1582 1421 in-

122 1450 326 1478 curreres.
389 1438 536 1485 Quare
571 1438 661 1479 sive
697 1438 808 1479 hanc
841 1439 1011 1479 turbam
1046 1437 1238 1492 effugere
1268 1437 1460 1488 voluisti,
1490 1438 1712 1479 simp-¹82

120 1494 280 1535 veritus
303 1509 362 1546 eS,
384 1510 438 1537 ne
469 1496 565 1553 quis
597 1510 641 1536 se
672 1507 746 1537 aut
777 1496 1062 1552 praeteritum,
1086 1505 1161 1539 aut
1188 1509 1276 1537 non
1303 1494 1407 1535 satis
1431 1495 1579 1536 lauda·
1591 1489 1622 1511 a.

117 1557 209 1591 tum
233 1552 275 1583 64
287 1554 407 1608 queri
432 1562 601 1609 posset:
634 1553 686 1593 de
710 1553 883 1594 Caesare
906 1562 1048 1594 tamen
1082 1552 1262 1609 potuisti
1284 1552 1443 1603 dicere,
1466 1568 1577 1609 prae-

116 1609 263 1650 sertim
285 1626 384 1651 cum
409 1622 451 1652 et
482 1620 602 1652 tuum
627 1611 680 1651 de
712 1611 824 1652 illius
856 1611 1032 1667 ingenio
1054 1610 1331 1650 notissimum
1355 1610 1575 1665 judicium

113 1676 242 1719 esset,
266 1683 343 1710 nec
367 1669 478 1709 illius
501 1669 554 1710 de
577 1678 651 1709 tuo
674 1669 922 1710 obscurum.
967 1668 1050 1709 Sed
1076 1678 1235 1718 tamen,
1261 1667 1410 1719 Brute,
1433 1668 1665 1725 inquit252

114 1721 306 1776 Atticus,
325 1726 378 1767 de
400 1725 572 1768 Caesare
593 1737 635 1767 et
660 1727 751 1782 ipse
776 1727 835 1767 ita
851 1726 1021 1781 judico,
1043 1735 1087 1766 et
1109 1725 1162 1766 de
1185 1725 1269 1766 hoe
1292 1725 1421 1781 hujus
1444 1740 1577 1782 gene-

114 1781 171 1822 ris
205 1784 413 1824 acerrimo
453 1785 717 1825 aestimatore
757 1784 996 1840 saepissime
1037 1783 1183 1833 audio,
1217 1782 1338 1824 illum
1377 1783 1575 1829 omnium

112 1838 202 1880 fere
225 1850 441 1882 oratorum
469 1842 623 1883 Latine
648 1841 763 1898 loqui
789 1841 1123 1898 elegantissime.
1148 1855 1227 1881 nec
1257 1841 1301 1882 id
1335 1840 1472 1883 solum
1497 1842 1575 1884 do-

112 1897 293 1939 mestica
314 1900 642 1950 consuetudine,
666 1910 712 1940 ut
734 1900 896 1940 dudum
920 1899 973 1939 de
998 1899 1231 1940 Laeliorum
1251 1909 1295 1939 et
1317 1898 1573 1941 Muciorum

110 1953 286 1996 familiis
309 1958 604 2007 audiebamus,
628 1958 715 2008 sed,
738 1972 999 2012 quamquam
1016 1957 1056 1997 id
1081 1970 1255 2011 quoque
1277 1956 1406 1997 credo
1424 1956 1572 2009 fuisse,

109 2020 253 2054 tamen
279 2025 325 2055 ut
346 2024 455 2056 esset
479 2015 671 2072 perfecta
693 2015 763 2055 illa
788 2016 895 2056 bene
916 2014 1121 2070 loquendi
1143 2014 1250 2065 laus,
1273 2014 1423 2056 multis
1455 2015 1571 2056 litte-

107 2070 180 2121 ris,
203 2081 246 2111 et
271 2071 321 2112 iis
344 2073 519 2128 quidem
551 2073 786 2113 reconditis
809 2083 852 2114 et
873 2072 1118 2128 exquisitis,
1142 2086 1398 2127 summoque
1419 2073 1565 2114 studio

105 2138 150 2168 et
171 2128 400 2185 diligentia
421 2141 484 2171 est
506 2140 779 2172 consecutus.
842 2130 1112 2181 Quinetiam,
1136 2129 1179 2170 in
1206 2129 1409 2170 maximis
1432 2145 1562 2171 occu·
1574 2140 1651 2176 253

105 2186 372 2242 pationibUS,
395 2203 491 2229 cum
527 2188 579 2229 ad
611 2198 653 2229 te
684 2188 826 2244 ipsum
860 2188 1087 2244 65(inquit,
1110 2187 1153 2227 in
1190 2201 1260 2227 me
1295 2188 1488 2239 intuens)
1509 2189 1563 2229 de

104 2244 271 2285 ratione
305 2245 435 2287 latine
468 2246 670 2302 loquendi
704 2245 1027 2287 accuratissime
1065 2245 1300 2301 scripserit,
1334 2245 1564 2302 primoque

143 2375 183 2405 62
207 2385 281 2405 cnm
299 2375 408 2415 liceat]
435 2375 503 2406 Viri
519 2376 655 2406 doctiin
670 2375 721 2407 his
737 2386 807 2407 ver·
893 2376 936 2407 64
964 2375 1056 2416 queri
1079 2375 1200 2415 posset]
1236 2375 1450 2407 Cori-exeram
1481 2377 1562 2407 olim

101 2415 149 2447 bis
165 2417 300 2455 haesere,
317 2428 377 2448 nec
392 2424 529 2459 potuere
541 2419 714 2460 explicare.
740 2419 806 2450 Ita·
851 2419 1024 2457 vulgatum
1033 2419 1149 2458 possit,
1164 2417 1251 2457 quod
1266 2424 1351 2448 esset
1372 2425 1491 2450 contra
1514 2420 1562 2450 la-

98 2469 160 2498 que
175 2461 225 2490 vel
239 2470 304 2491 esse
325 2461 396 2492 addi
414 2461 558 2498 voluere,
575 2470 612 2491 ut
629 2461 805 2500 Corradus,
850 2462 1033 2492 tinitatem.
1078 2461 1130 2491 Sic
1144 2471 1220 2491 mox
1240 2468 1314 2501 post
1323 2463 1463 2501 potuisti
1476 2463 1560 2492 diee-

98 2501 150 2531 vel
162 2502 269 2542 ipsum
285 2503 420 2534 verbum
438 2505 534 2534 liceat
554 2509 725 2536 tentavere
750 2515 804 2535 va·
847 2513 896 2540 re,
912 2512 975 2540 est,
986 2505 1172 2544 proesertz'm
1197 2509 1407 2541 eum-esset,
1424 2514 1491 2535 non
1505 2507 1559 2536 sit.

97 2543 154 2574 rie.
200 2545 386 2577 Difficultas
421 2547 566 2583 tollitur,
602 2548 630 2576 si
663 2557 730 2579 non
763 2547 804 2578 ad
849 2546 946 2584 Ecce,
962 2547 1008 2577 sic
1024 2547 1059 2576 in
1074 2546 1140 2577 Ms-
1158 2545 1249 2586 regio
1263 2547 1386 2587 reperit
1401 2547 1558 2579 Aleman-

98 2587 245 2626 proxime
264 2589 433 2628 sequentia
457 2590 556 2620 verba
578 2590 730 2626 refertur,
748 2591 803 2619 sed
847 2598 922 2619 nus.

96 2628 139 2658 ad
161 2630 270 2660 studia
292 2632 464 2667 doctrinae,
485 2632 602 2671 quibus
620 2632 803 2663 tractandis
888 2631 929 2662 65
952 2631 1070 2670 inquit,
1094 2631 1130 2662 in
1149 2640 1202 2661 me
1223 2631 1369 2672 intuens]
1398 2630 1480 2663 Haec
1506 2633 1558 2663 in-

94 2671 357 2704 consolationem
382 2675 571 2714 quaerebat3
597 2675 684 2714 quod
699 2676 729 2705 ei
753 2685 804 2705 so-
846 2674 1019 2714 terpositio
1054 2683 1096 2704 ne
1131 2673 1377 2706 haesitationem
1414 2675 1555 2714 adferat,

95 2712 221 2751 litari0‚
244 2721 279 2746 et
301 2716 438 2747 Athenis
461 2718 596 2755 viv-emi,
614 2718 733 2749 licebat
756 2718 803 2748 fa·
846 2716 932 2754 quod
954 2716 1105 2746 videatur
1119 2716 1321 2747 redundare:
1350 2717 1481 2748 Atticus
1506 2718 1553 2747 lo-

95 2765 168 2786 cere
183 2756 252 2787 sine
267 2758 546 2799 interpellatione,
847 2760 960 2798 quitur
975 2758 1028 2789 hic
1041 2769 1115 2789 cum
1132 2758 1257 2789 Bruto:
1283 2769 1358 2790 cum
1370 2759 1492 2798 aliquid
1507 2760 1554 2790 di-

139 2799 179 2829 63
212 2802 250 2830 ut
277 2801 360 2841 dia-i]
397 2802 449 2833 Ne
477 2811 716 2843 supervacuum
745 2807 804 2832 aut
847 2807 937 2832 ceret
952 2801 991 2832 de
1016 2801 1175 2832 Cicerone
1190 2811 1259 2832 non
1271 2802 1487 2839 nominatim,
1510 2802 1558 2834 ad

94 2841 280 2872 tollendum
304 2843 465 2882 videatur,
489 2845 575 2876 refer
595 2846 636 2876 ad
658 2856 709 2883 ea,
727 2855 804 2885 ,quae
847 2848 878 2874 te
914 2846 1023 2884 ipsum
1051 2854 1093 2875 ne
1122 2844 1303 2874 referretur
1329 2844 1372 2876 ad
1393 2845 1554 2886 Brutum,

94 2889 174 2916 aute
189 2884 349 2917 diximus:
373 2889 555 2919 consoletur
568 2898 602 2918 se
617 2889 678 2920 &c.
846 2885 910 2917 hoc
924 2886 1202 2929 interponendum
1216 2890 1300 2918 erat·

772 2930 876 2974 1i4
