1945 3235
280 154 351 190 136
753 148 835 188 DE
865 149 1253 189 INVENTIONE

279 264 366 296 tate
389 253 657 296 narrationis.
717 252 783 296 Ac
806 256 950 297 verbis
976 270 1147 310 quoque
1162 254 1366 297 >dilucidis
1387 254 1706 298 utendum'est:

197 302 260 348 21
280 327 365 368 quo
388 313 439 353 de
463 326 618 368 genere
639 310 869 354 dicendum
888 323 952 353 est
974 313 1018 352 in
1037 313 1264 368 praeceptis
1281 312 1556 354 elocutionis,
1599 312 1706 357 Pro-

283 370 435 411 babilis
457 370 538 411 erit
560 369 761 420 narratio,
785 371 817 410 si
844 370 886 410 in
909 384 959 410 ea
989 369 1250 410 videbuntur
1281 371 1417 411 inesse
1437 383 1501 420 ea,
1523 384 1710 424 quaeso-

280 427 370 469 lent
396 442 599 485 apparere
621 428 665 467 in
699 427 902 478 veritate3
935 427 969 467 si
1004 441 1279 482 personarum
1313 427 1547 483 dignitates
1568 441 1710 468 serva-

282 486 466 536 buntur-3
497 486 530 525 si
561 500 700 525 causae
736 483 949 525 factorum
980 486 1237 534 exstabunt3
1270 484 1302 524 si
1334 483 1465 525 fuisse
1487 483 1713 526 facultates

281 542 472 584 faciundi
511 542 795 592 videbuntur3
828 542 859 581 si
897 550 1065 596 tempus
1099 542 1328 591 idoneum3
1359 542 1392 582 si
1427 541 1553 597 spatii
1583 541 1713 593 satis;

168 606 200 637 r*-
216 599 268 630 ⁴9-
283 600 315 640 si
338 600 455 641 locus
479 609 746 655 opportunus
779 598 830 638 ad
854 599 1032 639 eandem
1055 614 1157 650 rem,
1181 614 1265 654 qua
1298 598 1350 639 de
1381 614 1425 640 re
1454 598 1712 649 narrabitur,

238 649 267 669 δ’
282 657 412 698 fuisse
435 656 710 706 ostendetur3
743 655 775 696 si
799 670 863 696 res
886 665 929 696 et
961 656 1015 696 ad
1044 671 1206 707 eorum,
1230 655 1301 712 qui
1335 665 1480 712 agent,
1501 664 1715 705 naturam,

282 725 326 755 et
346 717 385 746 ⁰²3
397 714 450 755 ad
484 713 809 768 vulgi-morem,
840 724 883 754 et
914 713 966 754 ad
998 728 1159 765 eorum,
1189 714 1316 769 tuqui
1350 714 1541 764 audient,
1573 711 1715 769 opini-

284 785 410 812 onem
433 770 848 811 accommodabitur.
905 770 970 811 Ac
1002 771 1090 812 veri
1111 771 1286 826 quidem
1317 770 1466 812 similis
1487 785 1541 813 ex
1563 770 1631 811 his
1647 784 1726 813 rae

223 835 274 868 30
287 828 475 869 tionibus
509 842 599 868 esse
632 829 804 883 poterit.
876 827 986 869 Illud
1019 837 1162 869 autem
1204 826 1410 884 praeterea
1449 827 1720 869 considerare

286 885 518 941 oportebit,
542 900 594 925 ne
616 894 704 935 aut,
727 900 826 926 cum
857 886 972 926 obsit
992 886 1194 936 narratio,
1217 890 1292 926 aut
1321 900 1420 927 cum
1441 885 1549 926 nihil
1571 884 1724 941 prosit,

285 945 325 973 65³
339 952 482 983 tamen
506 943 828 997 interponatur3
861 955 935 983 aut
964 957 1050 983 non
1084 943 1193 992 loco,
1215 951 1291 984 aut
1319 958 1422 993 non,
1442 941 1723 998 quemadmo-

286 1000 387 1040 dum
410 1014 538 1040 causa
569 999 771 1054 postulat,
802 1012 1012 1040 narretur.
1075 999 1214 1041 Obest
1235 1009 1340 1051 tum,
1371 1014 1470 1041 cum
1502 1000 1636 1056 ipsius
1661 998 1723 1040 rei

287 1068 420 1112 gesta:
455 1057 673 1112 expositio
707 1071 906 1113 magnam
937 1057 1103 1112 excipit
1124 1056 1422 1107 offensionem,
1444 1072 1574 1112 quam
1594 1070 1723 1113 argu-

284 1113 533 1164 mentando,
555 1123 597 1154 et
611 1129 783 1155 causam
806 1115 974 1171 agendo
988 1114 1109 1155 leniri
1124 1114 1358 1170 oportebit.
1390 1114 1521 1161 Quod
1542 1128 1642 1156 cum
1655 1127 1726 1156 ac-

272 1171 453 1222 -ciderit,
477 1172 751 1212 membratim
773 1172 992 1228 oportebit
1015 1181 1155 1228 partes
1178 1173 1237 1212 rei
1261 1181 1393 1228 gestae
1413 1171 1658 1228 dispergere
1679 1170 1726 1211 in

286 1243 474 1279 causam,
489 1238 533 1268 et
555 1229 607 1269 ad
628 1244 975 1285 unamquamque
997 1229 1224 1271 confestim
1250 1230 1460 1271 rationem
1481 1242 1727 1275 accormno-

286 1285 402 1336 dare,
425 1295 472 1326 ut
495 1286 658 1326 vulneri
682 1296 841 1343 praesto
864 1287 1228 1328 medicamentum
1251 1287 1320 1338 sit,
1343 1297 1387 1328 et
1408 1286 1557 1328 odium
1579 1285 1728 1329 statim

287 1341 481 1383 defensio
505 1344 692 1399 mitiget.
756 1343 878 1385 Nihil
911 1345 1085 1401 prodest
1116 1344 1306 1385 narratio
1340 1354 1457 1395 tunc,
1480 1359 1580 1385 cum
1601 1343 1737 1386 fflaut

288 1400 342 1440 ab
374 1400 628 1441 adversariis
659 1415 705 1441 re
723 1402 938 1457 exposita,
961 1410 1109 1443 nostra
1130 1401 1239 1443 nihil
1261 1402 1453 1453 interest,
1476 1402 1632 1442 iterum
1653 1407 1729 1441 aut

287 1456 373 1497 alio
397 1458 526 1499 modo
550 1472 744 1499 narrare:
777 1469 852 1500 aut
873 1474 972 1500 cum
995 1460 1050 1500 ab
1073 1459 1140 1510 iis,
1163 1459 1236 1514 qui
1259 1459 1454 1510 audiunt,
1478 1459 1541 1500 ita
1559 1466 1731 1499 tenetur

287 1515 529 1569 negotium,
566 1525 613 1556 ut
651 1524 797 1556 nostra
835 1516 944 1557 nihil
976 1517 1145 1557 intersit
1177 1531 1250 1557 eos
1283 1516 1366 1557 alio
1399 1525 1528 1572 pacto
1562 1515 1731 1557 docere.

293 1571 424 1617 Quod
448 1587 547 1612 cum
570 1573 793 1624 acciderit,
809 1574 986 1615 omnino
1007 1573 1252 1615 narratione
1267 1573 1630 1629 supersedendum
1651 1581 1732 1613 est.

292 1628 395 1669 Non
419 1629 516 1670 loco
539 1630 714 1681 dicitur,
730 1645 837 1672 eum
859 1646 946 1672 non
969 1632 1013 1672 in
1036 1646 1086 1672 ea
1108 1641 1229 1687 parte
1250 1630 1457 1672 orationis
1480 1629 1733 1681 collocatur,

257 1711 262 1714 -
290 1686 337 1726 in
370 1701 456 1740 qua
486 1700 549 1728 res
582 1687 794 1743 postulat:
829 1704 915 1744 quo
946 1689 999 1730 de
1031 1703 1185 1745 genere
1218 1703 1396 1745 agemus
1427 1697 1534 1738 tum,
1556 1702 1655 1728 cum
1682 1686 1737 1727 de

293 1743 578 1798 dispositione
601 1745 818 1798 dicemus3
844 1761 949 1787 nam
980 1745 1065 1787 hoc
1095 1746 1148 1786 ad
1181 1746 1510 1802 dispositionem
1533 1744 1734 1800 pertinet.

297 1800 399 1841 Non
432 1802 796 1855 quemadmodum
827 1818 956 1844 causa
985 1803 1189 1859 postulat,
1211 1812 1421 1854 narratur,
1444 1816 1544 1843 cum
1573 1809 1659 1842 aut.
1677 1801 1756 1853 id,-

295 1858 410 1913 quod
427 1858 670 1900 adversario
687 1860 874 1915 prodest,
888 1861 1074 1902 dilucide
1093 1869 1136 1901 et
1157 1870 1307 1902 ornate
1326 1859 1574 1916 exponitur,
1597 1867 1673 1900 aut
1692 1857 1737 1900 id

293 1915 410 1970 quod
433 1915 576 1972 ipsum
596 1916 789 1971 adjuvat,
802 1918 984 1959 obscure
1012 1918 1185 1970 dicitur,
1206 1926 1249 1959 et
1269 1918 1553 1974 negligenter.
1577 1916 1738 1967 Quare,

294 1981 343 2013 ut
365 1972 448 2013 hoc
472 1973 625 2014 vitium
649 1974 822 2026 vitetur,
836 1976 983 2016 omnia
1005 1976 1243 2031 torquenda
1264 1984 1364 2016 sunt
1385 1974 1439 2016 ad
1460 1973 1738 2014 commodum

247 2047 252 2056 ¹
296 2044 385 2070 suae
406 2045 562 2082 causae‚
581 2033 813 2083 contraria,
835 2047 931 2087 quae
947 2033 1156 2087 praeteriri
1179 2040 1397 2089 poterunt,
1410 2029 1737 2087 praetereund03

296 2101 395 2141 quae
430 2087 542 2127 illius
581 2098 720 2139 erunt,
744 2089 893 2130 leviter
923 2090 1194 2145 attingendo,
1217 2104 1292 2130 sua
1321 2089 1552 2144 diligenter
1572 2096 1617 2127 et
1633 2101 1737 2127 eno-

297 2143 396 2184 date
423 2146 649 2186 narrando.
708 2145 774 2186 Ac
797 2146 849 2187 de
871 2147 1115 2187 narratione
1147 2146 1321 2202 quidem
1349 2146 1451 2186 satis
1485 2144 1651 2186 dictum
1672 2144 1737 2185 vi-·

297 2200 448 2242 detur:
480 2201 682 2257 deinceps
705 2203 758 2243 ad
781 2203 1057 2259 partitionem
1081 2213 1360 2245 transeamus.

214 2254 281 2301 22
359 2257 498 2300 Recte
526 2258 676 2300 habita
705 2261 750 2300 in
781 2275 910 2301 causa
938 2261 1129 2317 partitio,
1164 2261 1372 2302 illustrem
1400 2268 1445 2301 et
1465 2257 1739 2316 perspicuam

338 2388 380 2418 63
406 2388 462 2418 Ad
485 2390 580 2427 vulgi
607 2389 755 2430 moretm]
797 2390 849 2421 Sic
877 2390 995 2422 Lamb.
1039 2391 1236 2430 Hereuml,
1252 2396 1283 2427 9.

297 2429 399 2460 edidit
418 2440 477 2471 pro
503 2441 684 2465 rumorenc5
709 2433 744 2462 in
765 2432 830 2463 Ms.
855 2433 924 2464 Erf.
949 2443 998 2464 re·
1083 2434 1125 2465 64
1151 2433 1222 2475 ,Qui
1247 2434 1408 2474 audient]
1433 2433 1486 2464 Sic
1510 2430 1595 2462 edidi
1620 2441 1638 2462 e
1659 2431 1740 2462 Mss.

299 2480 444 2512 per-tum,
472 2475 594 2514 recepit
621 2474 787 2505 Graevius:
819 2476 999 2515 consentit·
1043 2477 1104 2507 Gu.
1119 2483 1154 2506 et
1176 2476 1247 2507 edd.
1264 2487 1310 2517 pr.
1334 2481 1372 2507 ut
1393 2475 1508 2507 similis
1526 2474 1644 2505 saltem
1657 2480 1742 2504 esset

299 2524 361 2553 que
390 2515 578 2546 Victorinus
598 2522 631 2546 ct
659 2516 723 2546 Ms.
745 2518 806 2547 Gu.
830 2520 859 2549 52.
883 2518 1000 2549 manus

299 2566 363 2587 sec.
380 2566 479 2596 supra
493 2558 661 2599 adscripsit
688 2569 740 2588 ru.
788 2560 831 2590 Et
845 2569 999 2599 sequutus

299 2607 373 2629 sum
402 2609 477 2628 cum
514 2600 623 2639 aliqua
657 2601 877 2637 haesstafione,
915 2604 1001 2641 quod

300 2641 401 2671 etiam
423 2641 557 2680 vulgata
572 2652 702 2673 sensum
718 2644 929 2674 commodum
943 2644 1000 2675 ba-

300 2683 369 2719 bet,
385 2684 566 2723 praesertim
580 2694 654 2715 cum
670 2685 708 2715 de
721 2686 816 2716 factis
825 2696 932 2716 sermo
946 2687 1000 2724 sit,

301 2724 389 2755 etde
413 2724 525 2764 vulgo,
548 2727 639 2765 eujus
667 2727 871 2758 sermonibus
888 2729 1003 2768 utique

302 2776 336 2796 se
349 2768 644 2798 accommodabant
653 2769 686 2799 in
699 2770 836 2800 dicendo
848 2776 1003 2801 orator-ps.

303 2809 365 2839 Sed
379 2809 514 2839 sustulit
529 2811 732 2850 scrupulum,
750 2812 836 2851 quod
857 2813 1005 2853 magistri

305 2852 384 2881 artis
399 2851 433 2881 in
447 2852 679 2891 probabilitate
701 2853 770 2883 haec
786 2856 1006 2895 conjungunt,

1044 2519 1165 2549 oratio:
1201 2520 1255 2559 qui
1291 2522 1404 2559 agent,
1433 2517 1486 2557 qui
1514 2516 1658 2547 audient.
1708 2516 1742 2546 Si

1044 2562 1113 2601 quis
1129 2567 1242 2592 tamen
1260 2561 1357 2592 malit
1369 2560 1522 2597 audiunt,
1543 2558 1630 2589 idem
1641 2558 1743 2589 faeiat

1043 2612 1174 2639 mour,
1189 2608 1228 2633 ut
1250 2603 1341 2634 dedit
1354 2602 1467 2632 Aldus.
1651 2619 1653 2623 -

1085 2647 1126 2676 65
1142 2646 1267 2676 Tamen
1280 2642 1534 2684 interponatur]
1558 2642 1678 2683 Recepi
1693 2646 1744 2673 ta-

1045 2697 1118 2718 men
1144 2697 1202 2728 pro
1225 2693 1315 2725 tunc,
1340 2697 1358 2717 e
1388 2686 1468 2717 Mss.
1490 2685 1592 2716 Gron.
1615 2685 1680 2715 Gu.
1708 2688 1744 2715 et

1047 2731 1136 2760 Cass.
1151 2730 1236 2769 quod
1249 2735 1284 2760 et
1298 2729 1446 2760 Graevins
1459 2727 1601 2758 volebat.

1089 2773 1130 2804 66
1152 2773 1221 2803 Aut
1234 2773 1275 2802 ab
1296 2770 1520 2812 adversariis]
1545 2767 1744 2801 Aut-addidi

1048 2825 1087 2844 ex
1107 2815 1187 2845 Mss.
1210 2814 1295 2852 aliis,
1310 2814 1373 2845 Gu.
1392 2816 1418 2844 1.
1442 2814 1530 2843 Cass
1553 2818 1587 2843 et
1609 2811 1679 2842 edd.
1693 2819 1744 2851 pr.

1050 2866 1151 2897 usque
1179 2856 1220 2888 ad
1246 2856 1386 2895 Aldum3
1425 2855 1653 2894 consentitque
1679 2853 1745 2885 for-

304 2898 478 2932 naturam,
502 2904 624 2926 morem
646 2900 680 2928 et
703 2897 897 2937 opinionem,
912 2903 950 2929 ut
969 2898 1010 2930 ad
1053 2899 1153 2930 mula:
1164 2900 1200 2931 in
1213 2899 1265 2930 his
1279 2897 1513 2930 Ciceronianae.
