1945 3235
585 131 772 171 LIBER
806 129 1075 169 TERTIUS.
1473 133 1549 170 429

106 237 234 280 nenia
247 239 395 281 solitus
415 237 654 279 esthabere
668 234 825 285 fistula,
839 234 913 288 qui
928 242 1058 274 staret
1075 232 1243 274 occulte
1268 243 1367 290 post
1391 236 1547 292 ipsum,

108 310 212 337 cum
236 298 578 346 concionaretur,
601 294 790 350 peritum
814 291 1049 342 hominem,
1071 290 1144 344 qui
1167 291 1337 332 inflaret
1356 294 1550 334 celeriter

109 367 212 395 eum
235 369 400 405 sonum,
423 368 509 409 quo
544 352 662 393 illum
696 359 770 392 aut
800 348 1024 390 remissum
1055 346 1282 398 excitaret,
1305 359 1379 389 aut
1401 365 1425 389 a
1446 365 1550 391 con-

110 413 305 453 tentione
338 420 572 452 revocaret.
632 406 792 450 Audivi
824 404 1082 454 mehercule,
1108 404 1249 458 inquit
1283 404 1478 455 Catulus,
1505 416 1550 447 ct

111 483 228 525 saepe
252 483 345 510 sum
367 468 600 510 admiratus
633 464 821 506 hominis
843 478 941 504 cum
979 462 1266 518 diligentiam,
1293 470 1385 501 tum
1418 464 1548 504 ctiam

110 525 352 567 doctrinam
382 534 425 566 et
457 523 696 565 scientiam.
750 524 810 551 10⁰
825 519 920 576 Ego
952 534 1068 570 vero,
1102 519 1243 574 inquit
1276 518 1469 569 Crassus,
1500 535 1548 560 ac
1561 530 1638 565 <326

109 583 236 624 doleo
258 583 446 638 quidem,
471 581 564 621 illos
587 580 700 620 viros
723 578 767 619 in
789 591 884 618 eam
918 576 1111 618 fraudem
1142 578 1185 618 in
1216 576 1439 632 republica
1459 591 1550 617 esse

108 640 328 696 delapsos:
359 651 619 694 quamquam
639 651 690 678 ea
717 636 802 677 tela
832 634 1016 686 texitur,
1038 644 1081 675 et
1103 648 1152 675 ea
1174 635 1379 675 incitatur
1412 634 1455 675 in
1490 635 1552 675 ci-

108 698 242 738 vitate
263 696 372 737 ratio
405 695 593 746 vivendi,
615 709 665 735 ac
697 693 939 750 posteritati
963 692 1218 742 ostenditur,
1249 702 1297 732 ut
1318 705 1468 732 eorum
1491 692 1553 732 ci-

108 754 242 805 vium,
264 768 371 809 quos
399 753 536 793 nostri
573 761 715 808 patres
739 765 827 792 non
861 749 1065 799 tulerunt,
1083 749 1177 804 jam
1207 748 1366 789 similes
1394 749 1553 789 habere

107 811 347 867 cupiamus,
409 809 559 862 Mitte,
591 811 785 856 obsecro,
822 808 978 863 inquit,
1013 806 1180 858 Crasse,
1211 805 1368 858 Julius,
1393 821 1552 848 sermo-

108 882 207 909 nem
230 869 375 920 istum,
400 877 443 908 et
467 877 509 909 te
527 867 579 908 ad
602 865 790 909 Gracchi
815 864 1003 906 fistulam
1025 864 1159 906 refer:
1192 863 1315 919 cujus
1338 878 1420 919 ego
1443 879 1552 905 non-

104 925 206 966 dum
229 925 353 982 plane
376 926 588 967 rationem
606 924 817 980 intelligo.
879 922 930 963 In
953 922 1072 963 omni
1103 935 1224 973 voce,
1254 921 1396 977 inquit
1425 905 1632 963 Cras-61

106 998 192 1035 SuS,
219 986 353 1024 101est
386 983 603 1039 quoddam
633 981 837 1032 medium,
866 980 939 1021 sed
973 994 1098 1021 suum
1130 979 1285 1034 cuique
1316 979 1429 1020 voci.
1450 979 1643 1024 hincm?

107 1040 321 1096 gradatim
344 1040 573 1082 ascendere
598 1054 748 1081 vocem
767 1038 871 1079 utile
890 1047 934 1078 et
964 1051 1094 1078 suave
1115 1046 1194 1077 est.
1257 1036 1298 1077 N
1304 1051 1371 1077 am
1394 1052 1418 1077 a
1437 1037 1554 1093 prin-

106 1098 222 1154 cipio
242 1098 440 1150 clamare,
459 1107 628 1154 agreste
649 1096 853 1152 quiddam
877 1105 956 1146 est,
984 1097 1094 1134 1052et
1115 1094 1229 1134 idem
1261 1093 1365 1134 illud
1396 1095 1449 1136 ad
1481 1094 1554 1135 fir-

104 1155 309 1197 mandam
331 1165 396 1196 est
419 1170 568 1197 vocem
588 1154 784 1196 salutare.
847 1152 1019 1194 Deinde
1040 1161 1105 1193 est
1126 1152 1343 1206 quoddam
1376 1161 1555 1193 conten-

107 1213 239 1254 tionis
261 1222 520 1264 extremum,
543 1212 678 1268 (quod
712 1223 855 1252 tamen
889 1210 1067 1251 interius
1096 1220 1176 1260 est,
1199 1224 1328 1264 quam
1357 1210 1555 1250 acutissi-

105 1276 201 1311 mus
224 1270 421 1322 clamor‚)
449 1273 506 1302 103
520 1285 606 1325 quo
628 1279 668 1310 te
690 1268 830 1309 fistula
851 1267 1053 1325 progredi
1076 1281 1163 1308 non
1187 1267 1313 1316 siuet,
1337 1276 1379 1306 et
1412 1276 1555 1308 tamen

108 1329 163 1369 ab
178 1328 270 1384 ipsa
292 1328 571 1369 contentione
593 1326 830 1368 revocabit.
873 1325 951 1366 Est
973 1325 1076 1366 item
1096 1334 1247 1366 contra
1269 1324 1487 1378 quoddam
1512 1325 1556 1365 in

106 1386 358 1426 remissione
387 1386 706 1441 gravissimum,
738 1398 911 1440 quoque
942 1392 1147 1437 tanquam
1177 1396 1380 1422 sonorum
1413 1383 1558 1438 gradi·

106 1442 187 1491 bus
205 1443 492 1484 descenditur.
555 1442 668 1484 Haec
694 1442 890 1491 varietas,
913 1450 957 1481 et
975 1440 1046 1480 hic
1066 1455 1140 1496 per
1157 1454 1305 1480 omnes
1329 1454 1456 1480 sonos
1482 1455 1556 1481 vo-

107 1500 169 1541 c'is
191 1515 354 1551 cursuS,
372 1510 416 1541 et
433 1515 476 1541 se
490 1500 696 1551 tuebitur,
718 1508 762 1540 et
779 1499 941 1540 actioni
965 1497 1114 1539 afferet
1136 1497 1409 1538 suavitatem.
1472 1497 1556 1539 Sed

106 1557 388 1599 fistulatorem
413 1558 531 1599 domi
553 1557 819 1611 relinquetis,
845 1558 905 1587 1⁰4
920 1569 1091 1596 sensum
1124 1554 1195 1610 huj
1206 1569 1251 1595 us
1274 1555 1553 1597 consuetudi·

106 1615 184 1666 nis,
200 1617 424 1657 vobiscum
446 1616 499 1656 ad
523 1614 665 1656 forum
687 1614 905 1655 deferetis.

167 1672 311 1723 Edidi,
333 1688 430 1728 quae
454 1672 592 1729 potui,
625 1686 712 1712 non
745 1680 792 1712 ut
826 1669 956 1721 volui,
986 1670 1059 1711 sed
1090 1678 1137 1710 ut
1161 1685 1228 1711 ine
1251 1670 1456 1726 temporis
1479 1685 1553 1711 an·
1566 1674 1598 1706 b.

108 1731 264 1785 gustiae
295 1731 550 1786 cobgerunt.
610 1729 778 1771 Scitum
818 1736 883 1768 est
915 1727 1045 1779 enim,
1070 1737 1242 1768 causam
1278 1727 1475 1769 conferre
1508 1729 1552 1770 in
1565 1721 1643 1756 2⁶33

108 1797 294 1844 tempus,
316 1802 415 1829 cum
437 1787 588 1829 afferre
607 1787 742 1844 plura,
776 1786 810 1827 si
835 1785 1000 1842 cupiaS,
1030 1800 1116 1826 non
1139 1800 1285 1841 queas.
1344 1784 1410 1827 Tu
1435 1800 1552 1838 vero,

154 1954 213 1983 100
236 1946 313 1991 Ego
334 1952 423 1993 vero]
460 1952 480 1984 i.
506 1956 541 1983 et
566 1952 633 1993 ipse
666 1950 810 1983 admiror

107 1996 180 2035 ejus
202 1995 406 2034 diligentiam
430 2000 465 2025 et
493 1995 691 2026 doctrinam.
720 2004 809 2030 mox,

109 2046 148 2067 σα
172 2038 334 2067 incitatur
358 2039 445 2068 racio
473 2039 614 2075 vivendi,
639 2037 735 2073 facile
761 2041 811 2067 est

108 2080 271 2119 corrigere
285 2080 493 2118 instituitur3
517 2080 572 2111 scd
587 2082 746 2111 incitatur
761 2085 811 2110 est

108 2122 240 2159 fortius,
255 2129 289 2152 et
310 2122 435 2153 indicat
453 2123 552 2154 simul
574 2123 712 2154 celerem
737 2132 810 2163 pro-

111 2175 257 2205 gressum
270 2165 365 2195 istius
378 2165 489 2196 moris.

154 2210 209 2238 101
234 2212 281 2237 est
295 2208 456 2247 quoddam
472 2208 630 2248 medium]
656 2209 709 2239 Sic
725 2211 812 2239 recte

108 2250 159 2281 ed.
190 2250 243 2280 W.
269 2256 308 2280 ut
329 2254 403 2290 post
427 2252 588 2290 quoddam
616 2256 812 2281 extremum.

109 2292 208 2332 Vulg.
232 2293 399 2331 quiddam.
412 2293 452 2323 de
465 2304 529 2333 quo
544 2304 643 2334 supra
656 2293 808 2324 diximus,

157 2337 214 2366 10⁶2
235 2339 267 2364 et
280 2336 365 2365 idem
377 2336 463 2366 illud
473 2336 739 2378 adfirmandum
764 2339 810 2365 est

109 2388 215 2408 vocem
231 2377 308 2417 sah]
336 2378 444 2408 Primo
459 2378 544 2409 idem
559 2379 644 2408 illud
654 2388 713 2418 pro
727 2377 813 2408 illud

111 2421 196 2451 idem.
218 2419 365 2450 dedimus
385 2431 425 2451 cx
447 2420 519 2451 edd.
544 2430 593 2461 pr.
617 2420 732 2450 deinde
741 2420 812 2460 fir-

110 2464 266 2494 madum
283 2473 322 2492 ex
335 2463 387 2493 ed.
402 2463 456 2493 W.
473 2463 562 2493 Med.
576 2463 649 2493 Asc.
670 2466 696 2493 1.
719 2462 808 2503 Lips.

113 2514 170 2545 pro
199 2505 288 2545 vulg.
303 2505 532 2546 firmandum,
566 2505 654 2544 quod
683 2510 734 2535 est
770 2505 810 2536 ab

113 2547 209 2585 Amo,
223 2553 258 2578 et
270 2549 344 2579 ferri
359 2554 480 2588 posset,
496 2550 521 2579 si
534 2553 702 2578 constaret
714 2557 782 2578 esse
793 2558 811 2577 e

113 2589 206 2620 bonis
221 2590 322 2621 fibris.
339 2600 415 2621 nam
437 2591 545 2622 forma
559 2590 629 2621 haec
646 2589 811 2629 loquendi,

113 2633 379 2673 adfirmandum
393 2644 513 2670 vocem,
535 2639 574 2663 ut
588 2631 670 2663 illud
691 2633 734 2663 sit
756 2641 811 2672 ge—

115 2675 281 2711 rundium,
299 2685 366 2705 non
385 2676 484 2707 semel
500 2686 552 2716 ap.
569 2676 761 2707 Ciceronem
777 2678 812 2704 et

113 2717 194 2748 alios
215 2719 367 2748 occurrit.
386 2728 415 2749 v.
431 2718 601 2750 Drakenb.
617 2717 656 2748 ad
670 2718 740 2748 Liv.
752 2717 812 2753 VI,

114 2762 169 2790 35.
211 2759 271 2789 Ed.
286 2770 312 2791 s.
325 2760 348 2791 1.
364 2765 399 2790 et
413 2771 442 2791 a.
459 2761 559 2792 habet
570 2760 814 2801 qffi'rmandum

111 2806 160 2832 cst
175 2812 246 2832 voce
258 2803 412 2833 salutari.
437 2803 576 2834 Videtur
583 2804 660 2833 darc
672 2802 812 2832 voluisse

113 2850 230 2876 auctor
240 2845 311 2884 ejus
319 2845 579 2885 adfirmandum
591 2850 637 2875 est
650 2845 813 2876 vocis-alu-

112 2891 204 2918 mne:
229 2897 304 2927 quae
325 2887 422 2920 lectio
442 2893 525 2920 esset
546 2887 638 2920 valde
665 2888 751 2919 bona
779 2892 813 2918 et

853 1950 950 1991 plane
964 1950 1189 1981 Ciceroniana.
1233 1949 1303 1980 Nos
1319 1951 1482 1990 optimum
1499 1949 1558 1980 du-

853 1994 959 2023 ximus
976 1992 1152 2023 lectionem
1175 1992 1437 2031 antiquissimam
1454 1994 1557 2032 sequi,

853 2039 925 2076 quae
939 2040 989 2066 est
1005 2035 1106 2066 etiam
1121 2036 1156 2065 in
1169 2035 1234 2065 ΜΞ.
1250 2035 1287 2064 Ε.

901 2081 957 2108 103
980 2088 1040 2118 quo
1055 2082 1085 2107 te
1091 2078 1226 2120 fistula]
1248 2076 1416 2116 Intellige,
1432 2077 1472 2108 ad
1490 2077 1557 2108 cla-

853 2131 980 2152 morem
994 2121 1235 2151 acutissimum:
1262 2129 1339 2150 nam
1362 2120 1400 2149 de
1416 2126 1556 2150 conten-

853 2164 944 2195 tione
973 2168 1058 2203 post.
1113 2163 1267 2193 Ceterum
1305 2163 1438 2201 negatio
1475 2163 1556 2194 mihi

854 2207 963 2237 aliena
977 2211 1075 2245 atque
1097 2205 1235 2235 delenda
1256 2204 1397 2235 videtur:
1426 2215 1502 2235 nam
1518 2217 1557 2236 ea

855 2248 1011 2288 frigidum
1032 2253 1066 2278 et
1095 2247 1239 2278 alienum
1266 2247 1346 2277 facit
1373 2248 1407 2277 τὸ
1434 2252 1556 2278 tamen.

853 2302 941 2327 nam,
955 2292 1001 2321 acl
1013 2291 1239 2320 acutissimum
1253 2291 1430 2320 clamorem
1444 2295 1556 2329 lepro-

849 2334 945 2373 gredc'
961 2343 1023 2363 non
1036 2334 1131 2369 siuet,
1141 2338 1187 2369 et,
1202 2333 1242 2362 ab
1255 2334 1453 2362 contentione
1469 2343 1557 2362 revo-

852 2377 951 2413 cabit,
967 2383 1045 2406 sunt
1060 2385 1164 2405 uuum
1188 2375 1352 2413 idemque:
1377 2375 1432 2405 scd
1448 2375 1556 2405 deleta

855 2419 1030 2458 negatione
1045 2418 1156 2447 onmia
1171 2417 1253 2447 bene
1268 2426 1302 2446 se
1324 2417 1464 2447 habent:
1496 2428 1557 2456 quo

852 2461 921 2501 tes.
940 2460 1097 2500 progredi
1111 2461 1205 2495 sinet,
1222 2461 1243 2489 i.
1258 2470 1287 2489 e.
1305 2459 1345 2489 ad
1356 2459 1437 2490 illud
1449 2466 1556 2490 extre·

854 2514 945 2536 mum
969 2501 1206 2533 contendendae
1221 2502 1320 2537 voci&
1335 2506 1366 2531 et
1380 2507 1491 2532 tamen
1507 2511 1556 2532 re-

853 2547 977 2577 vocabit
1001 2555 1022 2575 a
1045 2546 1257 2581 contentione,
1282 2554 1324 2574 ne
1345 2544 1386 2574 ad
1407 2545 1557 2575 acutissi«

855 2600 946 2620 mum
972 2586 1150 2618 clamorem
1173 2588 1293 2617 venias.
1338 2587 1478 2628 Decepit
1499 2588 1558 2617 ho-

853 2633 970 2668 mines,
987 2636 1025 2660 ut
1038 2639 1134 2670 saepc,
1151 2628 1236 2669 quod
1257 2629 1467 2669 parenthesin
1491 2640 1557 2659 nou

855 2674 1020 2709 videbant,
1037 2682 1134 2712 quani
1150 2682 1208 2702 nos
1230 2672 1442 2711 signavimus,
1459 2679 1496 2702 ut
1512 2674 1556 2702 l'a-

855 2716 949 2747 cilius
964 2716 1199 2746 observaretur.

905 2761 962 2789 104
983 2767 1109 2788 sensum
1127 2756 1225 2798 hujus
1239 2756 1285 2795 cz]
1312 2756 1393 2787 Edd.
1418 2765 1465 2796 pr.
1488 2766 1557 2786 sen-

853 2812 909 2832 sus
921 2814 929 2830 :
962 2801 1050 2840 quod
1075 2800 1215 2832 correxit
1248 2800 1281 2830 in
1305 2799 1474 2838 vulgatum
1504 2798 1558 2828 At-

855 2844 925 2877 duS.
941 2844 1034 2874 bene.
