1914 3220
322 154 355 187 x
805 132 1257 189 PRAEFATIO.

317 272 480 324 etiam
510 272 708 344 ingenii
748 273 1004 343 quaedam
1047 272 1101 324 in
1142 289 1207 324 eo
1245 277 1301 324 et
1334 270 1594 323 doctrina:
1623 284 1743 342 pars

315 364 413 419 est,
442 358 805 429 conjecturam
827 357 988 428 vulgo
1006 374 1112 408 non
1137 356 1276 408 bene
1294 364 1515 408 vocant:
1560 354 1746 411 Enim-

314 458 440 493 vero
467 440 552 494 hic
584 459 691 493 non
709 459 922 511 semper
940 441 1254 511 conjectura
1270 457 1349 491 res
1372 440 1575 510 agitur:
1618 457 1745 492 nam

315 543 381 578 ea
419 526 474 578 iu
513 525 690 577 dubiis
720 525 876 577 rebus
917 524 1081 575 modo
1120 523 1300 575 locum
1332 523 1512 585 habet,
1553 532 1746 593 estque

317 610 641 680 plerumque
693 609 927 661 incerta:
988 608 1079 660 sed
1131 626 1277 678 saepe
1329 608 1493 660 etiam
1533 608 1745 679 judicio

317 702 481 756 certo,
505 692 652 762 quod
683 694 735 745 in
762 691 1106 746 emendando
1127 692 1280 761 sequi
1306 690 1534 744 Criticus
1563 692 1744 753 debet,

315 787 379 831 ut
419 796 565 847 saepe
604 787 658 830 et
699 797 730 829 a
779 777 960 828 multis
990 776 1198 828 factum
1241 786 1339 838 est,
1367 776 1544 829 invitis
1573 793 1745 846 quan-

318 882 486 932 quam
515 880 659 932 saepe
688 881 794 914 non
824 860 950 912 satis
980 860 1136 929 hujus
1164 860 1289 912 artis
1319 860 1516 931 peritis.
1576 860 1745 919 Nam,

318 965 444 1017 quae
484 946 785 999 secundum
832 963 922 997 eas
974 946 1224 1006 rationes,
1267 962 1402 1014 quas
1455 962 1620 1016 supra
1657 962 1747 997 ex-

317 1031 655 1102 plicavimus,
688 1028 974 1081 manifeste
1011 1037 1136 1081 sunt
1179 1029 1386 1090 vitiosa,
1422 1047 1488 1081 ea
1523 1029 1746 1099 quidem

316 1116 481 1168 etiam
509 1114 622 1167 sine
658 1114 801 1167 libris
841 1112 1102 1184 corrigere
1140 1113 1499 1165 necessarium
1528 1121 1748 1174 est‚‘nec

317 1200 675 1260 committere,
710 1208 772 1251 ut
810 1198 941 1250 vitia
978 1198 1353 1267 relinquantur
1388 1197 1443 1249 in
1474 1195 1748 1250 Ciceronis

316 1285 577 1346 oratione,
605 1301 730 1354 quae
757 1283 811 1335 in
839 1283 1030 1335 nostris
1057 1282 1384 1352 eloquentiae
1412 1281 1594 1334 latinae
1627 1281 1750 1334 tiro-

316 1370 476 1423 nibus
523 1386 685 1421 nemo
727 1368 853 1420 satis
902 1367 1068 1419 latine
1109 1367 1303 1419 doctus
1346 1366 1511 1419 ferat:
1572 1367 1750 1437 cujus-

316 1454 466 1508 modi
496 1453 653 1524 plura
686 1472 783 1506 nos
812 1451 1239 1513 emen(lavi1nuS‚
1268 1459 1330 1503 ut
1370 1451 1425 1502 in
1460 1451 1575 1502 aliis
1602 1451 1746 1503 libris

318 1538 579 1609 antiquiS,
606 1537 681 1589 sic
708 1537 762 1589 in
793 1534 1070 1589 Cicerone.
1149 1535 1339 1605 Atque
1366 1553 1463 1606 pro
1490 1552 1555 1587 eo
1581 1535 1746 1588 etiarn

318 1641 399 1675 res
417 1622 674 1693 loquitur.
731 1620 882 1673 Nam
905 1621 1055 1691 quod
1078 1620 1133 1672 in
1155 1620 1269 1672 aliis
1297 1620 1646 1690 scriptoribus
1674 1620 1749 1672 la-

319 1707 444 1761 tinis
473 1725 618 1778 saepe
639 1705 794 1758 nobis
819 1724 921 1758 usu
947 1705 1113 1768 venit,
1142 1713 1220 1767 ut,
1249 1723 1374 1775 quae
1397 1704 1466 1757 de
1493 1704 1587 1758 tali
1606 1704 1752 1777 judi-

320 1793 406 1845 cio
422 1791 853 1852 correxissemUS,
871 1807 937 1842 ea
957 1789 1155 1842 deinde
1180 1789 1235 1841 in
1254 1790 1399 1842 libris
1419 1789 1503 1842 vel
1524 1789 1753 1860 scriptiS‚

320 1877 403 1929 vel
430 1876 559 1929 olim
586 1875 762 1937 editis,
782 1874 1152 1945 reperiremuS,
1180 1873 1236 1926 id
1263 1873 1563 1926 sexcenties
1588 1873 1643 1925 in
1666 1871 1754 1926 Ci-

320 1960 619 2023 ceronianis
647 1959 890 2030 contigit.
972 1958 1176 2020 Quare,
1199 1958 1348 2028 quod
1371 1958 1424 2009 in
1458 1958 1644 2028 aliquo
1667 1975 1756 2029 ge-

320 2064 446 2099 nere
485 2053 600 2097 tam
641 2062 786 2115 saepe
824 2043 1098 2096 firmatum
1141 2050 1222 2095 est
1262 2042 1421 2104 libris,
1463 2061 1572 2094 non
1609 2041 1754 2095 idem

321 2130 489 2182 etiam
507 2130 620 2182 sine
640 2128 784 2180 libris
813 2138 958 2180 recte
985 2128 1080 2179 fiat
1105 2127 1158 2178 in
1174 2126 1411 2178 eodem?
1487 2125 1666 2179 Statui
1682 2127 1759 2177 la·-

321 2215 592 2267 tinitatem
623 2232 801 2266 veram
832 2213 1106 2283 postulare
1145 2230 1245 2263 non
1272 2212 1446 2273 habet),
1474 2213 1611 2281 quod
1635 2212 1760 2263 scri-

324 2301 454 2362 bam,
473 2318 580 2351 non
599 2300 726 2369 quid
746 2299 993 2350 scribam:
1035 2296 1090 2348 id
1114 2296 1333 2366 triginta
1359 2314 1407 2346 v.
1429 2313 1475 2347 c.
1494 2296 1758 2367 exemplis

321 2385 596 2437 firmatum
619 2402 650 2435 a
667 2383 812 2435 libris
831 2381 1015 2443 habui,
1033 2381 1088 2432 in
1108 2381 1307 2451 quibus
1327 2381 1464 2451 quod
1480 2387 1636 2443 esset,
1663 2380 1760 2432 ubi

266 2463 269 2466 ⁴
324 2469 412 2521 alii
441 2470 569 2539 quid
609 2468 887 2520 haberent.
967 2464 1099 2517 Non
1137 2483 1264 2536 ergo
1305 2464 1606 2517 necessario
1647 2482 1762 2516 cor-

324 2554 494 2623 rigam
525 2570 589 2604 ac
617 2552 738 2622 jure
774 2552 829 2603 in
869 2550 1123 2620 exemplo
1160 2549 1336 2620 primo
1375 2556 1431 2602 et
1466 2548 1759 2618 trigesim0‚

325 2636 535 2689 etiamsi
574 2636 722 2687 nullo
763 2634 817 2686 in
847 2635 952 2687 alio
991 2634 1126 2686 libro
1166 2632 1490 2704 repererim?
1530 2631 1620 2684 De
1648 2649 1762 2702 qua

325 2739 379 2772 re
407 2720 635 2791 egregie,
665 2726 720 2771 et
758 2719 921 2790 plane
948 2737 1013 2770 ex
1046 2727 1228 2770 mente
1256 2725 1439 2769 nostra
1466 2716 1639 2787 reperi
1666 2734 1766 2768 nu-

327 2823 422 2875 per
445 2803 853 2875 praecipientem
882 2803 1158 2865 Fa'firmcm‚
1181 2819 1304 2854 cum
1335 2801 1450 2873 ejus
1471 2800 1766 2854 editionem
