1945 3235
736 117 1013 159 BRUTUS.
1523 120 1601 165 Ι483

146 239 279 282 quam
310 228 350 258 48
364 232 408 266 et
439 238 493 266 ex
528 221 640 264 facie
671 231 715 264 et
746 236 802 264 ex
835 222 958 264 vultu
988 221 1229 272 videbatur,
1262 235 1342 264 nec
1375 221 1600 264 abundans

147 283 305 334 verbis,
327 283 406 324 etsi
439 281 614 322 fallebat
646 280 692 322 in
723 295 774 321 eo
797 281 917 336 ipso:
951 278 1013 319 sic
1044 278 1295 329 intervallis,
1317 280 1600 321 exclamatio·

144 341 288 392 nibus,
314 356 419 382 voce
450 339 569 380 suavi
591 348 635 380 et
657 353 828 387 canora,
849 341 891 372 49
904 336 1157 378 admirando
1186 336 1406 387 irridebat,
1429 337 1599 379 calebat

144 398 189 440 in
222 399 407 455 agendo,
442 407 488 438 ut
519 411 583 447 ea,
612 411 709 452 quae
746 396 937 445 deerant,
971 409 1057 435 non
1095 394 1451 435 desiderarentur.
1513 394 1596 446 Ita,

144 466 350 512 tanquam
376 455 509 497 Curio
531 455 659 510 copia
687 452 892 494 nonnulla
923 453 1166 502 verborum,
1198 450 1316 491 nullo
1347 449 1431 491 alio
1465 452 1594 504 bono,

143 515 282 555 tenuit
304 523 523 555 oratorum
554 511 722 552 locum:
756 510 817 552 sic
841 509 923 551 Cn.
951 510 1156 551 Lentulus
1189 519 1427 550 ceterarum
1461 509 1682 549 virtu-235

143 582 236 613 tum
259 571 429 613 dicendi
452 568 795 610 mediocritatem
818 568 990 610 actione
1012 567 1262 618 occultavit,
1282 566 1325 607 in
1347 579 1432 622 qua
1452 566 1597 607 excel-

139 629 232 671 lens
264 629 360 670 fuit.
422 628 575 682 Neque
608 627 744 668 multo
775 641 896 667 secus
932 625 981 667 P.
1008 625 1230 677 Lentulus,
1253 624 1375 679 cujus
1399 633 1442 664 et
1463 638 1595 664 exco-

135 686 309 744 gitandi
332 696 373 726 et
396 684 600 740 loquendi
625 685 873 725 tarditatem
898 684 1073 741 tegebat
1096 684 1246 724 formae
1269 682 1475 739 dignitaS‚
1498 696 1595 722 cor-

140 745 257 801 poris
292 753 432 784 motus
466 742 615 798 plenus
637 753 680 783 et
711 743 813 783 artis
836 752 879 783 et
911 742 1163 792 venustatis,
1186 741 1304 781 vocis
1328 749 1370 780 et
1402 739 1593 780 suavitas

137 812 182 843 et
203 800 475 857 magnitudo.
499 800 561 841 sic
583 801 626 841 in
650 800 733 842 hoc
760 799 867 841 nihil
899 809 1056 856 praeter
1086 799 1303 839 actionem
1327 797 1425 848 fuit,
1447 806 1591 838 cetera

136 859 269 900 etiam
302 858 482 909 minora,
515 873 645 914 quam
677 859 718 900 in
750 858 982 914 superiore.
1044 856 1113 898 Μ.
1138 856 1240 897 Piso
1270 855 1480 911 quidquid
1514 839 1673 901 ᾔει-67

136 917 246 968 buit,
270 916 425 957 habuit
445 932 499 957 ex
522 917 765 973 disciplina,
786 916 1061 971 maximeque
1079 930 1134 956 ex
1156 914 1374 964 omnibus,
1393 913 1466 968 qui
1490 918 1680 954 ante236

134 974 326 1025 fuerunt,
357 974 526 1016 Graecis
557 974 765 1016 doctrinis
797 974 989 1015 eruditus
1022 973 1119 1014 fuit.
1182 971 1354 1014 Habuit
1384 986 1408 1012 a
1437 980 1592 1012 natura

133 1047 273 1089 genus
315 1033 534 1087 quoddam
576 1032 802 1083 acuminis,
844 1033 979 1088 (quod
1022 1032 1152 1072 etiarn
1199 1039 1290 1070 arte
1332 1029 1591 1080 limaverat,)

134 1093 176 1121 50
189 1091 305 1146 quod
334 1100 427 1131 erat
457 1091 500 1131 in
533 1090 895 1147 reprehendendis
931 1089 1070 1131 verbis
1105 1100 1322 1129 versutum
1357 1096 1400 1128 et
1431 1086 1593 1139 sollers,

134 1149 209 1190 sed
241 1163 356 1204 saepe
390 1149 729 1200 stomachosum,
761 1162 1086 1204 nonnumquam
1118 1146 1343 1202 frigidum,
1375 1145 1592 1186 interdum

134 1207 266 1248 etiam
288 1206 493 1247 facetum.
538 1205 580 1248 Is
604 1206 810 1257 laborem,
833 1207 954 1262 quasi
978 1220 1152 1247 cursum
1175 1204 1404 1253 forensem,
1427 1202 1591 1244 diutius

132 1279 221 1306 non
253 1264 366 1316 tulit,
397 1264 512 1320 quod
545 1276 588 1305 et
618 1280 798 1321 corpore
833 1274 924 1305 erat
960 1263 1148 1315 infirmo,
1184 1273 1228 1303 et
1261 1261 1486 1303 hominum
1523 1260 1589 1301 in-

132 1323 271 1378 eptias
293 1337 343 1364 ac
366 1323 586 1373 stultitias,
609 1338 706 1378 quae
730 1322 989 1364 devoranda:
1016 1322 1139 1362 nobis
1164 1328 1278 1370 sunt,
1299 1334 1383 1360 non
1405 1317 1632 1370 ferebat,h-

133 1380 467 1436 iracundiusque
501 1382 746 1437 respuebat,
780 1380 870 1422 sive
910 1394 1094 1430 morose,
1132 1388 1180 1419 ut
1213 1379 1463 1434 putabatur,
1498 1377 1589 1417 sive

132 1438 324 1495 ingenuo
352 1437 574 1495 liberoque
604 1438 794 1480 fastidio.
859 1438 900 1479 Is
926 1453 1023 1480 cuin
1058 1437 1160 1478 satis
1195 1436 1412 1477 floruisset
1444 1434 1590 1475 adole-

129 1510 269 1547 scens,
301 1497 443 1538 minor
475 1496 621 1538 haberi
647 1507 714 1537 est
744 1506 918 1552 coeptus
952 1505 1115 1553 postea.
1147 1494 1302 1536 deinde
1325 1496 1430 1534 5¹ex
1456 1492 1590 1549 virgi-

130 1568 235 1595 num
251 1555 422 1611 judicio
446 1570 648 1611 magnam
671 1555 840 1596 laudem
863 1564 928 1595 est
955 1554 1153 1610 adeptus,
1175 1562 1218 1594 et
1241 1566 1293 1592 ex
1318 1565 1369 1592 eo
1393 1560 1591 1607 tempore

129 1615 251 1667 quasi
288 1623 512 1656 revocatus
547 1614 591 1653 in
630 1628 817 1663 cursum,
853 1612 993 1654 tenuit
1026 1612 1168 1653 locum
1211 1620 1299 1651 tam
1333 1609 1422 1659 diu,
1456 1623 1587 1664 quam

128 1669 240 1711 ferre
273 1671 415 1726 potuit
444 1670 660 1714 laborem:
694 1683 859 1728 postea,
881 1680 1091 1727 quantum
1123 1668 1315 1710 detraxit
1337 1682 1391 1708 ex
1424 1667 1584 1719 studio,

129 1737 299 1769 tantum
331 1729 476 1769 amisit
510 1744 565 1769 ex
605 1730 757 1786 gloria.
820 1729 870 1771 P.
902 1729 1107 1770 Muraena
1145 1727 1352 1768 mediocri
1390 1724 1674 1783 ingenio,237

128 1786 202 1827 sed
223 1800 382 1842 magno
405 1787 548 1829 studio
571 1802 711 1829 rerum
737 1797 942 1840 veterum,
965 1787 1204 1828 litterarum
1227 1794 1271 1826 et
1301 1785 1518 1826 studiosus
1540 1794 1584 1826 et

127 1858 215 1884 non
240 1843 479 1900 imperituS,
502 1845 649 1887 multae
682 1846 905 1887 industriae
930 1856 973 1887 et
1005 1845 1152 1901 magni
1185 1843 1345 1885 laboris
1369 1842 1468 1884 fuit.
1530 1841 1584 1884 C.

128 1900 392 1943 Censorinus
417 1902 584 1944 Graecis
618 1903 771 1945 litteris
803 1904 905 1945 satis
935 1904 1104 1954 doctus,
1137 1901 1252 1958 quod
1285 1910 1586 1957 proposuerat,

124 1959 348 2016 explicans
371 1961 589 2017 expedite,
613 1977 700 2003 non
733 1963 986 2004 invenustus
1018 1970 1153 2011 actor,
1178 1960 1250 2001 sed
1278 1959 1405 2010 iners,
1427 1969 1471 1999 et
1502 1958 1586 1999 ini-

125 2017 263 2059 micus
297 2016 396 2059 fori.
460 2019 508 2060 L.
541 2019 697 2061 Turius
731 2035 864 2077 parvo
900 2019 1093 2077 ingenio,
1131 2019 1205 2060 sed
1245 2017 1382 2059 multo
1419 2017 1583 2070 labore,

877 2136 1070 2168 Ciceronem
1107 2135 1235 2167 relativi
1272 2135 1506 2171 amantiorem,
1543 2136 1584 2164 ut

875 2181 952 2211 infr.
974 2191 1002 2211 c.
1027 2183 1079 2213 91.
1101 2181 1294 2221 quibuscum
1314 2179 1488 2209 exercebar
1506 2178 1585 2217 ipsis

875 2224 1068 2256 libentibus;
1093 2232 1232 2264 quorum
1251 2222 1403 2262 princeps
1424 2225 1497 2251 erat
1521 2221 1581 2252 ἂρ.

875 2266 1033 2297 Ceterum
1061 2267 1095 2296 in
1123 2266 1184 2296 hac
1212 2264 1354 2296 lectione
1378 2264 1475 2294 verba
1499 2263 1586 2303 quod

873 2309 973 2340 etiam
988 2313 1062 2339 urle
1076 2310 1252 2339 limaverat
1265 2311 1343 2337 sunt
1358 2307 1391 2336 in
1406 2306 1584 2347 parenthe-

872 2352 910 2382 sis
955 2351 1018 2383 Sed
1032 2351 1144 2382 malim
1161 2352 1246 2392 quod
1258 2349 1370 2381 deleri.

165 2138 206 2167 48
216 2138 247 2167 el
261 2135 400 2176 exfacz'e
411 2141 441 2167 et
451 2147 491 2167 esc
503 2139 599 2168 vultu
611 2136 689 2177 vid]
709 2136 832 2168 Simili-

123 2183 175 2209 ter
189 2179 273 2210 infra
289 2190 316 2209 c.
335 2180 386 2210 68.
403 2179 442 2210 de
458 2180 495 2211 C.
511 2177 639 2211 Pisone.

165 2224 206 2257 49
242 2221 440 2252 admirando
466 2223 641 2262 irridebat]
682 2222 755 2252 Hoc
781 2226 830 2252 est

123 2264 194 2295 sine
221 2264 322 2294 dubio
350 2266 503 2296 vitiosum
519 2277 528 2303 3
560 2266 657 2306 idque
684 2265 831 2296 suboluit

122 2307 282 2338 Corrado.
297 2317 372 2338 nam
396 2318 462 2338 non
478 2308 577 2339 habet
593 2318 725 2338 sensum
740 2318 829 2338 com-

123 2349 259 2381 modum
283 2356 318 2381 et
343 2356 469 2392 aptum.
496 2351 688 2391 *Quomodo
709 2350 829 2390 corrigi

122 2391 252 2429 debeat,
291 2403 357 2423 non
389 2403 448 2434 pro
477 2399 568 2424 certo
602 2394 728 2424 dicam:
767 2394 828 2424 nisi

120 2435 206 2474 quod
222 2436 345 2476 aliquid
367 2446 436 2467 esse
452 2436 561 2473 debet,
578 2436 662 2476 quod
680 2436 720 2466 ad
734 2436 829 2466 dicti-

121 2486 220 2508 onem
243 2479 419 2519 pertineat.
466 2479 629 2511 Corradus
654 2480 828 2519 conjungit

119 2520 347 2566 cic-calebat,
364 2528 474 2553 cetera
488 2523 523 2553 in
539 2521 727 2562 parenthesi
743 2522 828 2552 acei-

121 2570 182 2602 plt.
226 2563 405 2595 Lambinus
421 2575 504 2596 corr.
523 2565 733 2601 admirando,
748 2565 826 2594 irri-

121 2605 393 2646 dendo—agendo
412 2608 549 2648 denique
568 2608 701 2638 latebat.
746 2606 825 2638 Non

119 2647 270 2688 displicet
303 2650 512 2688 admirando,
553 2648 734 2686 irride-ndo,
771 2649 826 2680 sed

120 2699 179 2729 pro
195 2692 322 2722 calebat
336 2693 444 2732 legam
460 2695 603 2731 valebat,
619 2693 706 2734 quod
721 2692 827 2723 omni-

121 2732 180 2762 bus
195 2735 361 2765 convenit.

135 2817 142 2823 ⁶
161 2778 201 2807 50
225 2777 309 2815 quod
328 2778 450 2808 eratin
464 2778 608 2819 repr-elz]
635 2778 751 2809 Paullo
766 2778 826 2808 du-

117 2826 184 2847 nus
197 2823 247 2848 est
261 2820 355 2859 quod,
371 2821 446 2860 quia
459 2821 544 2852 idem
562 2822 696 2857 verbum
710 2821 824 2851 statim

120 2861 298 2900 praecessit.
342 2863 405 2894 Sed
420 2868 498 2895 sunt
516 2865 638 2896 similia
653 2865 726 2896 loca
739 2864 828 2905 apud

916 2397 953 2425 51
979 2405 1019 2425 ευ·
1032 2392 1352 2434 virginum-judicio]
1378 2391 1461 2432 Quae
1471 2395 1581 2430 erant,

873 2437 944 2478 ipso
958 2437 1168 2474 defendente,
1184 2436 1345 2466 absolutae
1360 2435 1503 2465 incestus
1518 2435 1582 2465 cri-

872 2481 972 2510 mine.
1019 2480 1150 2510 Mentio
1173 2479 1217 2509 rei
1243 2478 1345 2509 etiam
1367 2477 1467 2508 Catil.
1491 2480 1524 2511 3,
1547 2480 1579 2509 4.

870 2523 926 2553 sed
940 2523 1115 2553 difficultas
1131 2521 1240 2561 aliqua
1255 2526 1305 2551 est
1319 2521 1353 2551 in
1369 2530 1408 2550 ea
1420 2529 1464 2550 re.
1500 2520 1582 2551 Non

869 2565 934 2596 huc
958 2564 1121 2596 trahenda
1141 2563 1268 2603 judicia
1294 2562 1514 2603 singularum,
1542 2568 1582 2596 ut

870 2607 991 2645 Fabiae,
1001 2609 1101 2647 juxta
1112 2608 1230 2637 Ascon.
1242 2606 1282 2636 ad
1292 2604 1360 2637 Cic.
1372 2605 1395 2636 l.
1407 2615 1436 2636 c.
1447 2611 1486 2636 ut
1498 2606 1582 2638 bene

870 2652 1001 2681 monuit
1024 2651 1190 2687 Muretus,
1217 2650 1272 2680 sed
1297 2647 1444 2688 plurium
1467 2648 1579 2682 simul.

869 2693 908 2723 de
923 2693 1124 2734 quohjudicio
1140 2697 1190 2724 est
1203 2703 1257 2733 ap.
1276 2690 1446 2722 Plutarch.
1457 2692 1492 2722 in
1504 2693 1579 2724 Cat.

867 2746 901 2776 p.
917 2736 991 2770 763.
1006 2736 1063 2766 ubi
1082 2741 1117 2766 et
1132 2736 1216 2768 Cato
1235 2733 1311 2765 inde
1328 2743 1483 2774 magnam
1508 2736 1579 2775 glo-

870 2779 952 2808 riam
967 2783 1163 2809 consecutus
1180 2777 1311 2808 dicitur.
1343 2776 1489 2817 Scilicet,
1504 2778 1577 2818 plu-

870 2830 920 2852 res
935 2831 1008 2853 eam
1023 2830 1157 2853 causam
1169 2825 1323 2862 egerunt.

792 2906 905 2950 xia
