1945 3235
687 105 944 146 TOPICA.
1469 109 1546 150 579

98 204 252 262 Itaque
275 222 434 265 genera
455 208 535 250 tibi
557 216 662 251 nota
683 210 793 252 sint:
826 210 900 251 ubi
929 217 1070 250 autem
1094 208 1161 250 his
1185 218 1318 262 utare,
1341 212 1545 267 quaestio-

93 277 168 304 nes
191 265 297 322 ipsae
320 276 363 308 te
385 267 695 308 admonebunt.
755 268 866 309 Sunt
887 267 1002 307 enim
1025 266 1342 318 similitudines,
1366 284 1462 324 quae
1487 284 1539 310 ex
1556 278 1606 311 -1‘2

93 321 289 377 pluribus
322 323 626 366 collationibus
662 325 918 380 perveniunt
951 338 1037 378 quo
1070 323 1236 374 volunt,
1269 325 1350 366 hoc
1385 327 1541 368 modo:

94 378 140 419 Si
165 389 283 422 tutor
304 381 433 423 fidem
456 391 660 438 praestarc
681 382 824 431 debet,
847 381 881 422 si
908 381 1065 431 socius,
1089 381 1137 431 si,
1161 381 1230 421 cui
1253 383 1484 435 mandaris,
1508 385 1543 424 si

93 437 167 491 qui
191 438 394 480 fiduciam
425 439 664 494 acceperit:
697 438 826 478 debet
856 438 985 479 etiam
1018 448 1285 494 procurator.
1349 439 1460 480 Haec
1487 455 1542 482 ex

90 493 286 548 pluribus
322 497 573 552 perveniens
605 510 690 550 quo
723 495 829 546 vult,
863 495 1103 552 appellatur
1141 495 1360 536 inductio:
1392 499 1540 551 45quae

91 564 235 606 graeee
256 558 414 603 ἐπαγωγὴ
436 553 708 605 nominatur3
743 568 828 608 qua
851 554 1083 609 plurimum
1106 562 1170 593 est
1193 568 1291 593 usus
1316 553 1357 592 in
1382 568 1541 594 sermo-

89 609 218 650 nibus
243 610 454 651 Socrates.
515 609 712 651 Alterum
737 611 1029 652 similitudinis
1051 625 1186 666 genus
1209 609 1440 652 collatione
1472 626 1538 651 su-
1552 620 1601 652 43

90 666 237 718 mitur,
260 682 356 708 cum
391 681 476 707 una
506 682 570 708 res
605 669 692 718 uni,
726 684 802 724 par
835 669 923 724 pari
952 678 1241 723 comparatur,
1273 667 1356 708 hoc
1386 668 1539 710 modo:

92 723 487 776 Quemadmodum,
512 726 544 765 si
569 725 611 765 in
636 728 741 767 urbe
767 726 819 766 de
841 726 999 766 finibus
1022 725 1317 766 controversia
1337 735 1415 775 est,
1438 726 1541 781 quia

89 780 195 820 fines
220 782 358 837 magis
391 796 593 838 agrorum
619 784 818 825 videntur
839 797 944 834 esse,
966 797 1094 838 quam
1127 782 1261 832 urbis,
1284 781 1441 823 finibus
1475 798 1539 823 re-

83 838 241 893 gundis
273 840 447 895 adigere
477 841 686 882 arbitrum
717 855 805 882 non
836 841 998 896 possis:
1032 840 1108 891 sic,
1132 840 1166 880 si
1189 854 1301 894 aqua
1323 840 1469 895 pluvia
1492 842 1537 882 in

83 896 190 936 urbe
211 907 353 948 nocet,
376 899 582 952 quoniam
604 913 669 940 res
692 908 785 940 tota
805 899 945 954 magis
967 912 1169 954 agrorum
1190 907 1269 947 est,
1293 912 1415 954 aquae
1440 897 1535 953 plu-

81 952 165 993 viae
188 954 386 995 arcendae
407 954 581 1011 adigere
604 972 691 997 non
715 955 852 1013 possis
876 955 1100 996 arbitrum.
1146 954 1213 996 Ex
1240 955 1392 995 eodem
1416 955 1595 996 simi-:14

82 1008 277 1052 litudinis
308 1011 404 1053 loco
428 1013 558 1053 etiam
587 1013 787 1070 exempla
818 1022 1059 1064 sumuntur,
1092 1021 1141 1053 ut
1163 1012 1343 1053 Crassus
1376 1012 1419 1053 in
1445 1011 1534 1054 Cu-

82 1067 204 1109 riana
229 1083 358 1110 causa
379 1070 589 1127 exemplis
621 1071 816 1128 plurimis
850 1086 947 1112 usus
971 1081 1050 1122 est,
1079 1070 1121 1101 46
1135 1084 1266 1127 agens
1288 1070 1342 1111 de
1372 1085 1438 1121 eo,
1461 1071 1535 1126 qui

81 1133 342 1168 testamento
361 1127 421 1168 sic
441 1127 637 1170 heredem
653 1128 925 1179 instituisset,
944 1140 1006 1179 ut,
1024 1128 1058 1168 si
1082 1127 1194 1169 filius
1211 1136 1336 1168 natus
1356 1139 1468 1168 esset
1490 1129 1535 1170 in

80 1182 228 1224 decem
250 1185 485 1237 mensibus,
509 1185 628 1241 isque
657 1196 853 1228 mortuus
885 1186 1017 1242 prius,
1039 1183 1168 1240 quam
1201 1185 1245 1225 in
1277 1200 1398 1226 suam
1421 1195 1535 1227 tute-

78 1238 163 1281 lam
187 1243 396 1295 venisset3
429 1244 639 1285 secundus
661 1244 784 1285 heres
817 1243 1101 1285 hereditatem
1123 1243 1354 1284 obtineret.
1419 1244 1531 1290 Quae

76 1301 434 1341 commemoratio
467 1302 764 1358 exemplorum
798 1301 956 1354 valuit3
988 1314 1123 1356 eaque
1157 1315 1231 1342 vos
1269 1300 1313 1340 in
1352 1315 1531 1357 respou—

75 1355 218 1397 dendo
242 1358 303 1398 uti
328 1357 514 1399 multum
540 1359 700 1411 soletis.
764 1359 888 1400 Ficta
909 1359 1037 1400 etiam
1061 1357 1261 1414 exempla
1283 1357 1591 1406 similitudi-45

74 1413 142 1454 nis
175 1413 336 1456 habent
366 1415 479 1457 vim:
513 1416 585 1457 sed
609 1431 660 1458 ea
681 1417 871 1458 oratoria
900 1416 1039 1472 magis
1072 1425 1185 1466 sunt,
1208 1429 1339 1470 quam
1362 1425 1526 1458 vestra:

74 1484 335 1527 quamquam
370 1473 434 1513 uti
466 1473 598 1515 etiam
631 1489 708 1516 vos
748 1474 909 1526 soletis,
948 1473 1022 1515 sed
1057 1473 1143 1514 hoc
1183 1473 1336 1514 modo:
1390 1472 1528 1530 Finge
1542 1484 1572 1516 b.

72 1529 293 1586 mancipio
315 1529 502 1587 aliquem
525 1531 692 1573 dedisse
725 1532 782 1584 id,
804 1531 920 1587 quod
944 1531 1162 1587 mancipio
1185 1531 1276 1571 dari
1308 1545 1396 1572 non
1430 1541 1531 1587 pot-

73 1594 152 1626 est.
183 1602 288 1628 num
319 1587 483 1629 idcirco
507 1589 550 1630 id
574 1589 667 1645 ejus
695 1588 859 1631 factum
881 1598 960 1641 est,
982 1589 1056 1644 qui
1089 1588 1285 1644 accepit?
1317 1596 1393 1628 aut
1423 1603 1528 1631 num

72 1642 123 1693 iS‚
146 1644 221 1698 qui
251 1645 471 1702 mancipio
493 1646 627 1699 dedit,
648 1649 688 1682 47
703 1648 760 1689 ob
782 1662 877 1688 eam
910 1661 997 1688 rem
1031 1661 1075 1687 se
1106 1645 1192 1686 ulla
1218 1660 1262 1686 re
1284 1645 1528 1701 obligavit?

73 1698 125 1740 Iu
156 1702 241 1743 hoc
271 1717 428 1758 genere
459 1705 701 1746 oratoribus
731 1716 775 1746 et
806 1704 1076 1761 philosophis
1099 1717 1353 1745 concessum
1376 1713 1455 1755 est,
1479 1715 1527 1745 ut

70 1768 193 1800 muta
216 1761 347 1802 etiam
378 1760 623 1817 loquantur,
649 1771 695 1804 ut
725 1762 885 1804 mortui
916 1763 971 1803 ab
995 1762 1142 1803 inferis
1166 1761 1427 1812 excitentur,
1451 1772 1526 1803 aut

69 1815 247 1871 aliquid,
279 1818 394 1873 quod
423 1819 515 1860 fieri
547 1819 664 1861 nullo
686 1821 817 1862 modo
850 1820 1002 1876 possit,
1034 1819 1244 1875 augendae
1277 1818 1336 1858 rei
1369 1819 1524 1875 gratia,

69 1872 252 1926 dicatur,
284 1885 359 1917 aut
388 1877 650 1928 minuendae,
669 1881 710 1910 48
725 1893 822 1934 quae
854 1877 1093 1934 hyperbole
1115 1877 1288 1927 dicitur,
1311 1886 1356 1916 et
1386 1876 1524 1919 multa

68 1931 285 1973 mirabilia
305 1933 402 1975 alia.
441 1934 525 1976 Sed
548 1934 673 1976 latior
695 1946 759 1977 est
780 1950 959 1991 campus
983 1935 1167 1976 illorum.
1192 1933 1352 1974 eisdem
1379 1943 1523 1976 tamen

66 2002 122 2029 ex
155 1988 260 2031 locis
282 1995 351 2045 (ut
380 2001 481 2033 ante
507 1992 620 2041 dixi)
641 2002 685 2034 et
716 1994 759 2035 in
791 1992 1008 2045 maximis,
1031 2003 1075 2033 et
1105 1992 1149 2033 in
1179 1991 1373 2032 minimis
1401 2006 1521 2047 quae-

66 2045 280 2088 stionibus
302 2059 558 2105 argumenta
578 2051 809 2092 ducuntur.

125 2104 329 2161 Sequitur
359 2106 682 2149 similitudinem
706 2107 951 2150 differentia
981 2107 1055 2159 rei,
1087 2107 1278 2149 maxime
1301 2107 1515 2148 contraria
1536 2103 1598 2152 ll

66 2164 300 2217 superiori:
346 2165 419 2206 sed
456 2174 520 2206 est
557 2164 765 2221 ejusdem,
799 2165 1006 2207 dissimile
1044 2174 1088 2206 et
1125 2164 1263 2205 simile
1306 2165 1513 2206 invenire.
1530 2175 1579 2208 46

104 2278 145 2307 45
168 2287 238 2317 quae
257 2288 364 2317 groeee
388 2280 536 2320 ἐπαγωγὴ
550 2280 597 2320 n.]
624 2281 676 2311 Sic
698 2283 767 2312 ausi

64 2328 176 2349 sumus
203 2322 377 2352 rescribere
400 2333 460 2363 pro
487 2323 622 2363 vulgato
648 2336 766 2367 παραγ.

63 2366 102 2392 ut
116 2361 290 2394 Turnebus
305 2370 337 2394 et
355 2364 471 2396 Lamb.
490 2366 634 2396 voluere.
679 2367 767 2397 Nam

63 2414 114 2445 ap.
124 2405 337 2437 Aristotelem
349 2407 465 2448 Topic.
477 2408 505 2445 l,
523 2411 572 2439 152.
587 2413 620 2438 et
634 2409 768 2450 Analfl.

62 2448 162 2487 prior.
184 2448 230 2485 ΙΙ,
247 2450 298 2479 523.
317 2451 374 2481 &eu
398 2451 432 2480 in
448 2451 600 2481 omnibus
615 2451 706 2482 libris
720 2453 765 2482 sic

62 2496 113 2519 est
134 2497 338 2528 constanter,
359 2503 529 2532 nunquam
552 2505 670 2537 παραγ.
693 2504 765 2534 quae

63 2530 186 2564 dicitur
214 2533 249 2564 in
276 2539 406 2574 partem
443 2536 652 2574 deteriorem,
689 2546 764 2566 cum

61 2574 204 2614 aliquem
229 2575 262 2606 iu
277 2577 425 2608 fraudem
449 2579 644 2609 inducimus.
687 2578 766 2609 Non

62 2617 210 2656 profecto
235 2620 346 2658 potuit
360 2621 475 2651 Cicero
497 2621 561 2651 alio
584 2621 682 2651 verbo
700 2621 764 2659 uti,

61 2669 160 2699 quam
174 2665 260 2692 esset
275 2662 309 2692 in
322 2662 508 2694 Aristotelis
522 2664 665 2705 Topicis.

104 2703 147 2732 46
168 2713 272 2734 aerem
293 2705 333 2734 de
349 2705 397 2745 eo]
422 2706 523 2737 Abest
545 2706 607 2736 hoc
630 2706 671 2736 ab
693 2705 764 2737 edd.

61 2743 142 2775 Ven.
155 2745 241 2776 Med.
252 2745 326 2776 ΑΜ.
350 2747 428 2777 Mox
439 2753 472 2779 et
482 2749 642 2779 secundus
652 2750 742 2779 heres
755 2761 764 2778 .-

62 2787 118 2817 ned
144 2797 203 2827 pro
229 2789 415 2820 obtinuisset
444 2792 624 2822 necessario
651 2791 763 2831 scripsi

60 2830 226 2861 obtineret.
271 2831 324 2861 Sic
345 2832 462 2863 habuit
478 2834 652 2866 manifeste
677 2833 711 2864 in
726 2833 765 2863 li-

61 2871 117 2902 bro
141 2882 200 2903 nuo
223 2873 406 2905 Boethius:
437 2885 516 2907 nam
541 2886 600 2918 pro
623 2887 662 2907 eo
684 2875 766 2907 dicit

810 2280 969 2311 secundus
984 2281 1074 2310 heres
1086 2278 1280 2310 succederet.

852 2326 892 2357 47
916 2324 952 2353 ob
965 2333 1039 2352 eam
1059 2332 1128 2352 rem
1144 2332 1176 2352 se
1197 2323 1269 2351 ulla
1282 2331 1320 2351 re
1340 2321 1512 2363 obligavit]

811 2366 873 2397 int.
900 2371 939 2395 ut
969 2365 1167 2395 evictionem
1193 2370 1349 2403 praestare
1387 2370 1517 2395 tenere-

811 2414 877 2438 tur.
922 2407 1050 2448 Nempe
1066 2407 1143 2446 quia
1158 2416 1220 2442 res,
1236 2415 1333 2445 quam
1350 2407 1515 2447 mancipio

809 2450 912 2486 dedit,
929 2459 996 2480 non
1012 2455 1084 2479 erat
1098 2450 1131 2479 in
1146 2449 1241 2478 rebus
1257 2449 1413 2488 mancipi,
1432 2450 1515 2480 obli.

809 2493 898 2532 gatio
920 2493 1008 2522 illius
1022 2490 1219 2522 venditionis
1242 2490 1351 2521 locum
1369 2500 1436 2521 non
1457 2491 1515 2523 lia-

811 2536 875 2566 bet.

849 2580 891 2609 48
914 2586 984 2617 quoe
998 2575 1166 2615 hyperbole
1179 2574 1315 2613 dieitur]
1336 2574 1399 2604 Ms.
1414 2573 1514 2607 habet

807 2621 944 2660 quod—
953 2628 1060 2658 groece
1089 2617 1222 2647 dicitur.
1250 2627 1322 2655 quae
1349 2618 1514 2657 scriptura

808 2664 921 2693 onmia
935 2661 1008 2692 loca
1021 2665 1172 2700 suspecta
1186 2659 1277 2696 facit,
1292 2664 1351 2690 aut
1371 2660 1441 2690 vitii
1462 2670 1514 2691 ar-

809 2705 893 2745 guit,
909 2706 941 2734 in
958 2704 1074 2743 quibus
1089 2701 1203 2732 similis
1224 2702 1332 2732 forma
1345 2708 1407 2738 est,
1424 2707 1463 2731 ut
1479 2703 1513 2732 in

808 2758 857 2778 or.
884 2750 932 2778 ll.
955 2747 1040 2786 quod
1058 2744 1222 2788 χαρακτὴρ
1244 2744 1385 2774 dicitur.-
1415 2754 1515 2784 supra

807 2801 836 2820 c.
853 2794 884 2825 7.
907 2790 991 2830 quod
1009 2789 1112 2819 Groeci
1124 2787 1224 2819 ’ἔννοιαν
1237 2788 1362 2816 dicunt.
1389 2786 1428 2817 In
1444 2796 1515 2826 quoe

807 2833 1022 2864 consentiunt
1039 2840 1153 2862 omnes
1168 2830 1238 2862 edd.
1256 2828 1329 2859 inde
1345 2840 1364 2860 :i
1379 2829 1461 2859 Ven.

728 2924 853 2974 Pp‘2
