1945 3235
550 110 736 150 LIBER
763 110 1090 149 SECUNDUS.

1461 115 1538 150 339

91 229 190 272 q-uae
222 215 331 258 salsa
362 216 463 258 sint.
483 231 584 257 nam
616 230 666 257 ea
697 215 815 256 dicta
842 215 1113 271 appellantur
1142 214 1316 270 proprio
1340 214 1435 270 jam
1456 229 1534 255 no-

92 274 224 315 mine.

284 275 368 316 Sed
389 284 436 315 ut
455 274 552 315 70in
581 272 821 314 Scaevolam
848 273 1066 313 continuit
1097 286 1148 312 ea
1182 272 1376 322 Crassus,
1405 280 1533 327 atque
1547 274 1616 324 55

92 330 166 371 illo
188 331 321 373 altero
344 346 512 388 genere,
533 332 574 371 in
592 345 677 386 quo
697 330 801 370 nulli
817 329 953 370 aculei
975 329 1332 371 contumeliarum
1353 330 1534 380 inerant,

91 402 266 430 causam
295 390 409 430 illam
439 388 862 444 disputationemque
894 386 1018 429 lusit:
1053 387 1114 427 sic
1147 386 1190 426 in
1226 385 1377 435 Bruto,
1408 400 1536 439 quein

92 445 256 498 oderat,
278 457 320 488 et
351 460 476 501 quem
512 446 693 501 dignum
715 444 1235 500 contumeliajudicabat,
1257 452 1439 497 utroque
1461 457 1536 498 ge-

92 515 194 544 nere
231 504 456 560 pugnavit.

517 503 662 549 Quam
692 502 827 542 multa
859 501 911 542 de
947 502 1122 551 balneis,
1160 515 1265 556 quas
1300 514 1436 555 nuper
1467 500 1622 542 ille⁶223

92 561 356 612 vendiderat,
377 573 506 615 quam
527 559 664 600 multa
684 559 737 600 de
759 559 917 599 amisso
949 559 1210 615 patrimonio
1241 557 1377 599 dixit?
1409 566 1538 611 atque

90 616 164 658 illa
186 618 343 668 brevia,
366 631 464 657 cum
487 616 556 657 ille
578 617 755 667 diceret,
783 631 822 657 se
855 617 940 657 sine
968 631 1088 657 causa
1109 615 1279 657 sudare:
1298 618 1335 650 71
1354 613 1537 655 Illinime

89 675 250 725 mirum,
282 674 435 729 inquit,
464 673 581 714 modo
609 674 714 715 enim
743 673 860 714 existi
894 673 942 714 de
974 673 1141 715 balneis.

1203 671 1542 713 Innumerabilia

93 730 394 785 hujuscemodi
417 731 606 782 fuerunt,
630 733 703 772 sed
737 746 824 772 non
856 732 998 772 minus
1022 730 1263 787 72jueunda
1295 729 1366 770 illa
1390 743 1541 785 perpe-

90 797 178 830 tua.

239 788 351 830 Cum
373 789 490 830 enim
523 789 684 830 Brutus
717 789 825 830 duos
859 789 1039 830 lectores
1069 789 1317 838 excitasset,
1350 795 1394 827 et
1415 786 1537 828 alteri

87 845 141 885 de
161 845 333 886 colonia
356 846 630 888 Narbonensi
655 846 798 887 Crassi
821 847 1062 887 orationem
1084 846 1312 902 legendam
1334 844 1536 896 dedisset,

87 902 207 944 alteri
229 903 282 945 de
305 904 398 960 lege
422 904 617 955 Servilia,
640 914 683 945 et
712 919 812 945 cuin
834 905 1051 945 contraria
1080 904 1192 944 inter
1223 917 1313 943 sese
1335 902 1387 944 de
1409 916 1536 957 repu-

85 958 200 1001 blica
225 961 372 1017 capita
397 962 673 1013 contulisset3
715 970 861 1002 noster
893 961 965 1002 hic
998 961 1259 1002 facetissime
1282 968 1366 1001 tres
1400 960 1533 1015 patris

87 1015 213 1065 Bruti
234 1018 286 1059 de
301 1019 402 1073 jure
422 1019 539 1060 civili
563 1019 727 1060 libellos
752 1019 887 1059 tribus
914 1019 1116 1075 legendos
1136 1019 1268 1060 dedit.

85 1075 242 1131 primo,
287 1090 444 1118 FORTE
491 1091 691 1127 EVENIT,
732 1091 793 1117 UT
839 1090 893 1125 1N
939 1089 1249 1117 PRIvERNAn
1292 1088 1532 1117 ESSEMUS.

87 1129 237 1184 Brute,
259 1134 499 1188 testificatur
511 1142 648 1189 pater,
666 1149 705 1174 se
723 1134 801 1175 tibi
820 1133 1110 1174 Privernatem
1114 1132 1301 1191 faricium
1316 1132 1532 1188 reliquisse.

87 1187 260 1231 Deinde
284 1205 339 1233 ex
376 1192 486 1232 libro
519 1192 723 1241 secundo,
760 1205 813 1232 IN
848 1205 1051 1232 ALBANO
1092 1204 1293 1232 ERAMUS
1331 1204 1446 1240 EGO,
1472 1204 1532 1231 ET

87 1259 286 1289 MARCUS
321 1263 500 1290 FILIUS.

83 1303 278 1355 civit-atis,
301 1314 422 1347 norat
449 1306 555 1347 lianc
579 1307 808 1363 gurgitem,-

85 1360 209 1413 beret,
228 1363 336 1403 nihil
347 1378 422 1404 esse
438 1364 476 1404 ei
493 1363 676 1404 rel-ictum
690 1370 925 1418 putaretur.

561 1249 733 1303 Sapiens
761 1247 947 1290 videlieet
972 1249 1088 1289 lzomo
1113 1247 1360 1303 cumprimis
1388 1254 1532 1288 nostrae

846 1306 1063 1356 metuebat,
1084 1321 1148 1356 ue,
1170 1320 1259 1347 cum
1279 1305 1313 1345 is
1336 1304 1443 1346 uiliil
1457 1304 1532 1346 ha·
1542 1310 1574 1343 b.

986 1363 1097 1404 Tum
1120 1379 1175 1404 ex
1198 1364 1308 1409 libro
1329 1363 1471 1414 tertio,
1488 1363 1533 1403 in

85 1433 174 1474 quo
197 1419 326 1461 finem
349 1421 563 1462 scribendi
589 1421 694 1462 fecit
713 1428 799 1474 (tot
821 1421 951 1471 enim,
974 1431 1022 1462 ut
1044 1421 1188 1463 audivi
1205 1421 1447 1462 Scaevolam
1469 1421 1533 1462 di-

83 1490 194 1528 cere,
217 1486 317 1519 sunt
345 1479 432 1519 veri
457 1478 582 1519 Bruti
603 1479 721 1527 libri)
747 1493 801 1520 IN
827 1492 1035 1520 TIBURTI
1062 1492 1221 1520 Foa'rE
1248 1492 1532 1520 AssEDIMus

84 1546 199 1586 EGO,
235 1549 295 1576 ET
331 1549 531 1577 MARCUS
569 1550 748 1577 FILIUS.

81 1590 160 1633 tibi
186 1600 308 1646 pater
333 1594 512 1647 publicis
535 1593 832 1634 commentariis
861 1595 1115 1651 consignatos
1146 1591 1347 1649 reliquit?

815 1535 906 1581 Ubi,
928 1543 1021 1578 sunt
1049 1537 1081 1577 ‘ii
1092 1535 1242 1593 sinidi,
1268 1535 1537 1638 Brutekzquctls¹

1453 1608 1501 1634 uo

79 1649 160 1690 nisi
174 1650 368 1703 puberem
387 1658 438 1702 te,
464 1651 620 1706 inquit,
625 1652 722 1707 jam
751 1651 932 1702 liaberet,
965 1659 1157 1708 quartum
1190 1651 1340 1692 librum
1370 1666 1528 1706 compo-

78 1706 230 1757 suisset,
249 1714 346 1748 etse
366 1708 488 1749 etiam
512 1709 556 1749 in
575 1709 728 1750 balneis
753 1707 880 1749 lotum
902 1709 1110 1764 cumfilio,
1130 1709 1324 1764 scriptum
1344 1708 1529 1764 reliquis-

78 1770 148 1804 set.

209 1765 318 1811 Quis
341 1775 405 1806 est
426 1766 575 1822 igitur,
594 1768 667 1821 qui
691 1781 779 1807 non
803 1766 1003 1818 fateatur,
1026 1767 1109 1808 hoc
1132 1767 1291 1823 lepore,
1314 1776 1443 1821 atque
1462 1766 1528 1807 his
1540 1777 1616 1811 225

81 1819 250 1862 facetiis
281 1836 368 1863 non
402 1825 544 1864 minus
577 1824 811 1865 refutatum
833 1838 924 1865 esse
948 1824 1149 1875 Brutum,
1172 1839 1303 1880 quam
1331 1824 1412 1865 illis
1445 1833 1530 1865 tra-

80 1879 257 1934 goediiS,
279 1895 383 1936 quas
404 1882 497 1938 egit
519 1881 648 1933 idem,
667 1896 767 1923 eum
798 1896 899 1923 casu
931 1882 972 1922 in
1007 1882 1158 1923 eadem
1180 1897 1310 1923 causa
1330 1884 1370 1915 73
1382 1881 1532 1922 funere

100 2071 104 2074 ,
120 2045 162 2076 70
183 2043 219 2072 in
232 2042 424 2083 Scaevolam]
451 2044 503 2074 Sic
526 2043 597 2074 edd.
613 2054 661 2084 pr.
677 2044 779 2074 etiam

79 2083 143 2115 Ms.
158 2084 254 2115 idem.
269 2086 355 2125 quod
379 2096 446 2116 non
461 2092 586 2117 mutem
603 2087 636 2116 in
652 2087 779 2117 facilius

79 2126 235 2164 Scaevola,
260 2130 320 2159 etsi
346 2128 408 2158 Ms.
436 2135 547 2159 noster
568 2129 680 2165 hahet,
705 2139 779 2159 cum

77 2168 241 2200 Lambino
256 2177 290 2201 et
314 2172 457 2202 Peareio.
503 2172 565 2202 Sed
588 2172 700 2202 eadem
723 2172 780 2202 ha—

79 2210 159 2242 bent
187 2222 261 2243 mox
285 2214 452 2251 conticuit,
479 2218 517 2244 ut
543 2214 608 2244 Ms.
632 2215 668 2244 E.
693 2214 778 2253 quod

75 2253 178 2284 Aldus
205 2258 347 2287 correxit
366 2256 399 2285 in
427 2258 599 2293 continuit,
623 2262 779 2297 sequente

75 2295 203 2334 Junta3
230 2298 324 2337 idque
338 2299 454 2329 melius
469 2304 519 2330 est
534 2299 651 2329 altero.

119 2342 155 2373 71
182 2341 316 2370 minime
345 2341 483 2381 mirum]
513 2342 573 2371 int.
597 2347 632 2372 te
648 2341 778 2378 sudare,

78 2379 100 2410 i.
123 2391 151 2412 e.
174 2392 240 2413 non
262 2383 332 2414 sine
356 2394 453 2414 causa
476 2384 583 2414 sudas.
606 2394 696 2421 nani,
720 2385 776 2422 qui

79 2422 119 2453 de
134 2424 257 2456 balneis
269 2431 403 2463 exeunt,
415 2426 547 2463 sudant,
564 2436 638 2456 cum
662 2426 779 2457 sudore

79 2472 210 2497 exeunt.
255 2468 405 2499 Pearcius
420 2469 539 2499 delevit
556 2470 693 2505 miram,
705 2474 778 2499 tum

81 2508 168 2545 quod
196 2510 230 2539 in
257 2510 382 2541 duobus
407 2511 485 2541 Mss.
511 2521 578 2542 non
602 2516 779 2552 repererat,

79 2550 194 2596 quibus
215 2554 380 2583 consentit
412 2553 474 2584 Ms.
502 2553 570 2584 Erl.
593 2558 668 2584 tum
692 2553 779 2593 quod

81 2601 126 2621 rei
142 2602 207 2623 non
223 2597 438 2626 consentiret:
463 2597 582 2636 quippe
596 2597 779 2637 responsio-

80 2642 156 2663 nem
172 2635 211 2665 ad
227 2641 403 2677 utrumque
418 2639 529 2669 referri
545 2639 674 2675 debere,
690 2644 725 2669 et
739 2637 779 2669 ad

79 2676 200 2707 sudare
212 2683 246 2708 et
265 2679 305 2709 ad
329 2681 396 2710 sine
416 2691 535 2711 causa.-
558 2681 613 2711 sed
629 2681 715 2711 hanc
731 2691 780 2711 re-

79 2720 289 2757 sponsionem
311 2723 444 2753 miuime
458 2725 557 2759 enim,
581 2728 716 2753 tantum
738 2723 779 2754 ad

13 2782 16 2787 .
76 2761 200 2792 sudare
223 2763 334 2793 referri
358 2775 469 2804 posse:
502 2766 590 2805 quod
617 2775 685 2795 non
713 2770 776 2796 est.

823 2043 914 2084 plum
942 2044 1066 2075 Pearcii
1084 2055 1151 2075 non
1175 2054 1247 2076 sum
1272 2054 1381 2075 ausus.
1425 2045 1459 2075 Si
1481 2050 1533 2076 ta·

824 2097 900 2117 nien
917 2088 1035 2117 vitium
1045 2094 1095 2118 est
1108 2089 1143 2117 in
1158 2087 1219 2118 hac
1235 2088 1390 2124 lectione,
1406 2092 1440 2118 et
1453 2089 1531 2118 sim-

822 2129 896 2169 plex
921 2131 1053 2169 negatio
1084 2131 1274 2169 requiritur,
1299 2131 1454 2170 suspicer,
1477 2131 1532 2160 Ci-

824 2182 977 2202 ceronem
1004 2175 1169 2213 scripsisse
1196 2173 1293 2203 modo
1322 2174 1458 2210 mirum,
1485 2184 1529 2204 sc.

822 2215 908 2254 quod
931 2215 1024 2252 dicis,
1040 2221 1074 2245 te
1094 2216 1164 2245 sine
1178 2226 1276 2245 causa
1299 2215 1428 2251 sudare,
1453 2226 1530 2246 cuin

823 2257 920 2287 inodo
948 2258 1066 2288 exieris
1095 2257 1134 2288 de
1170 2259 1307 2294 balneis,
1334 2263 1368 2288 et
1395 2259 1530 2289 mimme

822 2309 890 2329 esse
916 2300 1058 2339 glossam
1080 2309 1154 2339 quae
1178 2301 1211 2330 in
1233 2306 1363 2331 textum
1391 2301 1529 2331 venerit.

823 2342 863 2371 ln
877 2343 948 2372 istis
963 2343 1054 2373 libris
1070 2343 1201 2382 scriptis
1217 2350 1328 2373 autem
1345 2353 1414 2373 non
1430 2343 1528 2373 modo

822 2386 947 2415 mirum
982 2386 1165 2422 omittitur,
1194 2386 1250 2416 sed
1278 2385 1380 2415 etiarn
1407 2386 1527 2426 inquit,

822 2427 908 2467 quod
920 2428 1030 2457 abesse
1046 2438 1112 2458 non
1126 2433 1247 2467 potest.

864 2472 906 2503 7⁶2
919 2469 1074 2510 jucunda
1090 2471 1165 2509 illa]
1192 2471 1245 2501 Sic
1269 2469 1348 2500 Mss.
1374 2470 1447 2500 edd.
1476 2481 1527 2510 pr.

822 2511 923 2551 Vulg.
950 2513 1015 2542 ista
1034 2511 1109 2552 jue.
1150 2513 1379 2553 'l'ranspositio
1402 2520 1529 2548 temere

821 2555 910 2584 facta
925 2555 958 2584 in
973 2554 1106 2592 Aldina,
1122 2561 1157 2586 et
1173 2556 1315 2596 repetita
1326 2557 1361 2585 in
1375 2556 1472 2586 Junt.
1491 2556 1527 2586 in

821 2596 974 2635 vulgatos
993 2598 1093 2628 venit.

864 2642 904 2673 73
927 2638 1055 2678 flauere
1080 2639 1272 2681 efferretur]
1307 2639 1426 2679 Vulgg.
1451 2649 1526 2669 eum

809 2681 948 2721 sumre.
995 2682 1106 2713 Seeuti
1122 2692 1234 2712 sumus
1245 2692 1320 2712 cum
1338 2683 1470 2713 Pearcio
1486 2682 1525 2711 li-

822 2725 896 2754 bros
923 2729 1057 2755 veteres.
1105 2725 1158 2755 W.
1183 2725 1282 2755 habet
1307 2723 1526 2763 eumfimere

810 2765 978 2807 ferretur.
1035 2766 1229 2807 Repetitum
1256 2777 1328 2797 eum
1358 2778 1376 2797 e
1405 2775 1525 2807 praece-

78 2802 207 2843 Nempe
223 2805 392 2844 miramur,
407 2817 479 2847 quae
495 2809 566 2838 sine
580 2818 678 2838 causa
691 2808 780 2838 fiunt
822 2809 986 2839 dentibus.
1008 2809 1072 2839 Ms.
1096 2810 1134 2841 Ε.
1159 2809 1259 2841 habet
1280 2814 1435 2841 tantum:
1460 2809 1482 2838 τ’.
1499 2817 1525 2838 e.

77 2851 137 2876 aut
150 2846 220 2878 fieri
232 2848 395 2880 videntur.
440 2850 554 2890 Itaque
567 2851 657 2890 sequi
669 2861 782 2889 exem:

822 2851 1095 2892 eausaferretur.

746 2914 817 2949 22

1330 1016 1398 1057 Ex
1421 1017 1532 1059 libro
1544 1023 1621 1057 2⁶24
