1945 3235
720 124 1008 164 ORATOR.
1521 126 1599 172 587

137 229 466 298 emplorumque
488 230 674 289 prolatio
696 244 866 273 summa
894 244 992 272 cum
1025 227 1314 272 delectatione
1334 239 1379 272 et
1409 231 1599 274 auctori-

139 298 274 332 tatem
298 290 484 331 orationi
505 289 644 341 affert,
667 299 710 330 et
732 288 877 330 fidem.

197 348 271 389 Sic
302 348 436 405 igitur
466 348 703 389 instructus
735 346 878 388 veniet
905 343 960 385 ad
994 357 1171 385 causas:
1204 358 1386 398 quarum
1416 345 1600 389 habebit
1615 350 1686 386 1931

139 418 299 462 genera
323 406 507 462 primum
533 406 626 462 ipsa
648 405 840 461 cognita.
863 402 946 442 elit
967 402 1083 443 enim
1108 401 1145 441 ei
1175 413 1467 457 perspectum,
1490 404 1604 446 nihil

138 464 304 520 ambigi
338 478 477 520 posse,
499 464 542 504 in
565 476 654 518 quo
676 476 763 502 non
795 468 872 500 aut
901 474 966 500 res
989 458 1333 501 controveisiam
1356 460 1503 513 faciat,
1526 471 1601 504 aut

138 499 286 562 verbao
348 521 450 572 Res,
483 531 559 562 aut
591 520 644 560 de
678 532 795 568 vero,
829 527 904 558 aut
943 518 997 558 de
1033 527 1167 568 recto,
1207 527 1284 558 aut
1318 517 1372 558 de
1411 519 1600 561 nomine.

140 577 300 630 Verba,
323 589 398 621 aut
419 554 473 620 de
495 577 720 632 ambiguO,
743 584 817 617 aut
848 576 902 616 cle
923 575 1158 617 contrario.
1220 574 1336 616 Nam
1368 575 1401 616 si
1427 576 1601 631 quando

137 635 252 678 aliud
286 637 330 677 in
362 635 576 677 sententia
610 633 779 675 videtur
809 648 915 685 esse,
949 634 1065 675 aliud
1099 634 1143 673 in
1173 634 1332 686 verbis,
1367 647 1502 690 genus
1536 644 1603 674 est

138 694 358 749 quoddam
389 692 603 749 ambigui,
628 692 745 748 quod
778 694 884 732 8432<
922 692 1144 747 praeterito
1179 692 1310 733 verbo
1345 691 1435 732 fieri
1469 691 1602 734 solet·

139 751 183 792 in
206 767 307 807 quo,
330 751 446 806 quod
470 761 534 791 est
557 751 863 807 ambiguorum
890 750 1128 806 proprium,
1150 763 1213 789 res
1235 749 1341 791 duas
1365 750 1601 806 signincari

139 809 349 850 videmus.
413 808 526 850 Cum
551 818 637 848 tam
664 823 801 864 pauca
825 808 912 848 sint
936 821 1094 863 genera
1117 821 1359 858 causarum,
1382 810 1452 849 eti·
1446 823 1511 848 im
1537 823 1602 848 ar·
1616 805 1688 855 35

140 877 449 922 gumentorum
474 876 695 932 praecepta
719 881 800 922 pau
793 880 855 906 αι
879 875 994 906 sunt.
1020 865 1163 906 traditi
1192 875 1306 916 sunt,
1329 881 1352 906 e
1374 867 1532 921 quibus
1554 881 1605 907 ea
1620 879 1694 913 122

139 924 366 976 ducantur,
399 925 593 990 duplices
628 925 737 965 loci:
772 924 845 964 uni
879 937 901 963 e
937 924 1064 964 rebus
1103 922 1221 978 ipsis,
1252 924 1375 965 alteri
1410 925 1605 965 assumti.

139 980 364 1024 Tractatio
399 983 534 1039 igitur
575 996 717 1022 rerum
760 981 897 1023 efficit
938 981 1306 1022 admirabiliorem
1347 982 1607 1023 mationem.

139 1054 241 1081 nam
264 1041 367 1104 ipsae
392 1041 568 1096 quidem
594 1055 657 1080 res
682 1040 722 1080 in
751 1038 942 1096 perfacili
964 1039 1220 1096 cognitione
1241 1050 1479 1081 versanttu.
1503 1039 1609 1105 quid

140 1099 255 1139 enim
272 1114 366 1153 jam
392 1100 600 1154 sequitur,
623 1098 740 1152 quod
764 1099 938 1153 quidem
963 1102 1066 1138 artis
1091 1098 1160 1148 sit,
1182 1099 1265 1139 nisi
1291 1098 1422 1140 ordiri
1449 1099 1610 1140 oratio-

140 1171 254 1207 nem,
277 1158 322 1198 in
345 1172 432 1213 quo
455 1166 530 1197 aut
553 1156 810 1198 concilietur
832 1156 1020 1207 auditor,
1040 1167 1115 1197 aut
1134 1155 1342 1213 erigatur,
1361 1159 1402 1188 85
1418 1167 1464 1197 ut
1489 1165 1612 1213 paret

141 1228 186 1255 se
208 1214 259 1255 ad
285 1215 568 1256 discendum?
603 1228 690 1254 rem
715 1215 904 1255 breviter
928 1228 1164 1271 exponere,
1182 1225 1225 1255 et
1248 1189 1548 1271 probabiliter,
1567 1224 1612 1256 et

141 1282 303 1337 aperte,
330 1282 390 1324 ut,
410 1273 513 1329 quid
535 1281 704 1329 agatur,
725 1272 910 1328 intelligi
934 1273 1099 1329 possit?
1133 1287 1207 1314 sua
1226 1274 1514 1316 confirmare?
1536 1274 1613 1315 ad·

143 1331 331 1372 versaria
351 1333 573 1372 evertere?
605 1345 740 1396 eaque
763 1331 934 1371 efficere
964 1345 1050 1371 non
1075 1332 1265 1387 perturb
1257 1341 1341 1382 rte,
1366 1332 1437 1373 sed
1462 1332 1614 1388 singu-

141 1387 194 1430 lis
228 1388 683 1445 argumentationibus
718 1390 779 1430 ita
809 1388 1135 1439 concludendis,
1167 1399 1216 1430 ut
1247 1390 1463 1431 efficiatur
1494 1389 1613 1445 quod

144 1447 200 1488 sit
221 1461 490 1503 consequens
524 1447 590 1498 iis,
614 1461 711 1511 quae
745 1457 970 1487 sumentur
998 1447 1052 1488 ad
1084 1461 1302 1504 quamque
1333 1462 1423 1489 rem
1454 1447 1614 1490 confir-

142 1505 373 1548 mandam?
406 1514 504 1562 post
534 1505 683 1545 omnia
716 1505 1034 1562 perorationem
1067 1505 1155 1545 infl·
1147 1515 1427 1558 animantem,
1460 1506 1616 1547 restin-

146 1573 409 1618 guentemve
431 1562 719 1605 concludere?
773 1561 867 1603 Has
899 1572 1042 1619 partes
1065 1564 1432 1629 quemadmodum
1457 1573 1616 1606 tractet

146 1621 353 1677 singulas,
376 1621 554 1662 difficile
579 1621 701 1662 dictu
725 1630 790 1661 est
821 1620 906 1662 hoc
931 1620 1042 1662 loco.
1077 1636 1155 1663 nec
1186 1622 1303 1663 enim
1336 1637 1505 1680 semper
1529 1632 1615 1664 tra-

145 1687 321 1720 etantui
354 1694 439 1720 uno
474 1679 622 1720 modo.
685 1679 907 1725 Quoniam
943 1687 1087 1720 autem
1120 1694 1223 1731 non,
1253 1695 1382 1736 quem
1416 1682 1613 1731 doceam,
1629 1690 1702 1725 123

146 1747 311 1791 quaero,
336 1737 409 1778 sed
431 1751 561 1792 quem
587 1737 792 1792 probem.
826 1737 1023 1801 probabo
1049 1737 1235 1793 primum
1261 1752 1375 1790 eum,
1396 1739 1485 1794 qui,
1508 1713 1614 1795 quid

146 1795 314 1847 deceat,
349 1795 529 1837 videbit.
595 1795 708 1836 Haec
741 1795 858 1836 enim
892 1795 1107 1851 sapientia
1142 1796 1334 1838 maxime
1367 1797 1618 1839 adhibenda.

146 1852 368 1909 eloquenti
390 1863 470 1904 est,
498 1862 543 1894 ut
576 1853 631 1895 sit
664 1863 926 1910 temporum,
951 1868 1320 1911 personarumque
1351 1856 1616 1898 moderator

147 1910 264 1952 Nam
297 1925 376 1953 nec
409 1926 591 1968 semper,
622 1926 703 1952 nec
735 1912 849 1968 apud
873 1925 1038 1964 omnes,
1070 1926 1149 1954 nec
1173 1923 1326 1954 contra
1347 1928 1513 1965 omnes,
1536 1928 1617 1955 nec

183 1983 228 2010 ro
250 1970 470 2022 omnibus,
493 1984 572 2010 nec
596 1964 799 2011 omnibus
823 1970 975 2011 eodem
1000 1945 1134 2011 niodo
1156 1970 1388 2013 dicendum
1412 1972 1614 2013 arbitror.

147 1984 194 2068 ξε
225 2028 307 2068 erit
337 2042 442 2084 ergo
474 2027 695 2083 eloquens,
728 2028 803 2083 qui
844 2028 884 2059 36
897 2028 950 2069 ad
988 2028 1047 2079 id,
1087 2029 1394 2085 quodcumqie
1427 2030 1615 2083 decebit,
1626 2020 1701 2074 36

148 2085 310 2142 poterit
332 2086 664 2127 accommodare
686 2086 944 2127 orationem.
990 2087 1121 2134 Quod
1145 2101 1244 2128 cum
1269 2088 1483 2140 statuerit,
1507 2097 1616 2140 tum,
1675 2111 1678 2115 ⁴

148 2150 198 2184 ut
218 2144 411 2209 quidque
432 2144 514 2185 elit
535 2144 785 2195 dicendum,
809 2144 870 2185 ita
891 2144 1032 2187 dicet:
1066 2159 1145 2186 nec
1176 2155 1319 2188 satura
1344 2146 1514 2212 jejune,
1536 2161 1617 2188 nec

145 2202 329 2258 grandia
350 2202 532 2254 minute,
556 2216 634 2243 nec
658 2203 761 2243 item
785 2212 952 2254 contra,
980 2203 1053 2244 sed
1076 2204 1158 2244 elit
1189 2205 1316 2245 rebus
1349 2205 1454 2262 ipsis
1476 2219 1552 2262 par
1573 2215 1618 2246 et

151 2259 329 2315 aequalis
372 2260 527 2301 oratio.
591 2260 816 2325 Principia
851 2261 1109 2313 v·e1ecunda,
1147 2276 1235 2303 non
1275 2262 1398 2304 elatis
1441 2263 1706 2305 incensam}

149 2318 309 2369 verbis,
342 2318 414 2359 sed
447 2327 576 2359 acuta
607 2319 849 2369 sententiis,
873 2319 940 2359 vel
973 2320 1025 2361 ad
1050 2319 1336 2362 offensionem
1368 2321 1617 2372 adversarii,

152 2375 221 2417 vel
255 2376 307 2417 ad
340 2376 766 2418 commendationem
802 2376 881 2417 sui.
945 2376 1228 2419 Narrationes
1264 2378 1506 2429 credibiles,
1540 2393 1622 2420 nec

152 2433 380 2486 historico,
404 2434 477 2475 sed
501 2449 637 2492 prope
658 2434 916 2490 quotidiano
940 2450 1138 2478 sermone
1159 2436 1393 2493 explicatae
1416 2437 1620 2479 dilucide.

195 2587 236 2616 84
258 2595 298 2616 ex
313 2585 484 2624 pra-’terito
509 2583 618 2624 zerbo]
646 2594 693 2614 sc.
717 2593 782 2623 quo
808 2583 862 2614 ad·
909 2584 996 2614 milis
1024 2583 1132 2615 forma
1153 2585 1313 2616 orationis
1347 2587 1518 2626 sequitur:
1546 2597 1620 2619 ‘rem

154 2628 224 2658 dito
238 2637 288 2658 res
301 2627 399 2668 plana
411 2628 524 2658 futura
532 2631 614 2657 erat
909 2626 945 2656 lu
947 2629 1048 2657 etzter
1062 2637 1220 2666 exponere
1244 2630 1303 2660 ἃς.
1319 2635 1369 2667 ut,
1383 2630 1464 2670 quid
1477 2640 1515 2669 ab
1503 2635 1617 2670 tratur,

197 2673 237 2702 85
261 2675 298 2700 ut
307 2675 407 2710 paret
425 2680 458 2701 se
471 2671 518 2701 ad
532 2668 736 2709 discendum]
756 2669 809 2701 Sic
826 2669 865 2700 fi.
906 2670 1050 2709 intelligi
1060 2671 1172 2710 poss-it.
1190 2676 1252 2702 aut
1269 2678 1303 2703 et
1317 2678 1368 2710 ut,
1384 2673 1568 2714 praesertim
1583 2675 1619 2705 in

154 2712 272 2743 denter
306 2713 430 2743 correxi
465 2713 637 2754 vulgatum
665 2717 748 2743 aut:
788 2723 865 2743 nam
910 2713 1042 2751 vicinia,
1062 2723 1148 2754 saepe
1161 2715 1318 2746 confundi
1339 2717 1444 2757 reperi
1461 2716 1495 2746 in
1512 2716 1618 2748 libris.

155 2755 219 2786 hoc
228 2765 357 2795 parare
371 2766 404 2786 se
419 2756 464 2786 ad
477 2757 555 2787 dzsc.
571 2756 717 2796 pertinet
734 2765 800 2785 non
825 2755 866 2786 ad
911 2755 1030 2793 Miror,
1045 2756 1108 2786 hoc
1124 2765 1184 2787 nec
1200 2757 1387 2790 Victorium
1402 2769 1463 2790 nee
1485 2759 1620 2792 Lambi-

157 2803 338 2835 oratorem,
361 2804 400 2829 ut
422 2799 655 2839 praecedentia,
673 2798 729 2828 sed
752 2798 793 2828 ad
809 2809 866 2829 au.
910 2808 992 2829 num
1006 2798 1134 2831 vidisse.

156 2840 312 2878 ditorem,
340 2842 397 2880 qui
422 2841 597 2882 erigendus
619 2847 682 2879 est,
708 2847 747 2871 ut
772 2847 866 2881 paret
953 2841 995 2872 36
1016 2842 1063 2873 ad
1088 2843 1137 2882 id,
1165 2853 1196 2885 q.
1225 2842 1273 2899 ἆῤ
1309 2843 1411 2876 Abest
1438 2843 1476 2874 id
1499 2843 1541 2875 ab
1568 2843 1620 2876 ed.

152 2892 189 2915 se
211 2883 254 2916 ad
275 2883 482 2923 discendum,
503 2889 543 2916 ut
557 2883 636 2916 velit
649 2884 773 2916 audire.
819 2885 868 2915 Si·
911 2883 996 2929 Van.
