1945 3235
651 106 712 146 Li
722 108 841 145 BER
866 108 1105 146 PRIMUS.
1521 110 1599 145 243

153 224 286 268 quam
307 213 459 255 facete.
484 222 557 254 tua
584 222 727 253 autem
759 211 841 254 fuit
863 213 1001 252 oratio
1023 210 1250 266 ejusmodi,
1283 220 1369 251 non
1394 219 1443 251 ut
1461 210 1598 252 ullam

152 280 288 312 artem
318 273 612 313 doctrinamve
643 280 953 319 contemneres,
986 269 1059 309 sed
1094 276 1140 308 ut
1169 281 1316 307 omnes
1347 269 1526 309 comites
1547 282 1597 308 ac

155 329 373 370 ministras
396 328 576 370 oratoris
598 341 689 367 esse
711 328 890 368 diceres.
949 326 1068 372 Quas
1090 339 1187 379 egO,
1219 324 1252 364 si
1275 325 1369 378 quis
1400 326 1456 364 sit
1488 340 1596 365 unus
1609 329 1660 368 76

157 387 412 442 complexus
434 399 596 434 omnes,
620 385 818 439 idemque
838 384 871 423 si
893 384 934 414 62
947 383 998 423 ad
1021 397 1090 423 eas
1114 381 1361 422 facultatem
1384 381 1507 421 istam
1532 397 1600 422 or-

155 444 390 484 natissimae
425 443 632 484 orationis
667 441 936 496 adjunxerit,
981 455 1065 480 non
1104 453 1280 494 possum
1312 438 1468 489 dicere,
1501 453 1601 479 eum

155 514 242 541 non
274 501 496 557 egregium
520 499 733 554 quendam
758 499 976 538 hominem
1007 507 1134 552 atque
1157 495 1456 536 admirandum
1482 494 1599 537 fore:

155 556 195 587 63
211 558 282 599 sed
307 559 354 607 is,
387 558 419 597 si
442 558 514 612 qui
538 567 662 606 esset,
685 565 759 596 aut
782 555 815 596 si
837 556 967 596 etiam
992 568 1192 609 umquam
1216 552 1380 602 fuisset,
1403 561 1477 592 aut
1500 567 1600 592 vero

159 614 193 654 si
216 629 306 655 esse
330 624 486 670 posset,
506 624 549 654 tu
572 628 682 654 esses
707 628 814 654 unus
834 614 1056 668 profect03
1088 611 1159 666 qui
1183 620 1226 651 et
1246 610 1538 665 lneojudicio,
1557 619 1601 650 et

157 673 365 722 omnium,
389 672 460 711 vix
486 671 612 711 ullam
636 671 787 711 ceteris
811 671 1052 711 oratoribus
1071 672 1196 724 (pace
1218 667 1372 708 horum
1394 667 1600 718 dixerim)

153 727 322 770 laudem
346 728 569 783 reliquisti.
632 728 790 769 Verum
825 728 859 768 si
892 727 970 768 tibi
1002 726 1082 782 ipsi
1117 724 1223 766 nihil
1257 725 1390 775 deest,
1412 724 1528 781 quod
1553 724 1660 774 in77

154 784 395 827 forensibus
436 787 562 826 rebus
601 786 887 840 civilibusque
923 782 1261 838 ve1·setur„quin
1297 782 1421 832 scias,
1457 795 1598 836 neque

154 856 250 884 eam
287 854 428 884 tamen
466 843 704 894 scientiam,
739 857 866 898 quam
900 842 1102 898 adjungis
1138 839 1313 890 oratori,
1344 838 1598 895 complexus

153 914 223 953 es;
257 901 491 953 videamus,
525 915 578 942 ne
612 900 706 956 plus
729 902 767 941 ei
802 901 981 950 tribuas,
1011 912 1141 954 quam
1171 911 1235 938 res
1259 907 1304 938 et
1325 897 1480 938 veritas
1504 897 1599 952 ipsa

153 959 379 999 concedat.

210 1015 299 1056 Hic
324 1015 518 1066 Crassus,
551 1015 793 1067 Memento,
825 1014 980 1070 inquit,
1012 1028 1080 1054 me
1113 1028 1200 1054 non
1234 1010 1288 1053 de
1319 1026 1427 1063 mea,
1450 1011 1522 1052 sed
1544 1010 1660 1052 de78

158 1073 339 1114 oratoris
363 1073 568 1114 facultate
581 1074 756 1114 dixisse.
819 1073 935 1119 Quid
950 1072 1064 1112 enim
1080 1086 1156 1112 nos
1170 1081 1245 1111 aut
1256 1070 1501 1120 didicimus,
1523 1078 1598 1109 aut
1610 1062 1640 1092 b.

153 1131 262 1171 scire
285 1131 519 1186 potuimus,
542 1131 614 1186 qui
638 1140 737 1171 ante
759 1130 809 1170 ad
835 1129 1064 1185 agendum,
1087 1142 1217 1183 quam
1247 1127 1300 1168 ad
1330 1140 1598 1182 cognoscen-

151 1187 254 1233 dum
279 1188 499 1230 venimus:
532 1203 640 1243 quos
662 1189 704 1228 in
728 1187 837 1238 foro,
869 1201 977 1242 quos
999 1186 1042 1226 in
1065 1185 1318 1235 ambitione,
1340 1199 1448 1239 quos
1472 1184 1514 1224 in
1534 1198 1599 1224 re-

151 1245 341 1300 publica,
373 1260 480 1300 quos
517 1247 557 1286 in
582 1245 817 1286 amicorum
842 1244 1045 1300 negotiis,
1076 1243 1116 1273 64
1130 1256 1193 1282 res
1216 1243 1310 1297 ipsa
1330 1252 1430 1282 ante
1451 1241 1599 1281 confe-

151 1303 228 1352 cit,
259 1317 387 1358 quam
412 1317 631 1358 possemus
654 1302 815 1356 aliquid
837 1302 889 1342 de
909 1301 1034 1341 rebus
1059 1300 1187 1340 tantis
1211 1299 1434 1355 suspicari.
1467 1298 1598 1345 Quod
1609 1311 1661 1349 79

152 1359 186 1399 si
212 1360 290 1400 tibi
315 1369 482 1400 tanturn
507 1360 548 1400 in
582 1361 705 1401 nobis
731 1360 898 1400 videtur
919 1373 1025 1408 esse,
1059 1358 1216 1413 quibus
1239 1357 1406 1397 etiamsi
1431 1356 1600 1411 ingeni-

151 1431 240 1467 um,
264 1428 311 1457 ut
334 1426 377 1458 tu
403 1427 542 1473 putas,
567 1432 650 1458 non
675 1418 864 1457 maxime
896 1415 1050 1466 defuit,
1073 1415 1272 1456 doctrina
1299 1423 1429 1464 certe,
1451 1423 1496 1453 et
1518 1413 1601 1454 oti-

152 1488 241 1524 um,
263 1484 307 1514 et
329 1474 500 1515 hercule
530 1475 660 1515 etiam
684 1475 872 1515 studium
898 1473 999 1514 illud
1023 1472 1217 1513 discendi
1248 1471 1504 1513 acerrimum
1526 1471 1600 1511 de-

150 1530 256 1572 fuit:
289 1532 392 1587 quid
426 1547 587 1583 censeS‚
623 1533 655 1572 si
686 1532 739 1572 ad
769 1531 957 1586 alicujus
986 1530 1210 1586 ingenium
1240 1529 1309 1570 vel
1340 1528 1480 1584 majus
1511 1527 1598 1579 illa,

150 1603 248 1644 quae
271 1604 353 1645 ego
378 1605 463 1630 non
486 1590 627 1645 attigi,
658 1590 940 1630 accesserint?
971 1587 1139 1644 qualem
1165 1586 1300 1638 illum,
1322 1596 1366 1627 et
1387 1595 1599 1642 quantum

148 1656 363 1688 oratorem
385 1646 576 1688 futurum
593 1649 607 1689 ἓ

206 1703 317 1745 Tum
341 1703 573 1755 Antonius,
598 1703 760 1745 Probas
777 1703 900 1754 mihi,
919 1702 1075 1758 inquit,
1099 1702 1195 1752 ista,
1219 1699 1388 1751 Crasse,
1412 1715 1508 1755 quae
1533 1700 1598 1742 di-
1616 1694 1681 1742 18

149 1760 237 1802 cis:
270 1776 349 1803 nec
371 1762 540 1812 dubito,
563 1762 664 1817 quin
699 1762 835 1802 multo
866 1760 1122 1816 locupletior
1145 1760 1189 1800 in
1222 1759 1405 1799 dicendo
1429 1757 1598 1799 futurus
1611 1767 1664 1800 80

151 1829 221 1869 Slt,
253 1833 288 1859 sl
311 1834 405 1874 quis
425 1819 618 1860 omnium
642 1834 779 1859 rerum
805 1829 933 1873 arque
957 1818 1112 1858 artium
1139 1816 1349 1857 rationem
1381 1825 1599 1856 naturam-

148 1889 232 1931 que
269 1876 659 1932 comprehenderit.
720 1876 804 1917 Sed
841 1876 1028 1931 primum
1065 1874 1108 1914 id
1150 1873 1326 1914 difficile
1361 1882 1426 1913 est
1465 1872 1658 1925 factu,81

150 1934 387 1988 praesertim
429 1934 470 1974 in
509 1934 588 1975 hac
622 1943 768 1974 nostra
803 1933 906 1983 vita,
937 1931 1181 1986 nostrisque
1211 1931 1595 1985 occupationibus:

149 1990 305 2031 deinde
326 1991 428 2044 illud
452 1992 582 2032 etiam
606 1992 840 2032 verendum
861 2000 939 2040 est,
957 2005 1009 2030 ne
1031 1987 1330 2029 abstrahamur
1348 1989 1403 2029 ab
1423 1987 1504 2028 hac
1525 2002 1602 2029 ex-

147 2047 417 2099 ercitatione,
449 2060 492 2089 et
530 2048 843 2090 consuetudine
878 2047 1049 2088 dicendi
1091 2045 1302 2101 populari,
1341 2055 1385 2086 et
1424 2044 1600 2087 forensi.

149 2103 281 2147 Aliud
304 2105 417 2146 enim
442 2106 548 2147 mihi
572 2106 791 2161 quoddam
822 2119 957 2161 genus
992 2103 1199 2145 orationis
1223 2117 1313 2144 esse
1336 2103 1506 2144 videtur
1528 2118 1603 2144 eo-

149 2176 244 2203 rum
279 2162 517 2215 bominum,
553 2164 606 2204 de
635 2164 793 2218 quibus
822 2162 965 2219 paullo
999 2171 1099 2202 ante
1122 2161 1289 2211 dixisti,
1311 2161 1508 2215 quamvis
1539 2161 1598 2202 illi

149 2230 298 2261 ornate
316 2230 359 2261 et
381 2221 586 2277 graviter,
618 2230 692 2261 aut
713 2221 766 2262 de
789 2230 943 2260 natura
964 2233 1120 2269 rerum,
1143 2228 1217 2259 aut
1239 2218 1292 2258 de
1313 2218 1512 2259 humanis
1535 2233 1600 2259 re-

147 2276 227 2318 bus
249 2277 494 2333 loquantur.
558 2278 760 2319 Nitidum
794 2277 1014 2334 quoddam
1049 2290 1185 2333 genus
1218 2286 1283 2316 est
1306 2277 1534 2316 verborum
1557 2285 1601 2317 et

895 2438 994 2464 esset.-
1011 2433 1079 2464 sine
1096 2432 1195 2463 dubio
1211 2442 1269 2472 pro
1283 2433 1310 2462 si
1325 2433 1380 2473 qui
1395 2438 1489 2466 esset,·
1508 2432 1603 2473 idque

188 2434 229 2465 62
251 2435 307 2465 Ad
331 2445 387 2465 eas
402 2434 610 2475 facultatem
638 2436 853 2466 ornatissimae

896 2477 1079 2516 elegantius
1095 2482 1157 2512 est,
1173 2485 1271 2515 quam
1286 2477 1312 2505 si
1327 2477 1398 2515 qais
1411 2487 1439 2506 e.
1466 2476 1552 2506 Nam
1568 2480 1601 2507 et

147 2478 327 2517 orationis]
364 2477 570 2508 Facultatem
588 2485 674 2508 recte
690 2489 708 2508 e
725 2478 804 2508 Mss.
819 2483 854 2507 et

148 2518 219 2548 edd.
236 2520 365 2550 Manut.
389 2521 535 2551 restituit
560 2518 730 2551 Pearcius:
756 2521 852 2559 idque

147 2559 246 2591 habet
261 2567 294 2591 et
306 2562 359 2592 W.
390 2562 496 2593 Miror
514 2573 580 2592 non
597 2562 710 2593 vidisse
727 2560 851 2593 dudum

149 2602 310 2640 homines,
325 2614 392 2634 esse
409 2606 524 2635 vitium
540 2615 712 2645 operarum
729 2607 762 2635 in
777 2604 849 2634 edd.

149 2644 212 2674 Pro
240 2648 453 2677 ornatissimoe
487 2649 641 2677 orationis
671 2647 854 2678 Lambinus

148 2687 279 2717 volebat
303 2690 472 2719 ornandoe:
495 2690 652 2729 speciose:
677 2688 854 2729 sedsaenl-

147 2733 199 2759 tas
219 2735 342 2760 ornatoe
363 2741 406 2761 or.
422 2733 467 2762 sic
492 2731 625 2769 dicitur,
649 2737 687 2762 ut
710 2732 850 2763 facultas

148 2780 339 2808 numorum,
357 2775 505 2813 peeuniae
521 2775 579 2805 &c.
596 2785 625 2805 v.
643 2775 736 2805 Clav.

190 2814 229 2844 63
255 2814 321 2844 Sed
333 2815 371 2852 is,
386 2817 414 2846 si
428 2818 483 2855 qai
496 2817 604 2856 essen]
635 2818 689 2847 Sic
704 2817 853 2848 dedimus

147 2865 164 2886 e
182 2857 323 2897 vestigiis
345 2856 396 2889 ed.
420 2859 474 2889 W.
496 2869 567 2899 quae
595 2859 706 2898 habet,
729 2861 768 2897 is,
797 2859 853 2900 'qui

897 2519 970 2550 aliae
994 2519 1096 2559 princ.
1112 2517 1162 2548 ed.
1179 2527 1204 2548 s.
1221 2518 1244 2547 l.
1261 2523 1294 2547 et
1313 2529 1341 2548 a.
1356 2515 1490 2549 Mediol.
1507 2520 1563 2549 secl
1575 2519 1604 2548 si

895 2562 961 2601 qui.
999 2561 1044 2592 Et
1059 2571 1126 2592 non
1142 2560 1248 2598 video,
1264 2570 1363 2600 quare
1379 2562 1404 2591 is
1419 2560 1517 2591 deleri
1535 2571 1602 2591 non

896 2610 1010 2644 possit.

939 2646 980 2676 64
1004 2645 1070 2676 Res
1084 2646 1156 2685 ipsa
1170 2649 1248 2676 unte
1262 2643 1426 2685 confecit]
1462 2644 1603 2676 Videtur

898 2689 944 2718 sic
958 2688 1035 2724 diei,
1052 2693 1089 2717 ut
1104 2698 1132 2717 c.
1149 2690 1201 2719 531.
1216 2688 1469 2727 obruimurjbro
1484 2693 1515 2718 et
1530 2698 1602 2718 am-

896 2732 1023 2767 hittone,
1046 2734 1124 2760 ante
1147 2740 1248 2770 quam
1272 2730 1317 2760 ad
1342 2731 1530 2760 discendum
1552 2731 1601 2760 in-

892 2774 998 2812 gressi
1010 2782 1136 2802 suynus.
1191 2771 1332 2813 Cmffecit
1345 2779 1406 2810 est,
1418 2772 1567 2804 debilitas
1576 2773 1603 2802 it

896 2816 935 2846 ad
951 2815 1095 2846 discendi
1111 2814 1269 2846 laborem.

832 2907 911 2943 RQ
