1945 3235
318 120 397 192 294
847 151 929 189 DE
959 151 1246 190 ORATORE

320 256 416 312 ipsi.
438 256 583 312 itaque
603 263 648 297 et
669 255 728 296 illi
759 255 860 297 alias
883 256 996 297 aliud
1026 256 1176 297 iisdem
1207 256 1260 297 de
1282 256 1407 297 rebus
1429 262 1472 297 et
1494 256 1697 308 sentiunt,
1716 264 1761 297 et

314 314 531 369 judicant,
554 323 598 354 et
625 328 703 354 nos
739 315 974 355 contrarias
998 328 1113 369 saepe
1134 329 1282 355 causas
1304 314 1502 364 dicimus,
1524 328 1607 354 non
1630 314 1761 355 modo

322 380 371 411 ut
391 371 569 413 Crassus
587 381 739 412 contra
769 385 837 411 nie
857 371 975 412 dicat
1005 371 1248 426 aliquando,
1271 381 1344 411 aut
1366 385 1448 426 ego
1466 380 1616 412 contra
1635 371 1762 413 Cras-

327 443 447 480 sum,
478 443 575 469 cum
601 428 790 469 alterutri
815 442 987 469 necesse
1009 428 1064 468 sit
1088 428 1238 468 falsum
1271 428 1436 469 dicere:
1469 428 1540 468 sed
1563 428 1692 469 etiam
1714 436 1778 469 ut'

327 496 507 540 uterque
529 486 723 526 nostruin
753 485 901 526 eadem
925 486 977 526 de
999 499 1042 525 rc
1061 485 1162 526 alias
1185 485 1297 526 aliud
1320 484 1536 536 defendat,
1553 499 1651 526 cum
1670 484 1764 542 plus

281 550 314 580 b.
329 557 414 584 uno
437 557 582 584 verum
605 557 695 582 esse
718 557 803 583 non
828 542 977 598 possit.
1039 542 1099 583 Ut
1131 543 1264 597 i<ritur
1286 542 1329 583 in
1351 542 1562 597 ejusmodi
1587 557 1645 594 re,
1667 557 1765 598 quae

326 600 552 641 mendacio
587 600 691 639 nixa
724 599 792 648 sit,
835 614 879 654 q
869 614 932 640 1ae
959 599 1011 640 ad
1054 600 1276 641 scientiam
1327 614 1412 640 non
1456 613 1571 655 saepe
1617 613 1767 656 perve-

327 658 433 708 niat,
455 672 552 712 quae
575 657 800 720 opiniones
833 656 1073 706 hominum,
1105 666 1149 697 et
1177 671 1292 712 saepe
1322 671 1483 697 errotes
1514 666 1765 713 aucupetur,

282 711 389 758 Sita
409 691 568 764 dicim,
589 714 623 754 si
651 727 823 754 causam
845 714 1007 770 putatis
1036 727 1140 764 esse,
1163 714 1466 755 cu1··1udiatis.
1529 714 1621 755 Nos
1653 727 1768 778 vero,

264 784 311 816 31
328 783 371 813 et
394 771 514 812 xalde
535 771 725 840 quidem,
750 771 930 812 Catulus
962 771 1115 826 inquit,
1138 780 1353 826 putamuS,
1385 781 1515 827 atque
1537 786 1588 813 eo
1611 771 1764 828 magis»,

327 829 440 884 quod
466 828 578 869 nulla
601 829 707 868 mi'nl
732 828 1021 869 ostentatione
1052 828 1206 869 videris
1238 842 1328 868 6556
1351 843 1515 870 usurus.
1578 828 1768 870 Exorsus

264 896 314 929 3)
328 902 370 927 65
393 887 505 926 enim
526 888 665 926 ‘2³non
690 886 889 941 gloriose,
911 885 1065 941 inagis,
1087 894 1133 925 ut
1157 895 1201 925 tu
1220 895 1361 941 putas,
1377 901 1402 926 a
1424 887 1617 937 veritate,
1639 901 1769 942 quam

326 959 349 985 a
370 945 513 984 nescio
536 958 620 998 qua
640 918 1258 998 (11σῃίῐ3ῑ6.1]ῑῧ13ἰῑυι·ἀ6
1249 957 1342 998 ipso
1375 956 1529 998 genere
1552 959 1644 984 sum
1667 955 1787 985 con-¹

326 1001 475 1051 fessus,
500 1001 641 1056 inquit
664 1000 896 1050 Antonius,
919 1008 1053 1040 artem
1076 1014 1166 1040 6556
1190 1014 1274 1040 non
1298 1000 1553 1042 maximam:
1586 1001 1647 1041 sic
1665 1000 1769 1042 illud

327 1059 509 1109 affiiffmo
544 1068 763 1114 praecepta
788 1072 913 1113 posse
950 1057 1147 1111 quaedam
1177 1057 1266 1097 dari
1305 1066 1505 1112 per-acutt
1540 1057 1644 1098 26ad
1676 1072 1772 1115 pel-

326 1115 572 1157 tiawtandos
605 1130 770 1156 ammos
796 1115 1033 1164 hominum,
1055 1126 1099 1154 et
1130 1114 1181 1155 ad
1208 1114 1485 1178 excipiendas
1517 1129 1663 1156 eorum
1696 1130 1786 1156 vos

325 1174 525 1214 luntates.
588 1173 732 1227 Hujus
756 1173 813 1212 rei
838 1172 1076 1222 scientiam,
1100 1171 1132 1212 si
1151 1186 1267 1227 quis·
1260 1172 1393 1222 ·volet‚
1414 1186 1612 1228 magnam
1635 1187 1770 1228 quan-

265 1231 269 1235 ”
325 1232 424 1272 dam
447 1243 581 1271 artem
605 1245 710 1280 6556,
733 1230 889 1281 dicere,
911 1243 997 1270 non
1029 1231 1295 1285 repugnabo.
1351 1206 1522 1269 Etenim
1553 1244 1652 1270 cum
1681 1229 1780 1286 ple--

326 1289 448 1343 rique
481 1297 639 1329 temere
669 1303 719 1328 ac
757 1287 873 1328 nulla
904 1286 1068 1327 ratione
1090 1302 1238 1327 causas
1271 1287 1313 1327 in
1348 1286 1443 1327 foro
1473 1287 1634 1338 dicant,
1659 1296 1768 1328 non‘a

325 1345 430 1387 nuli
461 1355 604 1386 antem
636 1354 811 1401 propter
833 1344 1204 1395 exercitationem,
1237 1354 1311 1384 aut
1344 1354 1519 1400 proptel
1540 1353 1771 1385 consuetu-

327 1404 470 1444 dinem
504 1404 705 1458 aliquam,
728 1401 921 1443 callidius
946 1401 987 1441 id
1022 1401 1204 1453 faciant3
1237 1416 1321 1442 non
1345 1414 1410 1442 est
1431 1402 1626 1453 dubium,
1648 1402 1769 1457 quin,

331 1461 365 1502 si
398 1461 494 1516 quis
531 1459 894 1509 animadverterit,
931 1459 1033 1513 quid
1069 1459 1138 1508 sit,
1170 1473 1300 1514 quare
1337 1458 1408 1499 alii
1443 1458 1610 1510 melius,
1644 1473 1773 1513 quam

330 1518 401 1560 alii
432 1518 592 1568 dicant,
626 1518 669 1558 id
707 1517 844 1573 possit
873 1525 1037 1557 notare.
1100 1515 1216 1571 Eroo
1240 1516 1280 1557 id
1313 1516 1384 1572 qui
1421 1525 1514 1557 toto
1547 1516 1591 1557 in
1614 1531 1771 1572 genere

333 1575 496 1626 fecerit,
529 1575 562 1615 is
585 1575 618 1615 si
650 1589 734 1615 non
760 1573 882 1630 plane
908 1582 1058 1623 utem,
1086 1582 1130 1614 at
1151 1574 1270 1628 quasi
1303 1583 1437 1614 artem
1460 1574 1675 1629 quandam
1706 1574 1772 1616 in-

271 1634 510 1677 33v·ene1it.
570 1631 715 1696 Atque
746 1631 925 1680 utinam,
949 1640 996 1672 ut
1027 1630 1132 1671 mihi
1166 1631 1235 1671 illa
1259 1631 1400 1671 videre
1432 1631 1578 1672 videor
1611 1632 1652 1672 in
1677 1630 1773 1673 foro

333 1701 461 1746 atque
491 1691 534 1730 in
567 1691 720 1740 causis,
752 1689 812 1729 ita
844 1703 971 1739 nunc,
1002 1688 1365 1744 quemadmodum
1396 1696 1464 1729 63
1474 1688 1777 1745 reperirentur,

333 1762 502 1805 possem
525 1747 648 1788 vobis
667 1747 907 1802 exponere!

392 1805 475 1846 Sed
508 1805 561 1845 de
591 1819 659 1845 me
693 1804 865 1845 videro:
896 1817 1012 1844 nunc
1046 1802 1130 1844 hoc
1165 1817 1377 1859 propono,
1411 1802 1526 1858 quod
1549 1802 1654 1844 mihi
1682 1817 1776 1860 per-

334 1863 461 1913 suasi,
483 1862 679 1917 quamvis
702 1876 767 1902 ars
787 1876 872 1901 non
898 1861 966 1911 sit,
990 1870 1130 1901 tamen
1154 1860 1263 1901 nihil
1281 1875 1371 1901 esse
1393 1859 1592 1926 perfecto⁸
1608 1870 1777 1902 or·ato1e

333 1895 595 1977 praet'larius.
657 1919 785 1969 Nam,
809 1927 855 1958 ut
888 1933 1012 1959 usum
1045 1918 1215 1959 dicendi
1249 1918 1463 1967 omittam,
1485 1918 1558 1972 qni
1583 1917 1624 1959 in
1658 1918 1776 1960 omni

335 1988 489 2041 pacat-t
519 1986 562 2018 et
582 1977 717 2017 libera
748 1976 925 2017 civitate
957 1976 1217 2026 dominatur,
1241 1984 1361 2016 tanta
1382 1975 1616 2016 oblectatio
1638 1984 1702 2016 est
1732 1976 1778 2018 in

336 2050 429 2091 ipsa
463 2034 667 2075 facultate
693 2033 879 2083 dicendi,
910 2042 958 2073 ut
989 2033 1095 2073 nihil
1127 2033 1351 2074 hominum
1382 2041 1456 2073 aut
1477 2032 1666 2084 auribus,
1703 2042 1778 2073 aut

267 2101 322 2134 8}
338 2093 552 2133 mentibus
565 2091 800 2146 jucundius
819 2090 982 2155 percipi
1005 2091 1156 2146 possit.
1217 2090 1305 2136 Qui
1327 2090 1441 2130 enim
1461 2098 1612 2130 cantus
1631 2090 1779 2131 mode-

335 2159 446 2190 ratae
459 2149 665 2189 orationis
687 2148 1039 2204 pronuntiatione
1060 2147 1226 2188 dulcior
1256 2147 1437 2188 inveniti
1461 2149 1631 2202 potest?
1661 2147 1778 2202 quod

335 2221 505 2248 carmen
528 2206 761 2246 artificiosa
782 2205 1010 2246 v·erboium
1041 2204 1317 2245 conclusione
1353 2205 1522 2260 aptius?
1553 2204 1627 2261 qui
1658 2213 1781 2246 actor

335 2264 380 2305 in
403 2263 624 2314 imitanda,
647 2277 776 2318 quam
798 2271 942 2303 orator
964 2263 1007 2303 in
1026 2261 1297 2317 suscipienda
1317 2261 1779 2317 veritatejucundior?

337 2322 455 2368 Quid
499 2330 642 2362 autem
674 2319 886 2371 subtilius,
918 2334 1047 2374 quam
1078 2328 1218 2360 acutae
1248 2320 1497 2375 crebraeque
1528 2319 1779 2360 sententiae?

335 2380 438 2434 quid
462 2378 770 2428 admirabilius,
793 2391 921 2432 quam
954 2391 1017 2417 res
1041 2377 1265 2432 splendore
1288 2376 1498 2417 illustrata
1521 2377 1778 2417 verborum?

334 2437 438 2490 quid
473 2436 653 2492 plenius,
685 2450 813 2490 quam
849 2434 966 2475 omni
1001 2448 1140 2475 lwetum
1175 2449 1330 2490 genere
1363 2433 1581 2475 cumulata
1609 2433 1778 2474 oratio?

337 2494 489 2549 Neque
510 2508 625 2533 enim
656 2492 742 2533 ulla
768 2507 855 2533 non
887 2491 1062 2548 proplia
1082 2492 1263 2533 oratoris
1295 2501 1360 2533 est
1380 2505 1460 2541 reS,
1486 2505 1583 2546 quae
1602 2490 1777 2546 quidem

380 2658 420 2686 95
443 2665 506 2684 non
518 2656 668 2693 gloriose,
693 2656 800 2693 magis
816 2654 889 2694 &c.]
915 2655 968 2685 Sic
992 2654 1040 2684 in·
1084 2654 1171 2685 hunc
1193 2653 1341 2684 ordinem
1366 2653 1502 2689 faciunt,
1527 2653 1636 2692 magis
1655 2663 1678 2684 α
1697 2653 1782 2684 νενέ-

339 2698 507 2737 tcrpunxi‚
532 2702 566 2727 et
589 2698 636 2727 ita
658 2699 764 2728 omnis
787 2697 961 2728 difficultas
976 2697 1040 2727 loci
1083 2701 1163 2734 tate,
1178 2701 1215 2727 ut
1230 2700 1256 2726 t.
1265 2705 1300 2735 p
1325 2696 1394 2726 Nec
1409 2695 1470 2725 hoc
1484 2675 1580 2726 iiiale.

338 2740 482 2775 tollitur,
499 2749 558 2769 nee
574 2748 654 2779 opus
668 2739 843 2769 pem-iano
861 2741 1040 2778 nzagzLeque.
1126 2739 1166 2769 96
1189 2739 1235 2768 ad
1253 2738 1505 2778 pertractandos
1529 2737 1680 2777 animoa]
1718 2736 1779 2768 Ed

339 2783 434 2813 [mnu
428 2794 446 2810 o
463 2781 580 2821 copula
591 2781 774 2819 elegantius
789 2782 892 2812 abest.
925 2782 1040 2822 Quam
1085 2781 1138 2811 W.
1148 2791 1211 2820 per
1213 2786 1245 2811 ιι
1247 2779 1440 2815 actandum
1460 2779 1546 2819 quod
1558 2785 1592 2811 et
1608 2780 1715 2819 ipsum
1731 2789 1780 2810 re-

337 2835 359 2855 a
373 2825 546 2863 dignitate,
563 2823 669 2853 intell.
693 2825 785 2860 artis,
808 2823 846 2853 de
861 2833 924 2863 qua
939 2822 1037 2863 vulgo
1082 2830 1172 2853 ctum
1187 2829 1249 2862 est,
1264 2828 1299 2855 et
1313 2822 1354 2854 ab
1365 2822 1558 2862 antiquariis
1571 2822 1685 2862 utique
1698 2831 1780 2863 prae-

337 2867 513 2906 praedicare
530 2865 638 2895 solent
651 2866 683 2895 in
701 2865 862 2906 principio
877 2864 1036 2896 doctrinae
1079 2865 1214 2898 seretur.

337 2909 478 2950 alicujus
491 2908 701 2949 explicandae.
744 2908 807 2939 ΜΞ.
824 2908 862 2938 Ε.
876 2908 925 2939 ed.
942 2907 1031 2948 Lips.
