1914 3220
678 153 1077 199 PRAEFATIO.
1534 157 1593 199 liii

151 261 383 308 bliothecae
414 280 502 308 suae
524 265 716 322 prodidit
746 266 816 307 ille
848 267 926 308 Vir
955 267 1124 318 doctus,
1150 265 1461 309 demonstrant.
1524 269 1592 311 Ex

139 330 281 388 ’hujus
311 343 455 375 autem
495 334 697 375 editionis
739 334 950 390 exemplis
987 344 1129 376 cetera
1160 335 1339 376 fluxere.
1401 335 1515 377 Nam
1549 348 1593 378 et

148 414 264 456 saepe
294 401 523 458 repetitum
546 411 610 443 est
632 402 946 444 Jensonianum
977 402 1241 458 exemplum,
1264 403 1355 443 sine
1387 402 1472 444 ulla
1496 419 1591 445 inu-

149 468 325 520 tatione,
360 470 566 525 subjectis
597 470 727 511 etiam
773 471 965 512 versibus
1002 471 1168 522 iisdem,
1203 478 1246 511 et
1279 471 1370 511 sine
1405 471 1588 527 alicujus

142 536 246 576 novi
290 537 391 577 boni
433 539 692 590 accessione,
726 547 772 579 ut
809 545 929 584 1474.
968 537 1226 590 Mediolani,
1257 547 1301 579 et
1337 540 1459 584 1476.
1495 540 1586 581 sine

143 601 228 644 loci
269 613 313 644 et
353 605 453 646 anni
493 615 597 647 nota
627 609 707 648 &a
742 606 936 647 Venetiis
976 612 1097 653 1479.
1136 612 1256 652 1487.
1295 614 1371 648 aut
1411 607 1584 662 adjecto

144 668 370 712 Omniboni
389 672 729 726 Commentario,
754 689 801 715 ut
824 675 978 715 Venet.
1008 679 1129 716 1483.
1159 680 1279 721 1490.
1303 677 1383 716 &a
1406 689 1486 715 nee
1509 675 1584 716 ulli

139 737 210 778 alii
251 738 350 780 libri
389 749 478 781 tam
516 756 630 798 saepe
663 742 835 798 repetiti
871 750 971 783 sunt
1000 742 1330 798 typographicis
1371 742 1584 794 formulis,

136 820 265 861 quam
297 807 342 848 hi
376 808 474 865 ipsi,
497 819 625 865 atque
653 811 848 861 eandem,
868 819 1046 866 propter
1074 824 1204 866 quam
1239 811 1396 866 saepius
1427 812 1580 853 ceteris

94 908 96 910 ,
134 873 372 931 descriptos
406 877 611 930 diximus,
640 893 850 919 caussam.
912 877 1066 934 Itaque
1101 878 1451 920 Omnibonianus
1484 889 1582 920 tex-

133 949 202 982 tus
222 941 306 984 fuit
329 944 440 986 basis
464 946 658 986 omnium
691 946 906 987 editorum
928 946 1069 1002 prima
1102 954 1231 986 aetate
1263 946 1578 1002 exemplorum.

131 1007 279 1066 Atque
296 1011 396 1054 1100
427 1023 492 1054 est
514 1013 566 1054 iis
590 1013 709 1055 libris
741 1029 972 1056 commune
1003 1028 1102 1055 011111
1133 1013 1254 1055 libris
1279 1014 1502 1056 Ciceronis
1525 1016 1578 1057 de

131 1076 405 1121 Inventione.
467 1080 759 1138 Reperiuntur
802 1092 945 1123 tamen
988 1091 1032 1123 et
1068 1082 1281 1138 exempla,
1325 1097 1422 1137 quae
1463 1083 1576 1124 solos

128 1145 223 1187 illos
255 1148 308 1188 ad
341 1148 610 1191 Herennium
641 1150 773 1191 libros
795 1150 983 1203 habent3
1016 1165 1200 1205 quorum
1231 1151 1575 1192 vetustissimum

128 1224 193 1255 est
225 1216 315 1256 sine
345 1217 493 1268 dubio,
515 1217 630 1273 quod
655 1217 808 1259 Romae
833 1217 996 1260 factum
1027 1226 1106 1269 est,
1128 1232 1205 1274 per
1232 1216 1497 1259 Vendelinmn
1521 1220 1575 1260 de

133 1279 239 1323 Wila
266 1282 310 1323 in
341 1284 504 1325 artibus
537 1285 818 1342 Magistrum,
850 1301 888 1327 a.
926 1291 1046 1331 1474.
1079 1285 1110 1326 f.
1174 1285 1242 1326 Ex
1273 1285 1340 1326 his
1372 1301 1450 1327 nos
1482 1302 1573 1328 ma*

125 1349 244 1390 xime
271 1350 336 1391 usi
368 1367 514 1393 sumus
545 1362 588 1394 et
619 1353 702 1394 hoc
734 1354 828 1410 ipso
855 1352 1071 1394 Vetzdelini
1092 1352 1308 1410 exemplo,
1340 1363 1384 1394 et
1417 1353 1572 1395 Omni-

124 1417 313 1460 boniano
341 1421 462 1472 1476,
485 1435 508 1461 e
529 1436 615 1476 quo
637 1421 845 1463 lectiones
868 1423 999 1463 etiam
1021 1431 1298 1478 excerpserat
1325 1420 1569 1463 Oudendor-

112 1486 227 1542 pius.
291 1487 434 1529 Facile
456 1498 601 1530 autem
633 1490 904 1547 intelligitur,
938 1490 981 1531 in
1005 1490 1070 1531 his
1091 1490 1228 1542 libris,
1252 1499 1428 1547 propter
1450 1491 1567 1532 illam

120 1554 257 1610 ipsam
280 1555 604 1598 multitudinem
626 1558 925 1615 exemplorum
946 1559 1170 1614 utriusque
1192 1559 1379 1615 generiS,
1402 1574 1567 1616 perma-

118 1636 250 1678 gnam
272 1638 363 1665 esse
397 1625 594 1666 lectionis
628 1627 906 1668 varietatem:
949 1641 1046 1682 quae
1078 1626 1157 1667 etsi
1190 1626 1393 1682 optabilis
1425 1637 1491 1668 est
1511 1629 1566 1678 ei,

117 1691 191 1746 qui
209 1691 260 1732 ad
281 1701 452 1734 textum
473 1695 775 1750 castigandum
796 1695 986 1747 accedit3
1011 1703 1154 1736 tamen
1175 1695 1401 1750 negotium
1420 1695 1562 1752 ipsum

116 1758 223 1800 facit
241 1761 460 1803 difficilius
482 1778 532 1804 ac
553 1763 792 1805 molestius.
854 1763 905 1803 In
928 1778 1013 1818 qno
1037 1763 1122 1804 hoc
1144 1764 1285 1804 minus
1308 1773 1388 1814 est,
1420 1779 1445 1805 a
1476 1780 1563 1821 quo

113 1829 343 1869 sustentari
362 1829 597 1872 laborantis
620 1831 788 1872 animus
811 1831 963 1888 possit,
986 1831 1102 1886 quod
1123 1831 1192 1872 ille
1214 1831 1337 1872 labor
1357 1831 1444 1872 fere
1469 1833 1561 1873 sine

112 1894 257 1937 fructu
279 1897 333 1938 ad
352 1897 458 1939 alios
477 1898 745 1940 exhauritur.
808 1899 923 1940 Nam
955 1899 998 1939 111
1026 1899 1122 1939 libri
1156 1899 1351 1940 omnium
1382 1900 1562 1940 minime

111 1962 242 2005 hodie
264 1965 467 2021 leguntur
497 1967 550 2007 ab
575 1967 776 2008 studiosis
797 1967 899 2008 artis
932 1968 1197 2023 omninoque
1219 1967 1430 2009 doctrinae
1454 1967 1563 2008 libe-

109 2031 234 2074 ralis:
267 2033 374 2075 adeo
398 2048 607 2076 conversa
637 2044 736 2076 sunt
757 2035 985 2076 hominum
1001 2035 1173 2090 judicia
1203 2044 1246 2076 et
1268 2035 1436 2077 studia!
1471 2034 1562 2076 Ita-

109 2114 194 2156 que
216 2101 372 2142 nullius
396 2102 502 2144 alius
526 2102 652 2144 facile
670 2103 828 2145 laboris
849 2104 892 2144 in
916 2103 999 2145 hoc
1018 2103 1194 2159 quidem
1227 2118 1383 2159 genere
1398 2103 1561 2159 jucun-

108 2169 205 2211 dior
237 2170 363 2211 nobis
398 2171 495 2211 finis
526 2171 624 2223 fuit,
658 2187 789 2228 quam
811 2172 885 2227 qui
919 2172 965 2212 in
998 2172 1154 2213 horum
1185 2171 1396 2212 librorum
1430 2181 1557 2213 textu

109 2238 417 2280 constituendo
439 2248 504 2280 est
520 2255 545 2281 a
566 2240 692 2281 nobis
715 2249 984 2282 consumtus.
1478 2283 1487 2294 ,

163 2306 266 2347 Non
285 2307 423 2348 multo
444 2322 564 2348 secus
596 2307 679 2348 fuit
710 2308 755 2349 in
782 2308 904 2350 libris
935 2308 984 2350 cle
1017 2308 1276 2360 Inventione,
1309 2309 1383 2364 qui
1406 2317 1450 2349 et
1473 2309 1557 2365 ipsi

106 2372 239 2416 hodie
279 2375 400 2416 valde
438 2375 733 2432 negliguntur.
803 2375 856 2417 In
891 2376 942 2418 iis
978 2377 1106 2418 nobis
1139 2385 1298 2433 praeter
1335 2375 1558 2432 Excerpta

103 2441 320 2485 Codicum
362 2444 744 2501 Oudendorpiana,
784 2453 828 2485 et
866 2445 963 2486 edd.
1001 2453 1377 2495 commemoratas,
1421 2444 1554 2486 etiam

100 2511 302 2568 profuere
321 2512 449 2553 variae
472 2512 679 2553 lectiones
698 2513 795 2554 libri
824 2512 1074 2563 Cassellani,
1097 2527 1202 2568 quas
1229 2510 1396 2553 Cortius
1418 2512 1471 2553 V.
1497 2512 1551 2554 C.

100 2579 146 2620 in
186 2581 380 2636 margine
415 2580 716 2637 Verburgiano
758 2581 1001 2637 scripserat,
1035 2580 1225 2636 itemque
1257 2580 1410 2621 Codex
1449 2581 1555 2621 seri-

98 2657 199 2702 ptus
238 2649 312 2703 qui
350 2663 373 2688 e
420 2648 535 2689 Bibl.
579 2648 924 2704 Guelferbytana
962 2649 1088 2690 nobis
1122 2657 1187 2689 est
1234 2649 1550 2704 suppeditatUS.

99 2713 153 2755 In
188 2725 371 2771 utroque
412 2717 622 2773 opusculo
664 2718 954 2758 communiter
989 2717 1122 2757 etiam
1162 2716 1427 2757 contulimus
1459 2716 1551 2757 edi-

98 2782 238 2824 tiones
262 2783 358 2825 See.
382 2784 512 2825 XVI.
546 2784 759 2841 principio
791 2783 943 2836 factas,
966 2784 1154 2841 primum
1185 2783 1413 2826 Juntinam
1447 2782 1550 2823 anni

103 2856 225 2894 1508.
249 2857 289 2894 8.
320 2853 476 2895 deinde
492 2852 697 2895 Aldinam
720 2868 758 2894 a.
787 2858 908 2896 1514.
941 2857 982 2894 8.
1045 2850 1101 2893 Et
1122 2852 1351 2895 Juntinam
1372 2851 1549 2908 quidem

741 2921 767 2962 d
792 2927 817 2963 3
