1945 3235
716 128 996 169 BRUTU&
1504 131 1586 172 437

134 224 364 281 intellexit,
386 230 517 274 etiam
545 231 588 273 in
623 231 763 273 soluta
790 233 999 283 oratione,
1029 232 1133 274 dum
1155 247 1324 274 versum
1352 231 1580 288 effugeres,

130 284 310 327 modum
352 296 509 340 tamen,
546 297 590 330 et
626 304 851 331 numerum
899 290 1114 345 quendam
1157 301 1356 344 oportere
1399 290 1573 331 servari.

130 341 249 383 Ante
271 343 386 387 hunc
405 347 519 388 enim
552 348 781 388 verborum
811 348 932 403 quasi
965 357 1193 396 structura,
1225 354 1268 386 et
1297 348 1496 401 quaedam
1519 348 1636 392 31133

129 411 358 443 numerum
391 403 626 455 conclusio,
656 405 771 445 nulla
803 414 917 446 erat:
953 414 1041 456 aut,
1077 404 1112 444 si
1148 403 1321 459 quando
1357 414 1461 454 erat,
1484 419 1573 447 non

131 461 369 513 apparebat
390 475 483 501 eam
515 461 660 502 dedita
690 476 821 517 opera
855 476 946 502 esse
976 461 1226 518 quaesitam:
1259 475 1355 516 quae
1390 459 1572 503 forsitan

126 512 218 555 laus
241 517 316 559 sit:
349 527 642 559 verumtamen
664 529 817 560 natura
838 519 977 575 magis
1008 530 1114 570 tum,
1137 532 1325 573 casuque
1355 532 1571 559 nonnum-

125 584 272 625 quam,
297 577 475 630 ¹5quam
507 584 582 616 aut
609 577 776 617 ratione
809 577 966 632 aliqua,
988 586 1062 617 aut
1089 576 1391 617 observatione
1421 575 1568 616 fiebat.

126 626 229 684 Ipsa
250 631 363 672 enim
386 641 538 673 natura
556 633 957 691 circumscriptione
979 634 1163 689 quadam
1188 634 1417 675 verborum
1448 640 1631 677 com-34

122 686 366 740 prehendit,
393 689 701 746 concluditque
729 693 1013 733 sententiam:
1056 707 1153 746 quae
1185 706 1281 732 cum
1315 690 1427 747 aptis
1464 705 1569 732 con-

121 743 271 785 stricta
295 745 434 787 verbis
465 758 544 799 est,
578 750 694 789 cadit
717 750 849 790 etiam
880 749 1130 805 plerumque
1152 763 1393 789 numerose.
1454 748 1572 790 Nam

119 808 164 839 et
192 815 314 842 aures
337 803 444 859 ipsae
467 805 571 860 quid
594 806 783 862 plenum,
805 807 910 863 quid
942 807 1067 847 inane
1090 806 1159 857 sit,
1179 806 1398 861 judicant,
1419 814 1463 847 et
1483 807 1570 862 spi-

116 855 219 908 ritu,
246 863 368 914 quasi
392 863 649 905 necessitate
679 864 836 920 aliqua,
870 865 1098 906 verborum
1131 864 1460 919 comprehensio
1483 873 1569 905 ter-

116 914 331 960 minatur:
365 919 408 960 in
431 934 518 975 quo
543 935 630 962 non
653 923 783 963 modo
806 922 948 973 defici,
972 922 1045 963 sed
1067 923 1197 962 etiam
1217 921 1411 962 laborare
1440 930 1566 978 turpe

114 981 194 1013 est.
256 973 367 1016 Tum
388 976 472 1018 fuit
496 978 660 1034 Lysias,
684 980 776 1036 ipse
795 980 969 1035 quidem
990 980 1033 1020 in
1053 979 1192 1020 causis
1211 979 1453 1020 forensibus
1476 994 1561 1020 non
1576 972 1613 1026 9

114 1040 322 1084 versatus,
346 1035 419 1077 sed
454 1037 628 1093 egregie
653 1037 822 1078 subtilis
853 1037 1052 1094 scriptor,
1075 1048 1203 1092 atque
1222 1036 1410 1092 eleganS,
1433 1051 1561 1092 quem
1573 1044 1626 1078 35

105 1085 201 1141 jam
232 1104 369 1147 prope
401 1093 557 1134 audeas
592 1105 806 1135 oratorem
843 1095 1083 1151 perfectum
1115 1095 1271 1135 dicere.
1303 1109 1403 1135 nam
1436 1094 1564 1151 plane

112 1145 287 1198 quidem
311 1149 567 1204 perfectum,
586 1161 630 1192 et
657 1153 725 1193 cui
750 1152 858 1193 nihil
886 1153 1120 1193 admodum
1143 1152 1268 1202 desit,
1300 1151 1564 1193 Demosthe-

110 1215 210 1244 nem
225 1204 352 1247 facile
369 1208 545 1250 dixeris.
607 1209 730 1250 Nihil
749 1219 874 1251 acute
894 1210 1074 1251 inveniri
1094 1210 1239 1266 potuit
1255 1210 1298 1250 in
1323 1209 1384 1250 eis
1407 1210 1564 1262 causis,

109 1273 216 1314 quas
250 1264 437 1320 scripsit,
471 1266 579 1307 nihil
598 1271 666 1320 (ut
700 1268 761 1308 ita
793 1268 955 1318 dicam)
992 1267 1186 1319 subdole,
1220 1266 1330 1308 nihil
1375 1272 1562 1320 versute,

108 1319 226 1371 q'uod
260 1321 329 1362 ille
366 1337 454 1364 non
488 1324 664 1376 viderit3
706 1325 817 1366 nihil
854 1325 1069 1366 subtiliter
1107 1325 1209 1375 dici,
1249 1324 1358 1365 nihil
1401 1338 1561 1380 presse,

106 1375 217 1417 nihil
238 1379 473 1432 enucleate,
497 1396 582 1436 quo
608 1382 698 1423 fieri
721 1384 859 1439 possit
890 1383 1052 1439 aliquid
1076 1382 1288 1424 limatius:
1322 1382 1430 1423 nihil
1454 1397 1559 1424 con-

106 1439 172 1473 tra
188 1437 364 1491 grande,
385 1439 493 1479 nihil
511 1440 756 1492 incitatum,
775 1441 885 1481 nihil
905 1450 1106 1482 ornatum
1127 1440 1193 1481 vel
1215 1440 1443 1481 verborum
1461 1454 1561 1495 gra-

103 1490 254 1544 vitate,
269 1494 336 1535 vel
353 1497 679 1548 sententiarum,
701 1513 788 1553 quo
811 1498 1048 1553 quidquam
1071 1506 1183 1539 esset
1205 1497 1373 1538 elatius.
1436 1497 1557 1540 Huic
1568 1501 1623 1538 36

104 1545 352 1605 Hyperides
375 1556 615 1609 proximus,
640 1564 684 1595 et
706 1555 936 1596 AEschines
959 1555 1057 1607 fuit,
1079 1565 1123 1596 et
1152 1555 1389 1610 Lycurgus,
1408 1564 1452 1595 et
1478 1555 1558 1596 Di-

101 1607 302 1661 narchus,
325 1619 369 1651 et
390 1611 441 1662 is,
464 1611 588 1667 cujus
610 1611 727 1653 nulla
745 1622 919 1654 exstant
942 1614 1117 1669 scripta,
1143 1612 1375 1664 Demades,
1396 1612 1557 1668 aliique

101 1662 258 1718 plures.
321 1666 434 1709 Hoec
455 1671 571 1710 enim
594 1679 699 1711 aetas
720 1669 875 1711 effudit
895 1670 1008 1711 hanc
1025 1671 1220 1727 copiam3
1252 1678 1310 1720 et,
1335 1679 1382 1710 ut
1404 1670 1555 1726 opinio

99 1733 198 1762 mea
219 1723 317 1774 fert,
341 1740 494 1767 succus
524 1727 607 1778 ille,
630 1736 674 1768 et
698 1728 872 1784 sanguis
905 1728 1179 1784 incorruptus
1207 1741 1343 1782 usque
1365 1727 1418 1768 ad
1443 1728 1556 1770 hanc

99 1787 276 1822 aetatem
304 1792 524 1825 oratorum
547 1784 644 1836 fuit,
667 1786 712 1826 in
735 1800 821 1840 qua
843 1786 1049 1826 naturalis
1073 1786 1246 1835 inesset,
1270 1800 1357 1825 non
1381 1784 1553 1827 fucatus

99 1836 232 1880 nitor.
295 1839 527 1883 Phalereus
563 1843 680 1883 enim
725 1843 932 1884 successit
973 1843 1034 1884 eis
1075 1843 1248 1884 senibus
1286 1842 1550 1896 adolescens,
1562 1853 1617 1894 37

99 1896 415 1939 eruditissimus
439 1900 508 1941 ille
537 1900 712 1955 quidem
742 1900 896 1941 hortun
921 1901 1131 1951 omnium,
1154 1901 1228 1941 sed
1254 1915 1339 1941 non
1372 1909 1460 1941 tam
1483 1916 1550 1942 31·-

97 1953 178 1993 mis
193 1954 431 2007 institutus,
450 1972 578 2013 quam
597 1958 809 2014 palaestra.
828 1958 973 2013 itaque
995 1958 1239 1999 delectabat
1257 1958 1397 2014 magis
1411 1957 1550 2000 Athe·

96 2010 281 2064 Dienses,
305 2028 435 2070 quam
458 2016 772 2057 inflammabat.
804 2025 1070 2072 processerat
1100 2017 1216 2057 enim
1249 2015 1292 2056 in
1325 2015 1473 2067 solem,
1503 2017 1683 2057 etp.168,

94 2068 330 2123 pulverem,
364 2085 451 2113 non
486 2084 534 2115 ut
566 2088 589 2114 e
622 2073 798 2114 militari
836 2073 1130 2125 tabernaculo,
1161 2073 1234 2113 sed
1271 2082 1319 2113 ut
1352 2087 1375 2113 e
1403 2068 1587 2115 Theo-³·

95 2125 276 2181 phrasti,
307 2130 548 2172 doctissimi
580 2130 785 2181 hominis,
822 2131 1100 2173 umbraculis.
1163 2130 1253 2172 Hic
1284 2130 1447 2186 primus
1480 2132 1608 2173 iii-38

94 2184 221 2226 flexit
248 2187 504 2241 orationem,
534 2198 578 2230 et
608 2203 701 2229 eam
735 2188 908 2230 mollem
942 2198 1219 2244 teneramque
1249 2187 1458 2229 reddidit:
1502 2198 1547 2230 et

95 2244 251 2295 suavis,
266 2246 378 2286 sicut
400 2245 497 2298 fuit,
511 2247 646 2289 videri
666 2246 975 2301 maluit,quam
998 2247 1166 2303 gravis:
1189 2246 1260 2287 sed
1282 2246 1320 2276 16
1332 2246 1546 2288 suavitate

92 2314 157 2352 ea,
179 2316 265 2357 qua
290 2302 564 2358 perfunderet
593 2304 776 2354 animos,
809 2319 896 2346 non
926 2319 1011 2360 qua
1033 2304 1339 2361 perfringeret:
1374 2312 1546 2345 tantum

92 2367 141 2400 ut
177 2360 432 2401 memoriam
468 2361 775 2404 concinnitatis
810 2376 914 2414 suae,
944 2377 1032 2403 non
1071 2360 1459 2418 (quemadmodum
1491 2361 1545 2403 de

135 2487 173 2516 15
187 2495 288 2525 quam
309 2491 371 2518 aut
383 2498 413 2518 r.
429 2488 479 2528 α.]
503 2487 619 2520 Addidi
641 2497 743 2528 quam
755 2489 796 2518 e'x
838 2490 1005 2527 coguntur
1013 2486 1054 2518 ad
1067 2486 1274 2517 voluntatem
1288 2485 1440 2517 dicentis:
1457 2485 1546 2526 quod

91 2526 142 2558 ed.
166 2527 239 2560 Ald.
261 2540 359 2569 quam
380 2531 510 2562 videtur
532 2531 717 2570 intelligere
739 2531 796 2562 Ri-
839 2540 905 2560 non
921 2540 990 2561 esse
1004 2530 1134 2560 videtur
1154 2540 1173 2560 a
1195 2529 1357 2560 suavitate
1371 2530 1546 2560 orationis.

91 2569 176 2607 vius,
192 2575 309 2603 veteris
324 2575 374 2604 ed.
389 2575 536 2605 nomine.
582 2574 634 2604 Sic
649 2578 683 2604 et
695 2574 794 2605 Junt.
838 2572 912 2603 Nisi
938 2583 1013 2603 vero
1039 2572 1240 2611 intelligitur
1266 2572 1408 2602 suavitas
1429 2583 1447 2602 e
1469 2571 1546 2602 sub-

91 2610 202 2643 Etiam
225 2614 293 2646 sine
314 2616 405 2647 libris
422 2616 495 2647 addi
519 2615 670 2654 debebat,
687 2622 726 2647 ut
747 2617 795 2647 fe·
838 2615 909 2646 limi
925 2625 1044 2654 genere
1066 2615 1238 2650 orationis,
1254 2623 1327 2653 quae
1349 2614 1448 2645 etiam
1474 2615 1546 2644 vin.

90 2664 163 2685 cere
177 2655 340 2688 Victorius
354 2664 388 2689 et
402 2659 518 2690 Lamb.
837 2658 896 2694 cit,
912 2662 947 2688 et
960 2658 1051 2696 quasi
1067 2658 1167 2697 cogit.
1202 2658 1255 2687 Sic
1268 2656 1407 2687 videtur.
1445 2656 1545 2687 Certe

135 2698 172 2728 16
181 2701 343 2731 suavitate
352 2711 403 2738 ea,
416 2712 481 2742 qua
486 2700 574 2742 per-f.
587 2712 618 2733 a.
629 2711 692 2732 non
701 2711 729 2742 q.
735 2701 788 2741 μ]
837 2700 885 2731 nil
907 2700 1025 2730 melius
1047 2701 1125 2730 seio.
1172 2699 1288 2730 Delevi
1304 2709 1399 2738 porro
1415 2703 1446 2729 et
1464 2704 1544 2729 ante

87 2738 112 2769 i.
126 2750 154 2770 e.
171 2751 235 2780 qua
257 2743 375 2774 leniter
390 2745 533 2774 afficeret
544 2749 579 2775 et
599 2744 792 2775 delectaret.
837 2741 1107 2781 tantum‚quode
1118 2742 1210 2772 finali
1226 2741 1440 2783 praecedentis
1454 2741 1543 2771 verbi

89 2781 150 2813 Sed
167 2785 244 2823 quid
257 2791 307 2816 est
321 2787 485 2817 suavitate
494 2785 707 2827 perti-ingere
720 2788 793 2817 ani·
840 2789 956 2817 natum
971 2789 1032 2815 est.
1079 2785 1131 2814 Sic
1147 2785 1234 2815 enim
1260 2783 1345 2816 solet
1366 2784 1494 2822 Cicero,
1508 2788 1545 2815 et

87 2826 178 2857 mos?
202 2826 457 2870 Perfringuntur
470 2830 586 2870 animi,
609 2836 686 2862 cum
700 2829 794 2870 quasi
836 2828 883 2859 sic
905 2827 1012 2861 voluit
1026 2827 1247 2860 GuilielmiuS.

742 2869 863 2916 rf3
