1945 3235
389 162 441 196 58
866 160 946 198 AD
980 159 1358 199 HERENNIUM

390 270 464 303 aut
485 261 538 303 ad
563 261 898 305 misericordiam
924 264 1056 305 trahit
1085 264 1292 305 auditoris
1323 264 1530 305 animum.
1592 265 1740 307 Sermo
1763 264 1829 307 di-

390 319 552 361 viditur
593 320 634 361 in
679 329 819 377 partes
858 331 1056 375 quatuor,
1089 321 1362 377 dignitatem,
1398 321 1828 373 demonstrationem,

391 377 996 432 narrationem,jocationem.
1062 378 1264 433 Dignitas
1295 389 1360 419 est
1392 378 1530 419 oratio
1561 394 1660 420 cum
1683 379 1827 434 aliqua

391 435 619 487 gravitate,
652 445 692 475 et
728 435 846 475 vocis
879 435 1148 477 remissione:
1190 436 1502 477 demonstratio
1524 437 1640 477 67est
1671 437 1826 487 oratio,

390 506 487 546 quae
511 493 636 533 docet
663 492 836 532 remissa
860 507 980 542 voce,
1004 493 1224 547 quomodo
1255 493 1358 548 quid
1393 493 1481 533 fieri
1516 493 1719 549 potuerit,
1749 502 1827 534 aut

390 563 475 590 non
509 551 719 605 potuerit:
754 550 942 589 narratio
965 560 1029 590 est
1052 564 1189 592 rerum
1223 562 1456 605 gestarum,
1476 559 1550 590 aut
1582 550 1759 606 perinde
1780 559 1828 591 ut

390 616 625 660 gestarum,
656 607 899 661 expositio:
926 607 1094 660 jocatio
1124 615 1189 648 est
1222 609 1376 659 oratio,
1406 623 1502 662 qua‘.
1534 622 1587 648 ex
1619 608 1763 662 aliqua
1783 621 1828 648 re

392 666 521 704 risum
543 664 773 719 pudentem
806 673 850 703 et
880 664 1095 705 liberalem
1130 674 1273 720 potest
1306 679 1570 721 comparare.
1633 664 1828 706 Conten-

391 721 453 760 tio
486 720 693 761 dividitur
720 720 761 761 in
794 722 1165 762 continuationem
1197 733 1240 762 et
1279 722 1645 763 distributionem.
1706 721 1827 763 Con-

392 778 576 818 tinuatio
630 787 694 818 est
737 779 945 818 orationis
992 780 1269 821 enuntianda]
1313 779 1566 821 acceleratio
1607 779 1827 821 clamosa:

391 834 640 876 distributio
663 844 728 876 est
750 835 792 875 in
811 837 1091 877 contentione
1122 837 1261 877 oratio
1285 836 1499 892 frequens,
1530 851 1629 877 cum
1654 837 1759 878 raris
1782 845 1825 878 et

328 897 377 930 24
395 893 594 933 brevibus
625 892 874 943 intervallis,
896 893 983 933 acri
1015 892 1339 935 vociteratione.
1399 894 1697 952 Ainplit‘ieatio
1719 893 1829 935 divi-

389 950 506 990 ditur
527 950 570 991 in
593 950 939 991 cohortationem
963 959 1007 990 et
1036 952 1407 1005 conquestionem.
1471 951 1732 993 Cohortatio
1749 960 1828 1001 est,

388 1022 487 1061 quae
506 1006 680 1062 aliquod
695 1016 922 1062 peecatum
936 1006 1219 1063 amplificam,
1234 1009 1475 1049 auditorem
1493 1009 1547 1050 ad
1563 1008 1827 1050 iracundiam

388 1064 589 1105 adducit:
630 1064 884 1119 conquestio
916 1073 981 1106 est.
1014 1065 1168 1115 oratio,
1202 1080 1300 1119 qua:
1332 1064 1708 1107 incommodorum
1739 1080 1830 1106 am-

387 1121 654 1177 plificatione
686 1122 878 1162 animum
910 1122 1119 1162 auditoris
1149 1122 1201 1162 ad
1238 1122 1578 1163 misericordiam
1615 1123 1827 1179 perducit.

390 1178 610 1224 Quoniam
634 1180 767 1235 igitur
796 1179 1022 1220 mollitudo
1047 1179 1164 1220 vocis
1189 1179 1230 1220 in
1258 1189 1341 1220 tres
1361 1190 1502 1236 partes
1525 1179 1665 1221 divisa
1685 1190 1764 1230 est,
1786 1189 1830 1220 et

388 1235 458 1277 hae
492 1247 634 1292 partes
665 1238 771 1293 ipsae
804 1237 898 1277 68in
934 1246 1033 1277 oeto
1067 1237 1170 1277 alias
1203 1237 1446 1279 distributae
1479 1250 1594 1287 sunt,
1624 1251 1722 1293 quae
1754 1251 1830 1278 cu-

381 1293 542 1350 jusque
583 1294 740 1334 idonea
780 1294 1078 1350 pronuntiatio
1121 1295 1191 1344 sit,
1230 1294 1613 1336 demonstrandum
1647 1295 1829 1336 videtur.

308 1345 376 1393 14
389 1352 539 1392 Sermo
561 1365 660 1393 cum
683 1351 810 1393 estin
833 1351 1062 1407 dignitate,
1085 1351 1222 1408 plenis
1242 1352 1439 1393 faucibus
1459 1366 1588 1408 quam
1612 1351 1828 1394 sedatissi-

386 1424 458 1450 ma
478 1418 522 1451 et
543 1409 865 1465 depressissima
886 1424 992 1450 voce
1014 1410 1077 1450 uti
1100 1410 1354 1452 conveniet:
1386 1409 1447 1450 ita
1470 1420 1628 1460 tamen,
1647 1420 1697 1451 ut
1717 1410 1758 1444 69
1775 1423 1829 1450 ne

386 1467 442 1508 ab
469 1466 659 1508 oratoria
690 1466 1004 1508 consuetudine
1034 1466 1085 1507 ad
1128 1467 1337 1522 tragicam
1368 1477 1651 1508 transeamus.
1714 1465 1827 1508 Cum

385 1534 530 1565 autem
563 1534 629 1565 est
662 1524 706 1564 in
736 1524 1121 1574 demonstratione,
1161 1538 1267 1565 voce
1304 1524 1541 1581 paullulum
1584 1533 1824 1575 attenuata,

385 1582 546 1623 crebris
581 1581 815 1623 intervallis
848 1591 893 1622 et
923 1581 1210 1623 divisionibus
1253 1584 1315 1623 uti
1359 1581 1604 1638 oportebit:
1646 1590 1695 1623 ut
1735 1581 1830 1638 ipsa

384 1638 739 1696 pronuntiatione
772 1653 842 1679 eas
874 1653 954 1690 reS,
981 1653 1086 1695 quas
1121 1639 1529 1690 demonstrabimus,
1549 1639 1734 1681 inserere
1765 1647 1830 1679 at-

384 1710 468 1752 que
491 1697 746 1738 intersecare
767 1697 990 1738 videamur
1011 1697 1055 1737 in
1074 1696 1232 1737 animis
1251 1697 1514 1738 auditorum.
1548 1695 1662 1738 Cum
1684 1702 1829 1738 autem

385 1767 524 1796 sermo
547 1754 591 1796 in
623 1754 868 1796 narratione
899 1763 978 1806 est,
1002 1763 1094 1794 tum
1117 1768 1275 1808 vocum
1298 1755 1506 1796 varietate
1531 1768 1641 1811 opus
1663 1762 1743 1805 est,
1766 1763 1832 1804 ut,

383 1826 471 1867 qno
488 1812 679 1868 quidque
703 1820 832 1869 pacto
855 1821 1027 1869 gestum
1047 1812 1116 1862 sit,
1140 1811 1201 1852 ita
1222 1813 1383 1853 narrari
1402 1812 1612 1853 videatur.
1646 1811 1830 1852 Strenue

383 1869 500 1925 quod
543 1869 742 1911 volumus
790 1870 1016 1911 ostendere
1056 1869 1235 1919 factum,
1285 1869 1561 1910 eeleriuscule
1607 1868 1828 1910 dicemus:

383 1929 425 1960 70
435 1936 479 1968 at
496 1926 611 1968 aliud
632 1926 785 1978 otiose,
808 1926 1138 1968 retardabimus.
1201 1925 1372 1968 Deinde
1391 1927 1521 1968 modo
1544 1926 1713 1977 acriter,
1736 1934 1829 1967 tum

384 1983 632 2036 clementer,
663 1993 838 2036 moeste,
870 1984 1062 2026 hilariter
1104 1984 1148 2025 in
1179 1998 1329 2026 omnes
1364 1994 1507 2040 partes
1540 1983 1831 2026 commutabi-

382 2056 494 2093 muS,
517 2051 566 2083 ut
597 2043 741 2092 verba,
775 2042 836 2083 ita
867 2041 1282 2099 pronuntiationem.
1346 2042 1391 2082 Si
1414 2057 1500 2097 qua
1531 2041 1764 2082 inciderint
1784 2041 1829 2082 in

384 2100 632 2141 narratione
663 2099 795 2150 dicta,
820 2108 986 2156 rogata,
1011 2113 1228 2155 responsa,
1252 2099 1285 2139 si
1309 2113 1407 2155 quae
1431 2098 1753 2149 admirationes,
1776 2098 1830 2139 de

385 2156 544 2212 quibus
566 2171 646 2198 nos
669 2156 961 2208 narrabimus3
993 2155 1224 2212 diligenter
1254 2156 1447 2197 animum
1469 2156 1758 2206 advertemus,
1781 2165 1830 2196 ut

385 2215 580 2256 omnium
614 2228 894 2270 personarum
921 2228 1083 2264 sensus,
1117 2223 1247 2268 atque
1277 2215 1444 2255 animos
1476 2227 1582 2255 voce
1611 2213 1831 2269 exprima-

320 2281 371 2315 25
385 2286 495 2313 muS.
556 2271 633 2313 Sin
657 2272 738 2312 erit
759 2286 897 2312 sermo
920 2271 1218 2326 injocatione,
1239 2269 1390 2312 leniter
1410 2271 1696 2312 tremebunda
1708 2284 1829 2320 voce,

383 2343 482 2371 cum
504 2343 639 2387 parva
656 2328 975 2386 significatione
998 2329 1120 2380 risus,
1149 2328 1240 2369 sine
1258 2329 1343 2370 ulla
1365 2329 1610 2385 suspicione
1627 2326 1829 2369 71mimae

419 2456 459 2490 67
484 2455 549 2488 Est
577 2454 707 2496 oraha]
747 2454 939 2485 Addidimus
965 2455 1080 2492 oratio,
1126 2453 1218 2494 gieis.

376 2508 394 2529 e
410 2498 489 2529 Mss.
512 2504 547 2530 et
561 2498 632 2529 edd.
647 2508 696 2538 pr.
712 2501 750 2528 ut
764 2502 814 2528 est
831 2498 865 2528 in
879 2497 996 2528 ceteris
1009 2507 1083 2538 par·
1168 2500 1209 2530 70
1231 2497 1276 2528 At
1291 2497 1388 2528 aliud
1409 2497 1514 2533 otiose,
1530 2495 1607 2536 ree.]
1636 2495 1675 2527 In
1697 2495 1760 2527 hac
1782 2495 1828 2527 le-

378 2540 477 2572 tibus.
1125 2539 1237 2569 ctione
1262 2540 1488 2580 interpunctio
1511 2538 1661 2569 tollenda
1687 2539 1829 2576 videtur,

420 2583 461 2615 68
487 2582 529 2613 In
567 2588 632 2613 octo
665 2584 751 2612 alias
787 2583 969 2613 distributoe
991 2586 1081 2618 sunt,
1125 2591 1199 2620 quae
1223 2587 1256 2612 et
1279 2582 1320 2612 ab
1342 2582 1413 2613 edd.
1430 2593 1478 2623 pr.
1492 2581 1609 2618 abest„
1634 2580 1695 2611 Sed
1718 2589 1830 2612 necea-

379 2625 473 2668 quoe.]
510 2625 573 2656 Hic
600 2625 778 2655 delevimus
803 2626 947 2664 primum
967 2628 1083 2664 parles
1124 2624 1210 2654 sario
1235 2624 1356 2654 debent
1382 2634 1450 2655 esse
1465 2624 1530 2654 duo
1557 2623 1718 2660 membra,
1743 2623 1830 2654 utin

379 2673 456 2709 post
478 2672 557 2703 octo,
573 2673 706 2698 auctore
730 2667 795 2698 Ms.
811 2667 902 2697 (tort.
930 2671 1003 2697 tum
1028 2666 1083 2697 ad·
1125 2666 1340 2708 proeeedente.
1383 2667 1453 2697 An:
1479 2670 1515 2697 at
1527 2666 1611 2706 quod
1624 2665 1745 2697 otiose?

378 2710 520 2741 didim'us
542 2715 630 2747 sunt,
645 2720 662 2739 e
679 2709 757 2739 Mss.
788 2709 937 2748 plurimis
962 2715 996 2739 et
1010 2708 1081 2739 edd.
1168 2712 1205 2742 71
1229 2709 1344 2740 ,Mimos
1357 2708 1521 2749 cachinn]
1547 2708 1609 2738 Est
1627 2718 1667 2738 ex
1679 2717 1749 2738 uno
1763 2707 1829 2739 Ms.

379 2763 428 2824 ξπ.
453 2753 592 2792 denique
614 2752 793 2782 delevimus
817 2752 928 2782 iisdem
944 2751 1087 2782 aut-tori-
1131 2761 1151 2781 a
1165 2750 1307 2782 Grutero
1329 2751 1515 2789 inductum,
1530 2760 1590 2792 pro
1606 2751 1729 2788 nimiae,
1743 2751 1830 2790 quod

400 2804 452 2832 us,
466 2797 589 2826 harum
609 2799 675 2825 octo
685 2795 848 2833 partium,
866 2800 937 2834 post
952 2797 1038 2824 eunt.
1125 2802 1204 2824 sane
1231 2793 1329 2823 verbo
1352 2794 1541 2834 suspicionis
1567 2801 1636 2824 non
1655 2792 1828 2823 convenit:
1888 2814 1892 2816 -

422 2838 463 2872 69
488 2838 543 2868 Ne
571 2838 613 2868 ab
640 2836 812 2875 oratom'cnj
841 2837 914 2867 Hoc
942 2837 1082 2866 neser-en·
1126 2835 1182 2865 sed
1203 2836 1312 2865 mimae
1333 2841 1544 2867 contractum
1567 2840 1618 2866 est
1638 2845 1656 2866 e
1677 2834 1830 2873 mimica,

379 2879 458 2911 dum
475 2880 514 2910 ad
523 2880 807 2920 plenisjacut=ilms,
825 2878 845 2907 i.
869 2890 897 2909 e.
921 2888 961 2908 m.-
977 2879 1083 2917 gravi-
1127 2878 1214 2918 quod
1228 2878 1452 2919 reponendum
1468 2883 1559 2919 puto.

378 2929 431 2952 tan
444 2923 503 2954 fiat
514 2923 682 2960 affectata,
693 2929 731 2952 ut
744 2923 778 2952 iu
789 2921 1003 2951 histrionibus
1016 2925 1085 2951 tra-
