1945 3235
573 128 756 166 LIBER
782 128 1110 167 SECUNDUS.
1483 134 1559 170 289

120 235 295 291 aliquid,
318 236 363 276 in
395 249 482 290 quo
515 232 641 274 liceat
673 231 779 272 mihi
813 232 989 288 fingere,
1022 232 1055 272 si
1077 232 1180 287 quid
1204 233 1346 285 velim,
1368 232 1557 276 9nullius

121 292 436 348 memoriajam
457 289 697 332 refellente:
731 289 802 330 sed
835 290 916 330 edo
950 290 1043 330 haec
1067 289 1116 328 iis
1145 292 1459 345 cognoscenda,
1481 293 1556 348 qui

121 363 194 391 eos
216 351 346 407 ipsos,
368 349 420 390 de
450 347 604 403 quibus
636 347 800 402 loquor,
824 360 938 402 saepe
959 345 1212 398 audierunt3
1243 355 1291 386 ut
1312 347 1417 388 duos
1440 363 1556 390 suin-

121 421 214 448 mos
239 409 364 457 viros,
386 406 451 456 iis,
478 403 551 460 qui
579 413 777 444 neutrum
799 403 968 443 illorum
991 403 1190 454 viderint,
1212 417 1375 455 eorum,
1397 405 1553 459 quibus

123 466 250 506 ambo
273 464 331 505 illi
355 471 541 504 oratores
570 460 734 516 cogniti
758 460 856 512 sint,
880 459 1074 501 vivorum
1093 469 1136 501 et
1155 460 1446 515 praesentium,
1465 476 1554 502 me-

121 523 258 563 moria
289 528 409 569 teste,
429 518 804 559 commendemus.
873 517 966 558 Nec
1000 532 1100 558 vero
1133 526 1188 568 te,
1224 518 1440 558 carissime
1470 518 1599 564 fra-3

122 588 184 620 ter
213 588 340 634 atque
373 576 551 631 optime,
585 574 810 615 rhetoricis
846 589 960 615 nunc
993 574 1248 629 quibusdam
1282 574 1415 626 libris,
1446 590 1552 630 quos
1569 589 1616 621 10

121 646 167 676 tu
187 643 372 682 agrestes
390 641 528 688 putaS,
542 631 804 686 insequorut
824 632 1034 673 erudiam:
1058 632 1160 687 quid
1183 631 1297 673 enim
1321 641 1394 673 tua
1414 642 1556 687 potest

119 680 311 734 oratione
342 700 416 731 aut
446 687 657 739 subtilius,
679 697 754 729 aut
785 689 974 730 ornatius
999 691 1116 730 esse?
1150 692 1186 719 ¹0
1200 690 1272 731 sed
1295 704 1555 744 quanquam,

121 750 210 791 sive
233 747 418 804 judici0‚
440 754 489 786 ut
519 745 634 785 soleo
656 746 811 796 dicere,
845 746 948 797 sive,
980 755 1026 786 ut
1048 745 1117 786 ille
1147 756 1267 801 pater
1297 746 1555 802 eloquentiae

118 807 171 847 de
188 821 232 847 se
256 805 464 846 Isocrates
487 802 657 857 scripsit
689 803 793 858 ipse,
826 803 988 859 pudore
1009 819 1033 845 a
1054 803 1236 844 dicendo
1258 813 1302 845 et
1323 804 1556 845 timiditate

118 863 305 920 ingenua
336 860 519 917 quadam
553 859 764 915 refugisti,
786 861 890 911 sive,
923 873 971 901 ut
995 861 1086 917 ipse
1106 860 1246 916 jocari
1277 861 1399 911 soles,
1422 876 1556 903 unum

115 920 276 976 putasti
309 918 411 959 satis
440 931 530 958 esse
561 931 647 957 non
678 917 807 958 modo
838 917 881 958 in
913 932 998 958 una
1027 917 1190 959 familia
1220 919 1449 968 rhetorem,
1481 919 1555 960 sed

119 992 242 1033 paene
271 977 315 1017 in
343 985 435 1017 tota
466 974 665 1016 civitate:
698 989 786 1015 non
819 983 960 1015 tamen
992 975 1175 1016 arbitror
1207 976 1287 1017 tibi
1321 976 1399 1016 hos
1421 975 1553 1016 libros

117 1036 159 1076 in
183 1050 234 1076 eo
266 1033 357 1075 fore
390 1045 559 1088 genere,
591 1032 704 1086 quod
738 1032 908 1083 merito,
931 1042 1105 1089 propter
1134 1047 1298 1084 eorum,
1320 1033 1393 1089 qui
1415 1033 1467 1073 de
1489 1033 1554 1074 di-

117 1092 243 1134 cendi
281 1091 447 1132 ratione
488 1089 774 1144 disputarunt,
810 1088 1088 1145 jejunitatem
1131 1090 1339 1131 bonarum
1381 1090 1552 1142 artium,

118 1149 256 1205 possit
274 1148 407 1189 illudi.
469 1145 591 1188 Nihil
613 1146 726 1187 enim
748 1146 855 1186 mihi
878 1146 1052 1201 quidem
1074 1147 1243 1188 videtur
1269 1148 1313 1188 in
1337 1147 1479 1188 Crassi
1510 1157 1609 1191 et11

116 1206 297 1247 Antonii
326 1217 519 1245 sermone
550 1217 640 1244 esse
674 1203 955 1259 praeteritum‚
980 1203 1096 1259 quod
1120 1204 1346 1260 quisquam
1377 1205 1553 1246 summis

118 1263 316 1319 ingeniis,
332 1261 547 1303 acerrimis
569 1260 735 1311 studiis,
754 1261 920 1316 optima
940 1261 1150 1313 doctrina,
1169 1262 1360 1303 maximo
1381 1276 1459 1302 usu
1482 1277 1556 1303 co-

120 1321 269 1377 gnosci
303 1335 352 1360 ac
384 1318 549 1375 percipi
583 1318 772 1373 potuisse
801 1317 1104 1361 arbitraretur:
1137 1320 1253 1374 quod
1285 1329 1330 1359 tu
1353 1318 1556 1360 facillime

119 1378 278 1433 poteris
293 1376 504 1432 judicare,
523 1376 595 1429 qui
617 1375 887 1430 prudentiam
909 1376 1205 1431 rationemque
1226 1376 1397 1418 dicendi
1422 1391 1494 1433 per
1515 1385 1556 1417 te

117 1435 274 1490 ipsum,
304 1448 426 1474 usum
455 1442 596 1473 autem
621 1446 696 1488 per
725 1447 803 1472 nos
836 1433 1054 1489 percipere
1090 1434 1277 1475 voluisti.
1337 1434 1435 1485 Sed,
1468 1449 1554 1489 quo

118 1492 244 1533 citius
280 1491 378 1543 hoe,
407 1490 523 1545 quod
555 1489 834 1545 suscepimus,
867 1505 954 1531 non
988 1491 1203 1532 mediocre
1232 1506 1401 1542 munUS,
1420 1492 1556 1532 confi-

116 1563 211 1590 cere
233 1548 459 1605 possimus,
481 1546 638 1588 omissa
660 1556 804 1588 nostra
835 1547 1150 1600 adhortatione,
1179 1549 1231 1590 ad
1261 1563 1423 1600 eorum,
1445 1563 1553 1604 quos

115 1606 430 1665 proposuimuS,
453 1618 691 1645 sermonem
713 1604 1135 1660 disputationemque
1156 1606 1391 1647 veniamus.

176 1662 356 1704 Postero
378 1661 510 1718 igitur
523 1661 606 1712 die,
619 1676 748 1716 quam
767 1661 838 1702 illa
855 1671 976 1703 erant
989 1673 1099 1714 acta,
1114 1662 1220 1704 hora
1240 1662 1329 1703 fere
1350 1664 1549 1715 secunda,
1565 1670 1612 1704 152

117 1733 216 1761 cum
237 1720 366 1761 etiam
390 1729 482 1759 tum
512 1718 554 1758 in
588 1718 700 1759 lecto
731 1717 909 1760 Crassus
939 1730 1064 1771 esset,
1086 1730 1130 1761 et
1150 1720 1264 1777 apud
1286 1734 1384 1761 eum
1409 1721 1553 1777 Sulpi-

117 1777 209 1818 cius
242 1777 419 1827 sederet,
455 1775 670 1816 Antonius
706 1786 849 1816 autem
883 1777 1166 1819 inambularet
1204 1793 1302 1819 cum
1337 1777 1470 1819 Cotta
1510 1779 1555 1820 in

119 1834 304 1890 porticu,
338 1843 512 1890 repente
541 1847 591 1873 eo
625 1833 682 1879 Q.
706 1832 884 1874 Catulus
918 1848 1046 1875 senex
1078 1850 1175 1875 cum
1200 1835 1251 1876 C.
1273 1834 1391 1877 Julio
1425 1835 1555 1877 fratre

117 1891 250 1933 venit.
310 1890 439 1937 Quod
462 1890 536 1930 ubi
567 1890 744 1940 audivit,
767 1901 1008 1932 commotus
1032 1891 1210 1933 Crassus
1241 1892 1440 1946 surrexit,
1462 1908 1555 1934 om-

116 1962 276 2003 nesque
307 1948 520 1998 admirati,
549 1947 757 2002 majorem
787 1947 972 2003 aliquam
1005 1963 1095 1990 esse
1116 1964 1288 1990 causam
1309 1964 1455 1990 eorum
1478 1951 1553 1992 ad-

116 2016 268 2046 ventus
287 2005 493 2060 suspicati
520 2014 638 2045 sunt.
700 2004 788 2050 Qui
816 2019 913 2046 cum
945 2006 1056 2047 inter
1087 2021 1144 2057 se,
1169 2017 1215 2047 ut
1236 2007 1426 2063 ipsorum
1449 2022 1549 2049 usus
1565 2019 1610 2052 13

119 2062 298 2112 ferebat,
348 2061 607 2103 amicissime
649 2061 1011 2115 consalutassent3
1069 2064 1186 2111 Quid
1229 2079 1304 2104 vos
1347 2064 1550 2107 tandem?

118 2119 313 2171 Crassus,
337 2124 367 2152 ll
387 2134 490 2160 num
521 2118 740 2175 quidnam,
764 2119 918 2175 inquit,
942 2121 1073 2164 novi?
1134 2121 1256 2162 Nihil
1278 2136 1393 2173 sane,
1412 2122 1553 2178 inquit

156 2281 176 2311 9
199 2278 322 2308 nullius
338 2278 493 2308 memoria
508 2275 588 2318 jam
609 2276 805 2318 refellente]
851 2279 890 2310 de
906 2277 977 2309 aliis
992 2288 1080 2310 esse:
1105 2280 1160 2318 qui
1174 2284 1251 2310 sunt
1267 2280 1410 2321 primum
1426 2282 1554 2319 Cicero,

120 2318 202 2350 Edd.
218 2321 332 2360 primae
345 2320 424 2356 fere,
441 2325 478 2350 nt
493 2319 557 2350 MS.
571 2319 609 2350 Ε.
627 2320 750 2350 habent
763 2331 813 2350 me
854 2321 971 2352 deinde
997 2321 1174 2353 Isocrates:
1199 2329 1345 2353 ceterum
1368 2324 1402 2353 in
1424 2324 1489 2354 ΜΞ.
1513 2324 1551 2354 Ε.

115 2360 178 2400 ref.
195 2362 282 2401 qnod
295 2366 329 2392 et
352 2362 474 2402 recepit
489 2362 650 2392 Pearcius.
673 2363 727 2392 sed
742 2363 813 2392 vul-
855 2364 1008 2404 quoniam
1025 2365 1128 2401 abest,
1153 2366 1388 2405 scriptumque,
1411 2367 1467 2396 sed
1486 2367 1553 2396 sive

118 2408 230 2443 gatum
261 2403 444 2444 elegantius
471 2408 539 2442 est,
569 2414 621 2435 me
647 2415 667 2435 a
693 2404 811 2443 glossa.
857 2408 915 2436 ἃς.
927 2406 1012 2445 quod
1029 2406 1165 2437 fortasse
1177 2408 1352 2447 optimum.

118 2454 194 2476 nam
209 2449 244 2476 et
255 2456 304 2476 res
319 2446 423 2476 refelli
438 2446 569 2476 dieitur.
898 2451 931 2478 ll
957 2458 1038 2478 num
1060 2449 1229 2488 quidnam,
1252 2449 1382 2489 inquit]
1431 2450 1495 2480 Hie
1519 2450 1553 2480 in

162 2491 200 2518 10
221 2488 276 2518 sed
301 2498 502 2528 quanquam,
527 2490 593 2518 sive
609 2487 750 2529 judicio,
772 2493 810 2519 ut
852 2490 958 2520 tribus
994 2491 1160 2521 versiculis
1189 2496 1304 2530 quater
1339 2499 1389 2522 est
1424 2493 1530 2532 inquit
1542 2505 1550 2521 .-

117 2531 197 2559 soleo
210 2530 338 2569 dicem]
376 2530 552 2570 Duplicem
569 2530 621 2560 hic
636 2532 810 2561 correctio·
853 2532 953 2562 semel
967 2533 1001 2562 in
1011 2533 1115 2563 verbis
1131 2534 1250 2570 Crassi,
1266 2539 1318 2564 ter
1334 2534 1369 2564 in
1380 2536 1477 2565 unius
1491 2535 1555 2565 Ca—

120 2579 194 2601 nem
210 2572 278 2602 sine
292 2572 382 2602 libris
392 2572 517 2603 induxi:
537 2572 592 2602 sed
607 2573 756 2610 fidenter,
774 2579 811 2604 ut
852 2574 916 2604 tuli
933 2575 1154 2614 responsione:
1181 2576 1266 2614 quod
1278 2586 1447 2616 uunquam
1464 2587 1484 2607 a
1499 2577 1554 2607 ci-

118 2621 215 2644 nemo
251 2614 483 2653 reprehendere
510 2616 628 2655 possit.
665 2616 808 2656 primum
853 2626 968 2646 ccrone
983 2625 1050 2647 esse
1063 2617 1263 2648 crediderim.
1285 2617 1449 2658 Quartum
1465 2624 1554 2650 certe

115 2662 304 2695 quanquam
317 2666 375 2696 pro
387 2657 551 2696 quoniam,
569 2663 653 2693 tum,
668 2658 744 2697 quia
758 2657 810 2688 hic
853 2658 1028 2689 delendum
1041 2670 1050 2697 3
1075 2659 1169 2698 idque
1184 2664 1218 2690 et
1234 2660 1326 2691 abest
1340 2661 1380 2691 ab
1394 2661 1444 2692 ed.
1462 2661 1551 2701 Lips-

117 2705 183 2726 non
199 2706 296 2727 causa
317 2705 606 2736 commemoratur,
622 2700 677 2729 sed
691 2700 814 2739 aliquid
855 2700 895 2730 ln
929 2701 1077 2741 exemplo
1105 2708 1217 2732 nostro
1240 2702 1289 2733 ed.
1324 2702 1397 2733 Asc.
1435 2703 1555 2734 delevit

119 2744 329 2777 removetur3
351 2746 424 2770 tuni
437 2742 512 2780 quia
526 2742 672 2781 sequitur
683 2746 813 2772 tamen:
856 2752 973 2773 manus
996 2743 1103 2774 docta.
1125 2760 1127 2762 >
1153 2744 1318 2781 Tranium,
1339 2744 1425 2784 quod
1444 2752 1495 2776 est
1516 2746 1554 2775 in

116 2779 234 2810 deinde
255 2782 334 2811 soleo
356 2792 413 2822 pro
435 2784 524 2819 soles,
540 2790 577 2813 ut
597 2786 666 2824 jam
684 2784 755 2815 aliis
768 2784 813 2814 vi·
856 2785 1056 2825 parenthesi,
1069 2786 1206 2817 fortasse
1228 2786 1362 2817 tolerari
1380 2789 1496 2827 possit,
1519 2793 1556 2820 et

119 2829 205 2867 sum,
229 2831 304 2852 nam
329 2823 367 2854 de
382 2824 507 2864 Quinto
523 2830 570 2855 est
587 2831 673 2866 post,
697 2831 734 2856 ut
748 2827 815 2865 ipse
858 2838 877 2857 a
892 2828 1049 2858 Cicerone
1063 2829 1119 2867 sit,
1133 2830 1210 2868 quia
1231 2830 1265 2866 in
1290 2830 1474 2870 parenthesi
1490 2834 1553 2868 est,

106 2865 221 2904 jocari
249 2866 338 2896 soles.
395 2868 469 2908 Ipse
492 2868 626 2907 indicat,
649 2869 816 2909 superiora
858 2869 978 2901 seda'ix
991 2874 1116 2902 tamen.

176 2920 283 2948 VOL.
309 2921 340 2948 1.
806 2924 838 2952 U>
