1945 3235
395 162 471 195 514
975 156 1254 195 ORATOR.

400 271 510 303 tem:
543 269 617 302 aut
639 260 758 302 addit
779 260 957 316 aliquos,
979 270 1027 302 ut
1051 261 1091 301 in
1115 276 1287 312 corona,
1310 269 1441 309 torm,
1463 273 1719 316 omnemque
1741 273 1838 301 ora-

401 320 563 360 tionem
585 319 846 360 ornamentis
879 319 1057 359 modicis
1093 320 1314 359 verborum
1349 317 1741 373 sententiarumque
1771 317 1837 358 di-

335 375 597 432 mstinguit.
661 375 828 417 Horum
864 375 1128 431 singulorum
1167 389 1369 431 ‹renerum
1404 389 1664 429 quicumque
1699 378 1736 404 ¹⁰
1752 374 1837 414 vim

400 433 620 490 [singulis]
643 433 862 475 consecuti
889 444 1002 483 sunt,
1028 448 1080 473 m·
1083 449 1106 472 ι·
1100 448 1229 481 vnum
1255 432 1296 472 in
1319 432 1560 472 ‹›1··at‹›1ibus
1583 445 1736 472 nomen
1762 430 1836 471 ha-

404 493 600 532 buerunt.
661 491 744 531 Sed
777 490 1054 553 qmerendum
1089 478 1166 539 est,
1199 490 1355 530 satisne
1391 489 1448 538 id,
1477 489 1591 543 quod
1628 489 1838 536 volumus,

354 548 635 604 7eflecerint.
698 547 901 587 Videmus
933 547 1047 586 enirn
1085 547 1213 587 fuisse
1242 547 1464 602 quosdam,
1498 547 1570 601 qui
1602 546 1731 587 iidem
1769 559 1838 585 or-

402 616 500 646 nate
522 620 571 646 ac
591 619 650 660 gr
643 605 792 653 ι··ιιίιρι,
816 603 944 643 iidem
969 616 1134 646 versute
1156 614 1199 645 et
1221 603 1434 645 subtiliter
1454 603 1659 645 dicerent.
1694 602 1838 657 Atque

402 664 565 703 utinam
590 663 630 702 iu
661 661 823 702 Latinis
848 661 941 701 talis
965 661 1144 701 oratoris
1176 661 1447 702 simulacrum
1481 661 1663 717 reperire
1694 673 1839 716 posse-

402 722 519 761 ιιιιι5Ι
552 729 663 760 esset
683 718 904 774 egregium
940 733 1025 758 non
1048 732 1237 782 quarere
1257 728 1448 768 exteram,
1472 718 1719 759 domesticis
1749 730 1841 758 esse

337 775 787 825 230011tentos.5ed
813 789 894 832 ego
919 775 1047 825 idem,
1069 775 1140 830 qui
1175 775 1217 815 in
1252 775 1322 816 illo
1354 790 1548 816 sermone
1581 783 1742 826 nostro,
1765 773 1839 829 qui

402 843 466 874 est
500 833 722 889 expositus
755 834 794 873 in
832 809 982 882 Bruto,
1015 833 1194 874 inultum
1231 832 1451 873 tribuerim
1488 833 1666 884 Latinis,
1696 831 1758 873 vel
1795 841 1842 871 ut

404 891 595 931 hortarer
616 891 736 940 alios,
753 889 815 930 vel
833 890 945 945 quod
971 904 1155 930 amarem
1179 904 1310 941 meOS,
1333 889 1531 930 1··ecordoi
1553 890 1679 946 longe
1700 889 1841 930 omni-

403 949 481 989 bus
507 962 636 989 unum
669 947 880 988 antef·e11·e
916 946 1267 997 Demosthenem,
1289 947 1361 1002 qui
1389 947 1471 987 vim
1503 946 1842 988 accommodarit

400 1006 450 1046 ad
476 1020 585 1056 eam,
608 1019 737 1060 quam
766 1005 963 1054 sentiam,
985 1004 1289 1059 eloquentiam,
1313 1019 1397 1045 non
1430 1004 1482 1044 ad
1504 1018 1614 1055 eam,
1626 1019 1763 1068 ..quam
1797 1005 1840 1044 in

400 1062 544 1117 aliquo
583 1063 672 1118 ipse
707 1062 1001 1118 cognoverim.
1064 1062 1163 1104 Hoc
1203 1077 1281 1103 nec
1322 1061 1492 1118 gravior
1524 1061 1694 1102 exstitit
1725 1061 1842 1117 quis-

400 1134 545 1175 quam,
585 1134 663 1160 nec
697 1119 903 1170 callidior
939 1133 1016 1161 nec
1047 1119 1338 1184 temperatior.
1401 1118 1552 1174 Itaque
1588 1118 1712 1159 nobis
1751 1132 1843 1159 mo-

399 1177 528 1218 nendi
564 1185 663 1218 sunt
698 1176 741 1227 ii,
771 1191 954 1232 quorum
988 1192 1126 1218 sermo
1158 1177 1380 1233 imperitus
1410 1176 1638 1227 increbuit,
1660 1175 1733 1231 qui
1767 1184 1843 1216 aut

272 1260 301 1290 p.
322 1253 387 1284 199
401 1234 485 1276 dici
519 1249 562 1275 se
594 1234 836 1276 desiderant
859 1234 1044 1286 Atticos,
1068 1245 1140 1276 aut
1172 1249 1252 1290 ψει
1284 1234 1414 1275 attice
1447 1233 1595 1274 volunt
1611 1233 1771 1298 dicere,
1794 1242 1843 1274 ut

360 1303 388 1322 ³-
403 1302 610 1333 mirentur
643 1291 755 1332 hunc
778 1292 980 1342 maxime,
1002 1307 1088 1348 quo
1111 1307 1163 1333 ne
1192 1292 1384 1332 Athenas
1405 1291 1577 1346 quidem
1609 1290 1722 1347 ipsas
1754 1305 1843 1331 ma-

403 1349 468 1406 gis
500 1349 627 1391 credo
663 1348 792 1390 fuisse
821 1349 1004 1390 Atticas.
1034 1350 1136 1405 quid
1174 1350 1288 1391 enim
1323 1350 1378 1390 sit
1413 1349 1624 1399 Atticum,
1659 1348 1842 1400 discant,

403 1407 778 1462 eloquentiamque
809 1406 940 1470 ipsius
969 1407 1142 1458 viribus,
1165 1423 1250 1448 non
1283 1406 1577 1447 imbecillitate
1607 1421 1696 1457 sua,
1719 1406 1845 1447 meti—

339 1474 543 1531 24antur.
606 1464 734 1505 Nunc
772 1478 886 1505 enim
926 1473 1092 1505 tantum
1133 1465 1312 1520 quisque
1352 1463 1509 1514 laudat,
1548 1473 1756 1526 quantum
1799 1477 1846 1505 se

405 1536 528 1585 posse
550 1531 692 1576 sperat
715 1521 887 1562 imitari.
950 1521 1033 1562 Sed
1056 1531 1197 1562 tamen
1220 1536 1292 1562 eos
1315 1521 1456 1562 studio
1477 1521 1657 1585 optimo,
1673 1521 1844 1575 judicio

408 1594 548 1619 miuus
572 1579 694 1619 firmo
718 1578 936 1634 praeditos,
959 1579 1126 1630 docere,
1149 1593 1245 1634 quae
1278 1579 1333 1619 sit
1365 1593 1538 1634 piopria
1562 1577 1650 1619 laus
1674 1578 1844 1620 Attico-

407 1650 516 1687 rum,
539 1651 625 1676 non
647 1635 831 1676 alienum
858 1645 977 1692 puto.

360 1697 391 1745 8
464 1693 642 1747 Semper
663 1708 720 1734 or·
714 1703 881 1734 flitmum
904 1694 1160 1758 eloquentiae
1192 1693 1454 1736 moderatrix
1486 1692 1569 1734 fuit
1599 1693 1842 1735 auditorum

405 1751 646 1807 prudentia.
708 1750 870 1792 Omnes
900 1766 1029 1816 enim,
1063 1766 1136 1807 qui
1176 1752 1346 1808 probari
1383 1751 1544 1802 volunt,
1581 1752 1845 1792 voluntatem

405 1822 568 1858 eorum,
591 1808 664 1863 qui
693 1808 887 1859 audiunt,
911 1810 1146 1860 intuentur
1172 1809 1225 1851 ad
1247 1823 1440 1864 eamque,
1463 1818 1506 1849 et
1526 1809 1577 1850 ad
1601 1823 1748 1850 eorum
1779 1822 1846 1849 ar-

343 1884 392 1918 25
408 1840 581 1907 bitriuii]
606 1876 649 1906 et
671 1879 822 1907 nutum
847 1876 959 1907 totos
983 1881 1026 1907 se
1048 1867 1219 1922 fingunt
1241 1875 1284 1907 et
1306 1866 1649 1907 accommodant.
1694 1865 1846 1920 Itaque

407 1923 548 1972 Caria,
571 1933 613 1964 et
639 1923 844 1979 Phrygia,
867 1934 910 1964 et
934 1923 1094 1980 Mysia,
1116 1924 1231 1979 quod
1256 1924 1432 1965 minime
1464 1923 1626 1980 politae,
1647 1924 1846 1964 minime-

403 1996 486 2036 que
508 1980 725 2037 elegantes
749 1991 862 2032 sunt,
881 1982 1154 2023 adsciverunt
1174 1992 1321 2037 aptum
1346 1982 1431 2021 suis
1453 1981 1626 2022 auribus
1649 1980 1844 2037 opimum

402 2038 634 2093 quoddam,
657 2049 700 2079 et
726 2041 756 2068 ¹¹
774 2048 976 2094 tanquam
1007 2039 1192 2094 adipatae
1224 2038 1426 2079 dictionis
1458 2053 1607 2094 genus,
1633 2038 1748 2094 quod
1771 2052 1844 2079 eo-

403 2110 497 2136 rum
530 2096 658 2136 vicini
684 2102 790 2148 (non
824 2096 884 2137 ita
906 2097 991 2137 lato
1015 2097 1242 2151 intenjecto
1265 2096 1390 2146 mari)
1415 2096 1574 2136 Rhodii
1611 2109 1845 2150 numquam

402 2153 708 2208 probaverunt,
732 2152 878 2195 Graeci
912 2153 1045 2194 multo
1077 2155 1233 2205 minus,
1255 2153 1540 2194 Athenienses
1573 2167 1671 2194 vero
1702 2152 1847 2194 fundi-

404 2221 470 2250 tus
494 2210 851 2265 repudiaverzunt
884 2225 1067 2266 quorum
1093 2225 1258 2266 semper
1281 2211 1363 2251 fuit
1394 2211 1579 2266 prudens
1611 2210 1845 2251 sincerum-

402 2266 732 2323 quejudicium,
759 2267 863 2308 nibil
886 2278 932 2308 ut
957 2277 1145 2324 possent,
1169 2269 1248 2308 nisi
1285 2268 1629 2324 incor‹rupturn‚
1619 2268 1780 2319 audire,
1801 2275 1846 2307 et

402 2324 590 2381 elegans.
619 2338 766 2366 eorum
802 2325 1000 2381 ieligioni
1033 2341 1131 2367 cum
1165 2326 1342 2366 serviret
1365 2335 1523 2376 orator,
1558 2324 1720 2366 nullum
1753 2337 1845 2365 ver-

339 2383 506 2432 26bu1n
530 2381 731 2433 insolens,
753 2382 914 2423 nullum
939 2383 1135 2424 odiosum
1160 2397 1317 2438 po·neie
1339 2383 1539 2423 audebat.
1585 2381 1735 2437 Itaque
1758 2381 1845 2432 hic,

401 2454 528 2494 quem
564 2440 812 2495 praestitisse
844 2440 1033 2481 diximus
1065 2441 1233 2491 ceteris,
1267 2441 1309 2481 in
1348 2440 1417 2481 illa
1455 2455 1531 2496 pro
1557 2438 1844 2495 Ctesiphonte

401 2496 594 2537 oratione
616 2497 744 2554 longe
765 2498 945 2553 optima,
971 2500 1008 2530 12
1021 2512 1270 2540 summissus
1301 2513 1326 2538 a
1355 2497 1519 2554 pri1n03
1550 2496 1719 2549 deinde,
1740 2495 1844 2537 dum

444 2612 480 2639 10
516 2611 581 2640 zim
618 2611 759 2650 singulis
796 2613 955 2642 consecuti
992 2616 1079 2642 sune.
1083 2612 1096 2651 ]
1141 2616 1253 2642 terum
1269 2613 1424 2660 opimam.

397 2652 484 2691 Ouid
499 2652 569 2691 sing
563 2654 667 2682 ιιΙί5’
691 2654 773 2683 nihil
788 2654 877 2684 aliud
892 2663 960 2685 esse
978 2658 1099 2694 potest,
1188 2657 1224 2684 12
1257 2656 1448 2684 summissus
1476 2662 1498 2683 a
1522 2654 1646 2692 primo,
1680 2651 1845 2682 deinde-

397 2703 495 2732 quam
523 2694 556 2723 in
582 2695 717 2734 singulis
745 2696 930 2735 generibus.
976 2696 1038 2727 Sed
1069 2697 1100 2727 id
1136 2696 1293 2736 pressus]
1313 2697 1363 2726 Sic
1379 2697 1447 2726 sine
1463 2695 1670 2725 haesitatione
1685 2693 1845 2724 edidimus

390 2737 463 2776 jam
479 2740 556 2766 ante
572 2736 708 2766 dictum.
755 2737 941 2768 Delendu‘m
956 2744 1048 2779 puto.
1142 2749 1201 2778 pro
1222 2739 1426 2769 ειινηηιιιςςὲαε
1445 2742 1478 2768 et
1489 2738 1645 2778 pressius,
1661 2735 1746 2776 quod
1767 2737 1845 2767 lati-

443 2781 474 2809 ll
494 2783 652 2819 tunquam
668 2780 810 2818 adipaeae
822 2781 968 2811 dictionis
979 2781 1098 2821 genus]
1145 2781 1232 2811 nitas
1254 2791 1321 2811 non
1337 2781 1474 2821 patitur,
1489 2786 1523 2811 et
1539 2785 1653 2810 natum
1675 2784 1725 2810 est
1739 2789 1779 2809 ex
1791 2779 1845 2809 ul-

397 2819 478 2850 Edd.
495 2825 574 2851 vett.
592 2822 735 2860 adipale,
752 2822 837 2860 quod
854 2823 997 2853 defendit
1013 2824 1101 2854 Stre·
1144 2823 1227 2854 tirno
1243 2824 1414 2859 audacius,
1431 2824 1484 2853 cui
1499 2823 1570 2853 haec
1583 2827 1661 2851 sunt
1676 2831 1733 2861 per
1746 2821 1845 2851 insci-

394 2862 504 2900 baeu83
529 2863 672 2903 miliique
690 2864 794 2903 magis
817 2864 937 2904 placet,
963 2866 1040 2905 quia
1061 2865 1101 2895 ad
1143 2866 1225 2895 tiam
1249 2866 1467 2903 conformata,
1491 2873 1566 2895 cum
1590 2863 1673 2893 nihil
1700 2863 1845 2894 habeant

394 2914 497 2945 genus
519 2905 615 2937 debet
635 2907 800 2947 pertinere
824 2907 970 2946 verbum,
993 2913 1032 2938 ut
1053 2907 1102 2939 al·
1144 2908 1386 2950 conjunctionis
1403 2918 1478 2939 eum
1493 2906 1590 2938 verbo
1604 2906 1792 2937 exsultat-it.
