1945 3235
748 137 1021 176 BRUTUS.
1533 145 1608 184 471

168 241 384 299 tigenidas
406 243 565 287 dixerit
593 241 806 300 discipulo
840 255 941 282 sane
972 239 1148 297 frigenti
1171 241 1221 281 ad
1247 243 1469 299 populum,
1494 243 1610 286 Mihi

168 315 268 341 cane
280 308 318 342 et
333 300 490 343 BIusz's:
513 316 595 359 ego
610 301 714 342 huic
729 300 866 341 Bruto
880 299 1057 347 dicenti,
1072 307 1119 337 ut
1138 298 1260 348 solet,
1274 302 1387 355 apud
1410 303 1607 344 multitu-

165 357 327 411 dinem,
362 359 478 401 lezi
504 374 603 401 cane
633 365 671 400 et
693 357 862 413 populo,
885 356 944 396 mi
985 330 1133 406 Brute,
1157 355 1364 398 dixerim:
1399 361 1436 389 1⁶2
1450 370 1510 410 ut,
1529 361 1604 415 qui

163 416 357 468 audiant,
380 417 483 473 quid
502 417 738 467 efficiatur,
769 430 865 471 ego,
888 414 1018 454 etiam
1041 428 1116 454 cur
1137 413 1181 453 id
1202 413 1428 465 efficiatur,
1447 417 1603 458 intelli-

164 487 280 528 gam.
341 474 492 516 Credit
522 475 587 525 iis,
610 488 706 529 quae
738 473 954 522 (1ίο11111111,
987 472 1060 526 qui
1083 471 1203 511 audit
1233 481 1472 524 oratorem3
1504 489 1602 515 v·e1a

166 540 305 586 putat,
340 532 582 580 assentitur,
613 531 782 586 piobat,
814 529 942 570 fidem
977 528 1082 570 facit
1115 529 1268 570 oratio.
1328 528 1392 570 Tu
1427 530 1600 582 artifex,
1617 537 1688 571 188

163 589 268 644 quid
297 589 453 644 quaeris
476 588 683 644 amplius?
714 587 950 628 delectatur
981 587 1156 627 audiens
1189 587 1438 639 multitudo,
1460 598 1503 628 et
1525 583 1644 630 du·b·

162 646 277 688 citur
296 647 505 696 oratione,
524 655 567 686 et
590 645 709 701 quasi
744 645 964 701 voluptate
986 645 1171 700 quadam
1194 644 1479 700 perfunditur.
1499 647 1604 701 quid

161 702 295 744 habes
328 703 444 759 quod
479 703 700 760 disputes?
744 704 918 759 gaudet,
952 702 1081 753 dolet,
1116 702 1241 753 ridet,
1280 703 1434 758 plorat,
1472 703 1602 755 favet,

159 761 268 812 odit,
300 762 556 812 contemnit,
589 761 769 811 invidet,
806 761 857 801 ad
901 759 1240 800 misericordiam
1272 760 1506 813 inducitur,
1549 763 1603 804 ad

158 818 422 874 pudendum,
455 819 507 859 ad
539 834 579 874 p
572 819 790 875 gendum,
813 818 1023 868 irascitur,
1047 817 1241 868 miratur,
1264 829 1419 873 sperat,
1453 820 1600 861 timet:

157 875 254 917 haec
276 877 454 941 perinde
476 878 692 927 accidunt,
716 888 765 916 ut
782 890 944 926 eorum,
968 876 1041 930 qui
1064 875 1233 926 adsunt,
1257 885 1420 916 mentes
1446 877 1601 929 verbis,

155 941 201 974 et
230 934 468 987 sententiis,
491 944 535 974 et
556 935 726 975 actione
748 943 1000 974 mactantur.
1063 933 1181 980 Quid
1213 942 1291 984 est,
1310 933 1427 989 quod
1448 948 1601 991 exspe-

156 1000 299 1032 ctetur
329 991 446 1033 docti
480 992 662 1047 alicujus
694 992 929 1032 sententia?
963 991 1094 1037 Quod
1120 990 1235 1031 enim
1267 992 1423 1047 probat
1454 993 1602 1033 multi-

155 1049 278 1101 tudo,
292 1049 376 1091 hoc
396 1050 509 1091 idem
532 1050 671 1091 doctis
695 1049 964 1106 probandum
982 1058 1061 1090 est.
1080 1049 1264 1103 denique
1278 1049 1361 1090 hoc
1381 1050 1600 1106 specimen

153 1116 220 1147 est
242 1107 682 1164 popularisjudicii,
673 1123 716 1148 in
739 1122 824 1162 quo
844 1121 1080 1162 numquam
1103 1106 1186 1146 fuit
1208 1107 1369 1163 populo
1400 1122 1499 1149 cum
1522 1109 1599 1149 do-

153 1164 235 1205 ctis
258 1164 687 1221 intelligentibusque
703 1165 927 1206 dissensio.
972 1163 1085 1205 Cum
1108 1163 1232 1204 multi
1249 1174 1390 1206 essent
1407 1175 1597 1207 oratores
1612 1172 1685 1207 189

153 1222 197 1263 in
222 1223 340 1264 v·a1io
359 1238 516 1280 genere
537 1223 722 1273 dicendi,
745 1223 839 1278 quis
862 1236 1067 1278 umquam
1090 1236 1144 1263 ex
1167 1221 1234 1262 his
1256 1222 1497 1279 excellereJ
1490 1223 1601 1266 udi-

151 1289 275 1321 catus
297 1291 362 1321 est
359 1256 702 1337 ὃν111ς1111111010,
725 1296 798 1335 qui
831 1295 917 1321 non
949 1280 1063 1321 idem
1089 1295 1115 1321 a
1146 1280 1286 1321 doctis
1320 1282 1602 1336 probaretur?

152 1338 342 1403 Quando
364 1348 508 1380 autem
531 1338 711 1379 dubium
736 1338 886 1379 fuisset
908 1338 1021 1394 apud
1045 1346 1186 1394 patres
1208 1347 1392 1390 nostros,
1411 1339 1601 1396 eligendi

150 1397 222 1437 cui
245 1396 415 1452 patroni
438 1396 610 1437 daretur
643 1396 780 1453 optio,
803 1396 907 1451 quin
939 1405 1014 1436 aut
1043 1394 1287 1437 Antonium
1317 1406 1503 1453 optaiet,
1525 1406 1601 1439 aut

151 1452 381 1495 Crassum?
415 1453 656 1495 13Aderant
688 1453 811 1494 multi
843 1453 939 1495 alii:
973 1462 1131 1505 tamen,
1163 1463 1305 1495 utrum
1338 1455 1391 1496 de
1423 1455 1487 1496 his
1520 1470 1598 1511 po·

151 1510 253 1563 tius,
275 1511 517 1553 dubitasset
546 1512 715 1566 aliquis,
737 1511 842 1566 quin
873 1511 1070 1563 alterum,
1102 1526 1245 1552 nemo.
1306 1512 1426 1559 Quid
1452 1513 1597 1554 adole-

149 1569 370 1611 scentibus
403 1570 544 1620 nobis,
587 1572 735 1610 14cum
769 1578 881 1610 esset
919 1568 1053 1610 Cotta
1093 1578 1137 1610 et
1177 1568 1454 1620 Hortensius,
1490 1586 1595 1612 num

147 1630 259 1683 quis,
281 1627 352 1669 cui
370 1601 546 1682 quiderri
567 1626 754 1683 eligendi
779 1635 968 1682 potestas
998 1636 1124 1678 esset,
1146 1641 1408 1692 quemquam
1430 1627 1496 1669 his
1519 1644 1596 1670 an-

146 1686 414 1749 teponebat?
464 1684 577 1725 Tum
611 1684 786 1735 Brutus,
822 1684 940 1731 Quid
976 1693 1038 1749 tu,
1073 1684 1229 1740 inquit,
1266 1686 1424 1741 quaeris
1457 1680 1673 1732 alios?5l

147 1742 201 1784 de
224 1751 266 1783 te
289 1757 382 1799 ipso
416 1757 574 1793 nonne,
597 1742 700 1798 quid
730 1751 932 1798 optarent
954 1742 1030 1794 rei,
1061 1742 1165 1797 quid
1197 1742 1288 1798 ipse
1328 1743 1591 1786 Hortensius
1609 1756 1683 1791 190

140 1800 374 1864 judicaret,
408 1801 688 1842 videbamus?
725 1800 815 1855 qui,
849 1815 948 1841 cum
985 1801 1217 1857 partiretur
1246 1810 1390 1842 tecum
1429 1816 1593 1855 causas,

146 1863 283 1923 (saepe
305 1858 420 1899 enim
442 1857 654 1910 interfui,)
676 1858 902 1913 perorandi
925 1858 1083 1908 locum,
1107 1858 1181 1899 ubi
1205 1857 1438 1914 plurimum
1462 1860 1595 1916 pollet

146 1917 301 1967 oratio,
324 1930 492 1972 semper
514 1916 593 1957 tibi
629 1915 912 1971 relinquebat.
975 1916 1181 1957 Faciebat
1216 1915 1286 1956 ille
1315 1917 1538 1972 quidem,
1530 1933 1593 1960 m-

145 1989 298 2029 quam:
322 1984 366 2015 et
384 1975 506 2024 mihi
527 1972 833 2024 benivolentia,
848 1973 1180 2025 credo,ductus
1195 1974 1415 2015 tribuebat
1431 1977 1591 2018 omnia.

145 2032 231 2073 Sed
250 2046 348 2088 ego,
371 2047 469 2088 quae
492 2032 544 2073 de
567 2047 635 2072 me
668 2031 817 2087 populi
841 2032 897 2071 sit
929 2031 1094 2087 opini0,
1127 2031 1299 2073 nescio:
1333 2032 1385 2073 de
1417 2033 1591 2089 reliquis

143 2090 228 2131 hoc
250 2090 434 2141 affirmo,
456 2091 530 2146 qui
551 2089 667 2146 vulgi
691 2089 898 2145 opinione
918 2089 1187 2130 disertissimi
1211 2089 1349 2130 habiti
1373 2089 1473 2143 sint,
1495 2106 1590 2132 eos-

143 2148 244 2189 dem
285 2124 650 2204 intelligentium0
657 2161 830 2203 quoque
859 2146 1030 2202 judicio
1074 2147 1204 2187 fuisse
1244 2123 1587 2203 probatissimos.

146 2205 241 2247 Nec
272 2206 386 2246 enim
412 2215 557 2261 posset
583 2205 697 2247 idem
731 2204 1049 2246 Demosthenes
1082 2205 1239 2255 dicere,
1275 2206 1392 2261 quod
1425 2206 1587 2249 dixisse
1603 2222 1672 2257 191

143 2262 456 2304 Antimachum
497 2263 689 2305 Clarium
722 2263 914 2318 poetam,
947 2262 1106 2312 ferunt,
1140 2263 1215 2318 qui
1243 2278 1341 2304 cum
1372 2278 1586 2307 convoca„

143 2321 198 2362 tis
221 2320 490 2362 auditoribus
511 2321 671 2377 legeret
693 2321 752 2361 eis
775 2335 982 2377 magnum
1005 2320 1123 2371 illud,
1146 2321 1262 2375 quod
1293 2321 1490 2374 novistis,
1513 2338 1587 2364 vo-

141 2378 287 2421 lumen
307 2392 446 2430 suum,
468 2388 512 2420 et
532 2393 631 2421 eum
652 2379 868 2435 legentem
891 2393 1054 2430 omneS,
1077 2387 1234 2434 praeter
1257 2378 1499 2432 Platonem,
1522 2386 1587 2422 re-

187 2522 226 2550 12
246 2525 297 2558 ut,
308 2521 365 2561 qui
379 2520 545 2560 audiant]
571 2520 696 2551 Rursus
710 2519 764 2550 hic
779 2529 839 2550 aa·
882 2530 955 2550 men
968 2518 1023 2559 3¹0.
1066 2519 1154 2550 Tum
1170 2528 1230 2559 pro
1245 2520 1324 2559 quin
1346 2520 1524 2560 legendum
1539 2527 1590 2552 est

141 2562 236 2592 diunt
267 2564 381 2604 scripsi
409 2573 468 2604 pro
496 2563 631 2593 audient
641 2575 651 2592 .·
685 2562 840 2603 praesenti
881 2572 936 2592 an.
961 2562 1050 2592 Ordo
1061 2565 1127 2592 est:
1146 2561 1327 2592 dubitasset
1337 2563 1464 2603 aliquis,
1474 2568 1589 2595 utrum

141 2605 230 2635 enim
245 2604 298 2635 hie
318 2616 398 2646 opus
417 2613 479 2643 est,
495 2612 534 2636 ut
556 2617 595 2636 ex
617 2605 841 2636 antecedenti·
884 2604 924 2634 de
938 2605 988 2635 his
1011 2615 1056 2634 sc.
1079 2604 1219 2644 legeret:
1247 2614 1353 2642 nemo,
1376 2616 1422 2636 an
1443 2608 1587 2638 alterum

140 2647 201 2677 bus
225 2646 350 2678 clarum
373 2654 439 2679 est:
471 2649 582 2680 Bruto
605 2649 725 2678 dicenti
752 2647 844 2687 apud
883 2656 928 2677 sc.
943 2647 1079 2686 legeret,
1094 2657 1160 2677 non
1173 2646 1212 2677 de
1222 2646 1272 2677 his
1287 2647 1423 2678 duobus.
1446 2648 1586 2680 Librarii

141 2690 387 2721 multitudinem
415 2692 567 2722 ‹Iti-erim.
604 2691 702 2722 aliter
727 2696 779 2720 est
807 2690 839 2720 in
883 2689 1012 2730 decepti
1027 2696 1105 2720 sunt
1121 2689 1219 2720 verbo
1234 2690 1423 2728 dubitasset,
1437 2696 1476 2721 ut
1490 2698 1588 2732 puta-

139 2733 311 2772 praeceptis
327 2735 491 2771 oratoriis,
515 2735 549 2765 iu
571 2734 688 2774 quibus
710 2734 765 2773 qui
780 2742 840 2762 au·
885 2737 972 2768 rent,
987 2733 1066 2772 quin
1081 2742 1149 2763 esse
1165 2732 1292 2763 debere.

139 2775 230 2804 dient
241 2780 275 2805 et
290 2777 444 2813 audiunt,
459 2778 612 2816 frequens
625 2782 687 2807 est.
930 2777 967 2804 14
989 2785 1064 2805 eum
1079 2779 1159 2806 esset
1178 2774 1210 2805 C.
1227 2778 1259 2805 et
1274 2775 1338 2816 H.]
1365 2775 1453 2806 Ferri
1476 2780 1586 2816 potest

186 2820 221 2848 13
243 2818 394 2849 Aderant
407 2821 505 2850 multi
519 2820 589 2850 alii.
592 2819 606 2858 ]
624 2819 701 2850 Non
712 2818 839 2853 dubito,
883 2821 975 2854 essee,
989 2817 1072 2848 scio:
1089 2817 1145 2848 sed
1156 2821 1272 2848 tamen
1285 2828 1400 2849 verum
1409 2827 1476 2848 esse
1490 2818 1586 2850 credo

139 2859 332 2890 Ciceronem
355 2862 536 2901 scripsisse:
560 2862 606 2892 At
628 2866 725 2892 erant
749 2872 790 2892 m.
806 2871 838 2891 α.
883 2865 996 2891 essent.
1020 2869 1097 2891 nam
1113 2861 1228 2892 Cicero
1243 2870 1310 2891 non
1326 2863 1370 2891 sic
1385 2860 1479 2891 solet.

138 2907 177 2933 ut
199 2902 242 2934 sit
259 2893 462 2944 objicientis:
486 2910 560 2936 tum
583 2906 765 2946 responsio:
790 2908 841 2934 ta-

797 2945 929 2987 nh4
