1945 3235
363 148 440 190 2584
863 152 950 192 ‘DE
985 153 1271 192 ORATORE

282 248 353 302 60
368 267 499 298 torem
523 257 636 298 danne
697 257 808 299 Nam
830 259 943 314 quod
966 258 1071 300 dicis
1103 269 1361 300 senectutem
1395 274 1419 299 a
1449 259 1677 304 solitudine
1699 261 1792 303 vin·-

276 315 446 359 ⁴254dic·
438 315 495 354 iri
513 315 624 370 juris
645 315 782 356 civilis
808 317 1008 358 scienti-021
1042 316 1218 357 fortasse
1240 317 1367 357 etiam
1403 317 1595 372 pecuniae
1627 319 1792 383 magni-

368 372 527 413 tudine.
588 373 670 413 Sed
694 387 784 422 nos,
809 388 890 413 non
913 374 1014 428 quid
1047 374 1169 414 nobis
1201 374 1318 424 utile,
1342 388 1486 414 verum
1509 374 1612 429 quid
1633 375 1791 417 oratori

319 435 350 465 h.
368 429 646 470 necessarium
679 431 748 479 sit,
769 431 1013 484 ‹lu-mimus.
1045 445 1317 486 quamquam,
1342 431 1546 485 quoniam
1577 431 1711 473 multa
1738 432 1792 473 ad

364 487 543 526 oratoris
565 486 886 527 similitudinem
919 488 972 528 ab
995 502 1079 528 uno
1103 488 1265 528 artilice
1296 487 1515 538 sumimus,
1539 487 1646 528 solet
1677 489 1791 530 idem

371 541 550 585 Roscius
571 543 725 589 dicere.
748 558 804 592 se,
827 559 912 598 quo
937 544 1029 599 plus
1051 545 1131 585 sibi
1155 545 1294 585 aetatis
1315 545 1549 595 accederet,
1563 559 1614 586 eo
1633 545 1794 586 tardio-

365 614 430 639 res
468 601 655 641 tibicinis
692 600 854 649 modos,
883 612 926 640 et
957 610 1106 641 cantus
1146 602 1403 642 remissiores
1439 616 1530 642 esse
1562 602 1791 643 facturum.

367 657 494 702 Quod
529 658 561 697 si
596 657 676 705 ille,
697 658 922 698 adstrictus
944 670 1060 698 certa
1079 658 1262 713 quadam
1296 673 1566 699 numerorum
1599 659 1792 700 modera-

368 715 483 753 tione
505 726 543 754 et
571 716 738 769 pedum,
762 726 902 755 tamen
934 715 1093 769 aliquid
1115 715 1166 755 ad
1191 716 1378 771 requiem
1411 717 1640 757 senectutis
1661 731 1793 758 exco-

367 772 489 825 gitat,
513 782 673 825 quanto
697 771 862 812 facilius
891 786 965 812 nos
988 786 1072 812 non
1101 771 1244 812 laxare
1275 773 1437 823 modos,
1459 774 1531 814 sed
1554 774 1668 815 totos
1699 788 1793 814 rnu-

277 835 454 869 255t·u·e
490 843 584 890 pos.
570 831 738 869 umus?
772 829 923 883 Reque
954 829 1067 869 enim
1100 828 1183 869 hoc
1216 840 1271 879 te,
1305 828 1469 880 Crasse,
1502 830 1625 881 fallit,
1662 845 1792 886 quam

366 884 497 924 mult-1
530 886 627 934 sint,
653 894 695 925 et
724 899 852 948 quam
882 885 998 926 varia
1025 900 1180 941 genera
1208 886 1393 936 dicendi,
1414 890 1508 927 9¹et
1538 888 1652 943 quod
1682 887 1794 929 haud

363 942 509 987 sciam,
532 957 584 982 an
614 953 658 982 tu
692 957 851 998 primus
873 942 1122 992 ostenderis,
1145 943 1217 997 qui
1242 942 1411 997 jamdiu
1434 944 1568 985 multo
1589 944 1696 986 dicis
1727 959 1793 986 re-

361 1000 530 1038 mis-sius
561 1010 602 1039 et
634 999 781 1049 lenius,
804 1014 875 1054 qu
864 1014 932 1040 ml
969 999 1157 1041 solebas:
1192 1013 1326 1054 neque
1356 1000 1495 1041 minus
1525 1001 1619 1042 haec
1650 1011 1792 1043 tamen

365 1067 435 1095 tua
471 1057 709 1111 gravissimi
743 1057 948 1097 sermonis
986 1057 1150 1107 lenitas,
1188 1071 1316 1111 quam
1349 1057 1419 1097 illa
1451 1072 1616 1098 summa
1649 1059 1711 1099 vis
1748 1067 1793 1100 et

362 1113 582 1153 contentio
623 1114 850 1169 probatur:
884 1113 1092 1169 multique
1130 1127 1318 1154 oratores
1358 1113 1544 1165 fuerunt,
1583 1124 1631 1156 ut
1671 1115 1789 1157 illum

363 1170 608 1225 Scipionem
642 1171 851 1220 audimus,
874 1181 917 1212 et
949 1171 1143 1221 Laelium,
1166 1172 1239 1226 qui
1263 1171 1407 1212 omnia
1438 1185 1632 1213 sermone
1657 1173 1792 1213 confi-

362 1239 505 1267 cerent
530 1227 670 1283 paullo
694 1228 935 1279 intentiore,
957 1242 1205 1283 numquam,
1226 1238 1272 1268 ut
1295 1229 1384 1269 Ser.
1400 1227 1555 1280 Galba,
1575 1228 1793 1282 lateribuS,

362 1296 435 1325 aut
457 1285 505 1325 cl·
498 1299 641 1325 imoie
659 1285 980 1326 contenderent.
1041 1285 1207 1332 Quodsi
1225 1285 1317 1340 jam
1342 1285 1423 1326 hoc
1446 1284 1584 1327 facere
1606 1301 1692 1328 non
1717 1302 1794 1351 po-

363 1342 477 1391 teris,
500 1352 574 1382 aut
597 1342 733 1384 noles:
764 1344 932 1393 veleris,
955 1357 1007 1383 ne
1029 1355 1103 1383 tua
1123 1343 1289 1393 domuS,
1310 1342 1404 1383 talis
1425 1352 1469 1383 et
1493 1343 1586 1394 viri,
1607 1352 1652 1385 et
1672 1343 1794 1395 civis,

362 1400 394 1438 si
424 1414 448 1439 a
479 1399 677 1447 litiviosis
709 1399 954 1440 hominibus
989 1415 1074 1440 non
1106 1399 1284 1449 colatur,
1316 1415 1340 1439 a
1366 1400 1517 1440 cetenis
1547 1401 1792 1443 deseratur?

364 1446 571 1510 Equidem
597 1466 762 1496 tantum
784 1458 931 1497 absum
955 1458 1009 1497 ab
1032 1458 1112 1497 ista
1131 1457 1355 1507 sententia,
1378 1467 1425 1496 ut
1446 1471 1530 1497 non
1555 1458 1684 1499 modo
1706 1473 1792 1499 non

358 1514 539 1553 arbitrer
569 1513 805 1554 subsidium
837 1515 1082 1564 senectutis,
1108 1513 1150 1554 in
1173 1528 1335 1564 eorum,
1357 1514 1430 1568 qui
1452 1514 1695 1555 consultum
1720 1529 1792 1556 ve-

361 1571 415 1610 ni·
407 1581 494 1620 int,
519 1570 790 1611 multitudine
811 1585 901 1611 esse
925 1571 1183 1626 ponendum,
1206 1570 1277 1611 sed
1300 1581 1503 1626 tanquam
1524 1581 1694 1627 portum
1716 1572 1793 1613 ali-

359 1642 502 1682 quem,
523 1639 768 1683 exspectem
793 1628 932 1679 ist-un,
954 1642 1081 1683 quam
1106 1638 1150 1668 tu
1174 1628 1312 1678 times,
1330 1627 1620 1669 solitudinem.
1681 1630 1792 1671 Sub-

361 1685 515 1725 sidium
538 1699 651 1725 enim
676 1684 951 1726 bellissimum
975 1685 1175 1725 existimo
1197 1699 1287 1725 esse
1309 1685 1533 1736 senectuti,
1554 1686 1706 1727 otium.

272 1747 322 1781 25
325 1746 348 1779 6
421 1741 542 1797 Reliq
551 1757 586 1781 u·
579 1758 602 1782 ι
627 1755 723 1782 vero
744 1742 909 1783 etiamsi
934 1742 1154 1797 adjuvant,
1176 1742 1397 1782 historiam
1415 1742 1528 1793 dico,
1545 1753 1588 1783 et
1611 1743 1795 1798 pruden-

363 1799 462 1839 tiam
489 1799 598 1863 juris
630 1799 805 1855 publici,
835 1809 878 1839 et
906 1799 1175 1863 antiquitatis
1207 1799 1301 1862 iter,
1322 1807 1365 1839 et
1395 1800 1690 1863 exemplorum
1721 1815 1794 1842 co-

365 1857 418 1911 pi
409 1871 491 1905 im,
516 1857 547 1897 si
571 1857 742 1911 quando
764 1871 872 1911 opus
894 1857 989 1907 erit,
1012 1871 1036 1896 a
1061 1858 1149 1896 νίιο
1172 1857 1353 1911 optimo,
1376 1865 1419 1896 et
1450 1856 1541 1897 istis
1573 1858 1697 1898 rebus
1727 1858 1793 1898 in-

361 1926 447 1953 stru
453 1914 659 1963 ςῐί55ἰιῃυ,
683 1913 878 1954 fa-milian
906 1928 1014 1964 meo,
1040 1913 1237 1969 L0n‹rino
1260 1915 1503 1955 mutuabor.
1557 1914 1710 1970 Neque
1729 1928 1794 1955 re-

362 1972 579 2026 pugnabo,
603 1986 688 2026 quo
711 1971 851 2011 minus
881 1971 940 2022 (id
964 1971 1077 2026 quod
1111 1970 1238 2011 modo
1260 1970 1456 2011 hortatus
1477 1972 1540 2021 es)
1563 1972 1707 2013 omnia
1735 1972 1795 2013 le·-

362 2024 479 2083 gant,
502 2029 647 2068 omnia
667 2027 856 2078 audiant,
878 2028 918 2068 in
943 2028 1059 2068 omni
1081 2037 1196 2068 recto
1216 2027 1357 2068 studio
1379 2038 1507 2082 atque
1529 2028 1796 2070 humanitate

363 2096 604 2126 xers<··:ntu1
638 2086 709 2125 sed
734 2085 972 2126 mehercule
993 2087 1133 2124 92non
1158 2084 1218 2124 ita
1239 2084 1419 2125 multum
1443 2085 1569 2140 spatii
1600 2085 1705 2127 mihi
1730 2085 1793 2126 vi-

361 2142 413 2181 ‹1‹·
407 2153 497 2191 ··tm,
521 2142 553 2182 si
580 2142 706 2182 modo
726 2156 776 2181 ea
799 2142 950 2191 facere,
972 2151 1015 2182 et
1025 2141 1230 2205 'persequi
1251 2141 1408 2191 volent,
1427 2156 1524 2197 quae
1546 2157 1571 2182 a
1593 2151 1649 2193 te,
1667 2142 1793 2184 Cras-

363 2214 419 2247 se,
446 2211 659 2254 piace-pta
680 2209 802 2239 sunt:
834 2199 905 2253 qui
931 2199 1034 2239 milii
1059 2213 1191 2254 prope
1213 2199 1342 2239 etiam
1375 2198 1501 2240 nimis
1523 2199 1665 2240 dur-as
1677 2200 1793 2264 leges

364 2270 534 2312 impoli(
540 2270 580 2295 re
605 2270 716 2296 usus
739 2270 781 2295 es
805 2256 904 2296 huic
935 2256 1078 2306 aetati;
1110 2255 1178 2295 sed
1207 2264 1348 2295 tamen
1380 2257 1430 2296 ad
1456 2256 1513 2306 id,
1535 2256 1648 2312 quod
1671 2257 1793 2313 cupi-

272 2312 350 2349 -57
365 2325 452 2363 unt,
485 2313 808 2377 adipiscendum
840 2327 971 2376 prope
1003 2312 1272 2354 necessarias.
1333 2312 1445 2353 Nam
1476 2322 1520 2354 et
1553 2313 1708 2355 subitae
1738 2313 1792 2355 ad

365 2370 601 2425 piopositas
631 2385 779 2411 causas
809 2370 1153 2420 exem-nationes,
1178 2379 1221 2410 et
1251 2382 1479 2420 accuratae,
1501 2379 1545 2411 et
1573 2371 1792 2412 meditatae

358 2427 757 2477 commentationes,
791 2442 840 2467 ac
871 2427 990 2467 stilus
1024 2427 1092 2467 ille
1133 2436 1242 2476 tuuS,
1276 2441 1403 2482 quem
1437 2437 1480 2468 tu
1515 2441 1610 2468 vere
1641 2427 1791 2468 dixisti

359 2485 639 2540 perfectorem
669 2484 838 2526 dicendi
869 2498 959 2525 esse
989 2499 1038 2525 ac
1069 2483 1338 2540 magistrum,
1371 2483 1492 2524 multi
1524 2483 1688 2526 sudoris
1711 2494 1790 2537 est,

398 2644 433 2675 91
453 2645 482 2671 ee
504 2642 588 2681 quod
609 2641 699 2671 haud
717 2642 831 2671 sciam.
835 2641 848 2681 ]
875 2641 1052 2672 Lambinus
1095 2641 1150 2676 sit
1170 2640 1261 2671 haud
1279 2641 1353 2678 scio,
1369 2641 1430 2671 vid.
1452 2642 1487 2672 in
1510 2641 1620 2673 Clave.
1664 2642 1792 2684 Nempe

357 2688 386 2712 a
413 2683 511 2713 ‹leltri
537 2684 620 2719 mit,
645 2684 802 2723 probante
830 2684 975 2720 pean-io,
999 2685 1051 2723 qui
1096 2693 1129 2713 es
1131 2688 1144 2712 t
1170 2683 1250 2713 lenis
1265 2688 1297 2712 et
1314 2689 1451 2713 venusta
1473 2684 1679 2722 adfirmati03
1703 2685 1792 2724 quod

355 2726 455 2755 etism
471 2726 603 2763 conjicit
618 2727 760 2764 atqueh.
775 2736 801 2756 s.
830 2725 945 2756 Malim
960 2726 1055 2765 usqne
1099 2726 1199 2755 nostri
1229 2725 1376 2755 homines
1402 2725 1522 2756 nolunt
1548 2726 1669 2757 discere
1695 2733 1730 2758 et
1756 2727 1792 2758 in

357 2768 448 2797 hand
463 2769 574 2797 sciam.
599 2767 682 2797 forte
705 2767 803 2797 etiam
827 2777 889 2797 sevo
913 2768 1048 2797 rtetius:
1093 2767 1264 2798 scribendo
1279 2776 1416 2798 servare.

357 2819 432 2840 nam
454 2811 486 2840 in
505 2810 652 2840 oratione
676 2814 764 2839 reeta
778 2810 843 2840 fere
865 2817 915 2840 est
935 2810 966 2839 in
992 2811 1051 2840 hac
1137 2811 1177 2841 92
1204 2819 1268 2839 nrm
1296 2810 1346 2839 ica
1375 2811 1517 2840 multum
1543 2811 1642 2850 spatii
1671 2820 1714 2841 m.
1741 2809 1793 2883 vi

355 2852 462 2883 forma
495 2853 567 2881 scio.
612 2851 671 2881 Est
699 2857 811 2882 tamen
841 2856 937 2891 atque
963 2852 1054 2881 haud
1096 2851 1176 2881 Edd.
1202 2851 1252 2881 W.
1280 2860 1306 2880 s.
1333 2851 1354 2881 l.
1381 2857 1416 2882 et
1440 2863 1468 2882 a.
1495 2852 1543 2883 M.
1569 2852 1692 2883 habent
1712 2853 1757 2883 mi
1785 2853 1791 2859 '

354 2905 456 2924 secam
484 2895 584 2925 etiam
614 2894 659 2932 11,
695 2896 742 2926 17.
769 2899 804 2925 et
833 2893 921 2924 alibi.
965 2894 1052 2934 Quid
1095 2894 1212 2924 habere
1224 2893 1388 2932 videntur,
1405 2894 1519 2926 eodem
1534 2903 1642 2926 seusu.
