1945 3235
549 145 733 184 LIBER
758 146 1050 187 QUARTUS.
1460 153 1509 189 93

94 260 161 294 est
177 252 416 303 exornatio,
434 250 467 292 si
480 257 553 291 aut
565 264 670 301 rem,
687 264 815 305 quam
833 264 920 291 non
938 250 1149 305 pertineat
1167 250 1258 290 aliis
1276 252 1513 303 ostendere,

95 309 263 351 occulte
280 308 547 351 admonuisse
568 307 755 363 prodest,
774 316 847 347 aut
868 306 902 346 si
920 305 1097 361 longum
1119 315 1196 356 est,
1214 316 1288 346 aut
1308 309 1512 363 ignobile,

95 375 170 407 aut
189 370 229 402 47
242 366 414 422 planum
436 378 521 404 non
544 372 687 420 potest
704 363 810 414 fieri,
832 371 906 404 aut
927 362 1052 403 facile
1074 371 1216 418 potest
1238 364 1512 417 reprehendi;

96 432 146 463 ut
174 422 318 464 utilius
340 422 394 462 sit
414 418 582 462 occulte
603 420 753 461 fecisse
779 420 1082 475 suspicionem,
1108 434 1237 474 quam
1266 419 1513 474 hujusmodi

96 479 326 521 intendisse
343 477 594 528 orationem,
615 491 712 532 quae
734 477 1025 532 redarguatur.

155 534 400 591 Disjunetio
422 542 499 583 est,
521 548 619 575 cum
632 548 793 584 eorum,
812 534 864 574 de
882 533 1038 588 quibus
1055 532 1251 584 dicimus,
1266 540 1339 573 aut
1352 541 1516 573 utrum-

96 607 193 649 que,
215 602 288 634 aut
308 591 640 646 unumquodque
661 600 779 631 certo
801 590 1070 631 concluditur
1091 591 1237 640 verbo,
1260 590 1345 631 sic:
1371 589 1516 645 Popu-

96 650 160 691 lus
198 648 418 690 Romanus
457 647 737 688 Numantiam
777 647 948 698 delevit,
981 646 1293 702 Karthaginem
1331 647 1516 697 sustulit,

98 705 354 748 Corinthum
386 704 571 760 disjecit,
611 703 823 760 Fregellas
855 705 1022 745 evertit.
1084 703 1208 744 Nihil
1241 703 1516 744 Numantinis

96 763 204 805 vires
226 762 415 818 corporis
442 761 659 802 auxiliatae
691 771 814 813 sunt3
836 761 944 802 nihil
974 760 1407 816 Karthaginiensibus
1436 760 1518 801 sci-

95 820 210 861 entia
229 819 290 860 rei
310 818 505 860 militaris
538 818 787 873 adjumento
817 817 921 869 fuit3
943 817 1052 858 nihil
1084 816 1320 858 Corinthiis
1352 817 1519 858 erudita

93 876 302 917 calliditas
324 875 512 932 praesidii
534 875 654 917 tulit:
674 875 783 916 nihil
809 874 1068 930 Fregellanis
1097 889 1266 915 morum
1294 883 1337 915 et
1359 888 1518 915 sermo-

93 934 159 974 nis
182 934 360 974 societas
382 932 592 989 opitulata
611 941 690 974 est.
739 932 863 983 Item,
888 932 1054 973 Formae
1068 931 1256 987 dignitas
1274 940 1348 972 aut
1365 932 1518 972 morbo

94 990 350 1042 deflorescit,
369 998 443 1031 aut
461 998 671 1030 vetustate
689 989 993 1045 exstinguitur.
1042 988 1131 1030 Hic
1149 998 1390 1044 utrumque,
1408 997 1452 1029 et
1472 988 1517 1029 in

95 1048 312 1104 superiore
331 1047 530 1103 exemplo
552 1060 896 1102 unamquamque
916 1060 1005 1086 rem
1026 1054 1143 1086 certo
1164 1046 1294 1086 verbo
1316 1045 1516 1086 concludi

95 1105 302 1146 videmus.
363 1103 626 1159 C011junctio
648 1112 726 1155 est,
755 1117 854 1144 cum
887 1103 1212 1158 interpositione
1241 1103 1360 1144 verbi
1381 1110 1425 1143 et
1446 1116 1515 1143 su-
1524 1121 1575 1155 38

94 1162 281 1218 periotes
310 1161 515 1202 orationis
554 1168 694 1216 partes
732 1159 1166 1215 comprehenduntur,
1197 1168 1240 1199 et
1279 1158 1516 1210 inferiores,

95 1220 179 1260 hoc
199 1218 352 1260 modo:
377 1217 543 1259 Formae
573 1216 760 1272 dignitas
790 1225 864 1257 aut
889 1217 1041 1257 morbo
1068 1216 1324 1267 deflorescit,
1348 1224 1422 1256 aut
1446 1231 1520 1257 ve-

96 1284 268 1317 tustate.
326 1273 563 1329 Adjunctio
584 1283 663 1324 est,
686 1289 786 1315 cum
819 1274 1010 1324 verbum,
1032 1288 1117 1328 quo
1144 1287 1208 1314 res
1239 1273 1519 1329 comprehen-

95 1333 224 1384 ditur,
245 1346 332 1373 non
360 1330 685 1387 interponimus,
715 1331 787 1372 sed
818 1340 892 1372 aut
920 1331 1120 1387 primum,
1150 1339 1224 1371 aut
1255 1339 1521 1386 postremum

95 1389 367 1432 collocamus.
428 1388 637 1438 Primum,
658 1387 742 1429 hoc
771 1396 924 1444 pacto:
950 1387 1210 1429 Deflorescit
1241 1387 1392 1429 formae
1424 1388 1520 1444 dig-

93 1447 207 1488 nitas
228 1454 303 1487 aut
321 1446 489 1496 morbo,
511 1453 585 1486 aut
605 1454 831 1486 vetustate.
893 1444 1164 1486 Postremum
1186 1445 1272 1486 sic:
1295 1444 1386 1485 Aut
1406 1459 1520 1485 mor-

95 1503 167 1555 bo,
189 1512 262 1545 aut
282 1511 494 1544 vetustate
523 1501 672 1543 formae
695 1502 882 1559 dignitas
904 1501 1161 1543 deflorescit.
1219 1501 1288 1543 Ad
1310 1501 1519 1543 festivita·
1531 1514 1562 1544 P·
1577 1506 1628 1535 33-

96 1570 182 1602 tem
201 1559 434 1615 disjunctio
447 1570 512 1601 est
533 1560 754 1615 apposita;
774 1574 903 1614 quare
920 1560 1052 1601 rarius
1074 1569 1243 1601 utemur
1260 1574 1322 1610 ea,
1346 1573 1398 1600 ne
1417 1559 1518 1599 sati-
1530 1557 1561 1577 a.

96 1626 253 1659 etatem
272 1618 433 1673 pariat:
457 1617 509 1658 ad
532 1617 786 1658 brevitatem
813 1617 1088 1672 conjunctim
1110 1631 1239 1672 quare
1262 1616 1417 1672 saepius
1447 1616 1520 1657 ad-

93 1673 282 1716 hibenda
297 1683 376 1715 est.
436 1674 521 1717 Hae
544 1682 627 1715 tres
649 1674 949 1716 exornationes
970 1674 1022 1715 de
1051 1673 1235 1730 simplici
1257 1688 1411 1729 genere
1431 1688 1521 1714 ma·
1533 1684 1603 1733 28

94 1740 214 1774 nant.

155 1789 487 1846 Conduplicatio
509 1798 587 1840 est,
609 1804 707 1831 cum
730 1790 895 1831 ratione
916 1788 1279 1845 amplificationiS,
1306 1796 1381 1830 aut
1402 1803 1522 1830 com-

97 1846 396 1898 miserationis,
417 1846 609 1901 ejusdem
630 1847 770 1897 unius,
792 1855 866 1888 aut
883 1847 1069 1902 plurium
1093 1848 1318 1888 verborum
1333 1846 1520 1897 iteratio,

95 1903 181 1944 hoc
211 1903 364 1945 modo:
388 1903 614 1944 Tumultus
638 1903 690 1945 C.
721 1903 925 1954 Gracchi,
950 1903 1158 1944 tumultus
1189 1904 1447 1945 domesticos
1477 1913 1521 1943 et

96 1959 322 2002 intestinos
352 1969 587 2016 comparat.
647 1960 773 2012 Item,
807 1960 1060 2002 Commotus
1091 1976 1178 2002 non
1220 1976 1278 2011 es,
1309 1975 1408 2001 cum
1440 1960 1518 2000 tibi

96 2026 232 2059 mater
253 2018 380 2074 pedes
413 2017 742 2073 amplexaretur,
764 2033 850 2059 non
873 2032 916 2058 es
948 2021 1216 2059 commotus?
1241 2017 1366 2068 Item,
1391 2017 1520 2058 Nunc

95 2075 226 2115 etiam
248 2075 377 2116 audes
400 2074 442 2115 in
465 2074 619 2115 horum
645 2085 925 2131 conspectum
958 2076 1116 2125 venire,
1139 2075 1332 2131 proditor
1354 2074 1518 2130 patriae,

96 2132 304 2187 proditor,
333 2132 522 2187 inquam,
552 2133 718 2188 patriae,
750 2132 894 2173 venire
922 2131 1051 2172 audes
1081 2133 1125 2173 in
1158 2132 1310 2172 horum
1339 2145 1519 2186 conspe-

96 2191 242 2230 ctum?
270 2188 555 2230 Vehementer
585 2190 824 2230 auditorem
848 2199 1092 2231 commovet
1121 2189 1313 2244 ejusdem
1334 2188 1520 2229 redinte-

96 2246 235 2301 gratio
266 2246 398 2298 verbi,
431 2256 474 2287 et
502 2246 654 2287 vulnus
683 2247 821 2302 majus
843 2246 978 2287 efficit
996 2250 1036 2279 48
1051 2248 1094 2288 in
1116 2247 1331 2288 contrario
1352 2260 1517 2296 causae;

96 2303 215 2357 quasi
238 2303 410 2358 aliquod
430 2303 559 2344 telum
578 2304 734 2359 saepius
748 2303 968 2360 perveniat
989 2304 1033 2344 in
1051 2304 1229 2345 eandem
1248 2312 1410 2360 partein
1425 2317 1518 2343 cor-

96 2361 225 2415 poris.
286 2359 590 2417 Interpretatio
608 2369 686 2411 est,
708 2376 804 2416 quae
826 2375 914 2402 non
935 2361 1092 2402 iterans
1115 2361 1229 2402 idem
1257 2360 1520 2415 redintegrat

97 2417 287 2468 verbum,
319 2417 390 2458 sed
422 2417 465 2459 id
495 2427 748 2469 commutat,
778 2418 893 2473 quod
927 2419 1116 2474 positum
1148 2428 1225 2468 est,
1258 2418 1340 2458 alio
1373 2417 1518 2467 verbo,

95 2474 210 2528 quod
232 2474 345 2515 idem
367 2474 519 2526 valeat,
542 2475 625 2516 hoc
647 2476 797 2517 modo:
824 2475 1154 2532 Rempublicam
1177 2474 1379 2515 radicitus
1401 2488 1520 2514 ever·

96 2531 201 2581 usti,
232 2531 452 2573 civitatem
483 2531 676 2573 funditus
716 2532 925 2588 dejecisti.
995 2532 1121 2583 Item,
1155 2531 1327 2572 Patrem
1358 2530 1520 2572 nefarie

96 2588 341 2640 verberasti,
371 2589 536 2644 parenti
567 2604 717 2630 manus
747 2590 948 2631 scelerate
977 2589 1174 2630 intulisti.
1236 2589 1422 2630 Necesse
1455 2597 1519 2628 est

96 2643 202 2698 ejus,
234 2646 307 2700 qui
336 2645 469 2697 audit,
499 2646 690 2687 animum
720 2647 998 2697 commoveri,
1029 2661 1127 2687 cum
1154 2647 1340 2702 gravitas
1366 2646 1518 2701 prioris

95 2701 199 2741 dicti
221 2712 448 2744 renovatur
469 2703 820 2760 interpretatione
842 2705 1084 2745 verborum.

134 2817 176 2848 47
201 2813 349 2846 Planum
373 2826 436 2847 mm
454 2821 559 2856 potest
574 2817 683 2858 fieri]
720 2816 784 2848 Hic
827 2817 1520 2857 serit,cumsensummanifestecorrumpat.

95 2857 281 2887 auctoribus
294 2856 372 2887 Mss.
386 2864 420 2889 et
431 2859 502 2890 edd.
515 2864 596 2890 vett.
608 2859 710 2890 delevi
725 2864 785 2889 aut
868 2862 908 2890 48
937 2860 977 2890 In
997 2861 1159 2890 contrario
1185 2858 1329 2899 curasset]
1361 2859 1432 2889 Hoc
1455 2867 1521 2888 non

96 2904 172 2928 ante
188 2908 261 2935 non,
278 2899 363 2938 quod
378 2902 484 2931 nescio
507 2912 571 2941 quo
586 2911 660 2932 casu
685 2903 785 2941 irrep·
828 2901 987 2941 intelligo.
