<?xml version="1.0" encoding="UTF-8"?>
<!DOCTYPE html PUBLIC "-//W3C//DTD XHTML 1.0 Transitional//EN"
    "http://www.w3.org/TR/xhtml1/DTD/xhtml1-transitional.dtd">
<html xmlns="http://www.w3.org/1999/xhtml" xml:lang="en" lang="en">
 <head>
  <title>
</title>
<meta http-equiv="Content-Type" content="text/html;charset=utf-8" />
  <meta name='ocr-system' content='tesseract 3.04.00' />
  <meta name='ocr-capabilities' content='ocr_page ocr_carea ocr_par ocr_line ocrx_word'/>
</head>
<body>
  <div class='ocr_page' id='page_1' title='image "./operaomnia01ciceuoft/operaomnia01ciceuoft_0081.png"; bbox 0 0 1914 3220; ppageno 0'>
   <div class='ocr_carea' id='block_1_1' title="bbox 661 116 1617 174">
    <p class='ocr_par' dir='ltr' id='par_1_1' title="bbox 661 116 1617 174">
     <span class='ocr_line' id='line_1_1' title="bbox 661 116 1617 174; baseline 0.002 -14"><span class='ocrx_word' id='word_1_1' title='bbox 661 121 850 161; x_wconf 67' lang='lat' dir='ltr'>mmm</span> <span class='ocrx_word' id='word_1_2' title='bbox 875 116 1118 168; x_wconf 69' lang='lat' dir='ltr'>PnlMtis.</span> <span class='ocrx_word' id='word_1_3' title='bbox 1587 131 1617 174; x_wconf 60' lang='grc' dir='ltr'><strong><em>ς</em></strong></span> 
     </span>
    </p>
   </div>
   <div class='ocr_carea' id='block_1_2' title="bbox 146 226 1698 1785">
    <p class='ocr_par' dir='ltr' id='par_1_2' title="bbox 146 226 1698 1785">
     <span class='ocr_line' id='line_1_2' title="bbox 159 226 1612 284; baseline 0.001 -13"><span class='ocrx_word' id='word_1_4' title='bbox 159 226 370 281; x_wconf 82' lang='lat' dir='ltr'>dicamus,</span> <span class='ocrx_word' id='word_1_5' title='bbox 392 243 447 271; x_wconf 85' lang='lat' dir='ltr'>ne</span> <span class='ocrx_word' id='word_1_6' title='bbox 476 240 604 284; x_wconf 85' lang='lat' dir='ltr'>quam</span> <span class='ocrx_word' id='word_1_7' title='bbox 634 226 679 268; x_wconf 89' lang='lat' dir='ltr'>in</span> <span class='ocrx_word' id='word_1_8' title='bbox 710 227 838 268; x_wconf 84' lang='lat' dir='ltr'>aliam</span> <span class='ocrx_word' id='word_1_9' title='bbox 869 241 959 268; x_wconf 89' lang='lat' dir='ltr'>rem</span> <span class='ocrx_word' id='word_1_10' title='bbox 991 235 1272 279; x_wconf 85' lang='lat' dir='ltr'>transeamus,</span> <span class='ocrx_word' id='word_1_11' title='bbox 1294 242 1349 269; x_wconf 86' lang='lat' dir='ltr'>ne</span> <span class='ocrx_word' id='word_1_12' title='bbox 1370 227 1425 270; x_wconf 81' lang='lat' dir='ltr'>ab</span> <span class='ocrx_word' id='word_1_13' title='bbox 1457 228 1612 273; x_wconf 83' lang='lat' dir='ltr'>ultimo</span> 
     </span>
     <span class='ocr_line' id='line_1_3' title="bbox 161 285 1613 343; baseline 0.001 -15"><span class='ocrx_word' id='word_1_14' title='bbox 161 298 420 343; x_wconf 80' lang='lat' dir='ltr'>repetamus,</span> <span class='ocrx_word' id='word_1_15' title='bbox 452 300 505 327; x_wconf 87' lang='lat' dir='ltr'>ne</span> <span class='ocrx_word' id='word_1_16' title='bbox 534 286 663 340; x_wconf 84' lang='lat' dir='ltr'>longe</span> <span class='ocrx_word' id='word_1_17' title='bbox 701 298 1022 340; x_wconf 78' lang='lat' dir='ltr'>persequamur,</span> <span class='ocrx_word' id='word_1_18' title='bbox 1054 299 1108 325; x_wconf 90' lang='lat' dir='ltr'>ne</span> <span class='ocrx_word' id='word_1_19' title='bbox 1138 285 1257 340; x_wconf 90' lang='lat' dir='ltr'>quid,</span> <span class='ocrx_word' id='word_1_20' title='bbox 1289 286 1405 340; x_wconf 86' lang='lat' dir='ltr'>quod</span> <span class='ocrx_word' id='word_1_21' title='bbox 1437 289 1489 328; x_wconf 87' lang='lat' dir='ltr'>ad</span> <span class='ocrx_word' id='word_1_22' title='bbox 1523 303 1613 330; x_wconf 80' lang='lat' dir='ltr'>rem</span> 
     </span>
     <span class='ocr_line' id='line_1_4' title="bbox 161 341 1612 400; baseline 0.001 -14"><span class='ocrx_word' id='word_1_23' title='bbox 161 345 389 400; x_wconf 81' lang='lat' dir='ltr'>pertineat,</span> <span class='ocrx_word' id='word_1_24' title='bbox 412 351 742 399; x_wconf 73' lang='lat' dir='ltr'>praetereamus3</span> <span class='ocrx_word' id='word_1_25' title='bbox 781 351 826 383; x_wconf 87' lang='lat' dir='ltr'>et.</span> <span class='ocrx_word' id='word_1_26' title='bbox 847 341 881 382; x_wconf 83' lang='lat' dir='ltr'>si</span> <span class='ocrx_word' id='word_1_27' title='bbox 914 355 1141 397; x_wconf 85' lang='lat' dir='ltr'>sequemur</span> <span class='ocrx_word' id='word_1_28' title='bbox 1172 356 1236 393; x_wconf 87' lang='lat' dir='ltr'>ea,</span> <span class='ocrx_word' id='word_1_29' title='bbox 1259 357 1356 398; x_wconf 82' lang='lat' dir='ltr'>quae</span> <span class='ocrx_word' id='word_1_30' title='bbox 1385 343 1439 384; x_wconf 85' lang='lat' dir='ltr'>de</span> <span class='ocrx_word' id='word_1_31' title='bbox 1472 345 1612 387; x_wconf 84' lang='lat' dir='ltr'>brevi-</span> 
     </span>
     <span class='ocr_line' id='line_1_5' title="bbox 162 399 1676 466; baseline 0.001 -24"><span class='ocrx_word' id='word_1_32' title='bbox 162 411 252 442; x_wconf 83' lang='lat' dir='ltr'>tate</span> <span class='ocrx_word' id='word_1_33' title='bbox 283 409 501 458; x_wconf 75' lang='lat' dir='ltr'>praecepta</span> <span class='ocrx_word' id='word_1_34' title='bbox 538 408 652 440; x_wconf 89' lang='lat' dir='ltr'>sunt.</span> <span class='ocrx_word' id='word_1_35' title='bbox 684 413 784 440; x_wconf 87' lang='lat' dir='ltr'>nam</span> <span class='ocrx_word' id='word_1_36' title='bbox 816 402 855 433; x_wconf 86' lang='lat'>57</span> <span class='ocrx_word' id='word_1_37' title='bbox 869 414 956 455; x_wconf 87' lang='lat' dir='ltr'>quo</span> <span class='ocrx_word' id='word_1_38' title='bbox 990 399 1175 451; x_wconf 88' lang='lat' dir='ltr'>brevior,</span> <span class='ocrx_word' id='word_1_39' title='bbox 1206 413 1257 440; x_wconf 91' lang='lat' dir='ltr'>eo</span> <span class='ocrx_word' id='word_1_40' title='bbox 1296 399 1527 442; x_wconf 81' lang='lat' dir='ltr'>dilucidior</span> <span class='ocrx_word' id='word_1_41' title='bbox 1567 414 1610 444; x_wconf 87' lang='lat' dir='ltr'>et</span> <span class='ocrx_word' id='word_1_42' title='bbox 1626 431 1676 466; x_wconf 61' lang='lat' dir='ltr'>lg</span> 
     </span>
     <span class='ocr_line' id='line_1_6' title="bbox 159 455 1610 516; baseline -0.001 -15"><span class='ocrx_word' id='word_1_43' title='bbox 159 460 339 516; x_wconf 83' lang='lat' dir='ltr'>cognitu</span> <span class='ocrx_word' id='word_1_44' title='bbox 370 456 538 498; x_wconf 86' lang='lat' dir='ltr'>facilior</span> <span class='ocrx_word' id='word_1_45' title='bbox 568 457 755 498; x_wconf 81' lang='lat' dir='ltr'>narratio</span> <span class='ocrx_word' id='word_1_46' title='bbox 775 455 864 497; x_wconf 87' lang='lat' dir='ltr'>fiet.</span> <span class='ocrx_word' id='word_1_47' title='bbox 925 456 1182 497; x_wconf 82' lang='lat' dir='ltr'>Verisiniiiis</span> <span class='ocrx_word' id='word_1_48' title='bbox 1212 458 1401 499; x_wconf 83' lang='lat' dir='ltr'>narratio</span> <span class='ocrx_word' id='word_1_49' title='bbox 1432 459 1528 510; x_wconf 87' lang='lat' dir='ltr'>erit,</span> <span class='ocrx_word' id='word_1_50' title='bbox 1560 461 1610 512; x_wconf 85' lang='lat' dir='ltr'>si,</span> 
     </span>
     <span class='ocr_line' id='line_1_7' title="bbox 161 514 1614 572; baseline 0 -14"><span class='ocrx_word' id='word_1_51' title='bbox 161 526 209 558; x_wconf 87' lang='lat' dir='ltr'>ut</span> <span class='ocrx_word' id='word_1_52' title='bbox 239 531 346 567; x_wconf 87' lang='lat' dir='ltr'>mos,</span> <span class='ocrx_word' id='word_1_53' title='bbox 378 524 427 556; x_wconf 86' lang='lat' dir='ltr'>ut</span> <span class='ocrx_word' id='word_1_54' title='bbox 456 514 622 570; x_wconf 88' lang='lat' dir='ltr'>opinio,</span> <span class='ocrx_word' id='word_1_55' title='bbox 652 523 702 555; x_wconf 89' lang='lat' dir='ltr'>ut</span> <span class='ocrx_word' id='word_1_56' title='bbox 731 523 886 554; x_wconf 85' lang='lat' dir='ltr'>natura</span> <span class='ocrx_word' id='word_1_57' title='bbox 917 514 1122 569; x_wconf 85' lang='lat' dir='ltr'>postulat,</span> <span class='ocrx_word' id='word_1_58' title='bbox 1153 514 1369 567; x_wconf 82' lang='lat' dir='ltr'>diceinus3</span> <span class='ocrx_word' id='word_1_59' title='bbox 1406 515 1440 556; x_wconf 86' lang='lat' dir='ltr'>si</span> <span class='ocrx_word' id='word_1_60' title='bbox 1473 518 1614 572; x_wconf 80' lang='lat' dir='ltr'>spatia</span> 
     </span>
     <span class='ocr_line' id='line_1_8' title="bbox 162 571 1613 630; baseline 0 -15"><span class='ocrx_word' id='word_1_61' title='bbox 162 583 419 630; x_wconf 87' lang='lat' dir='ltr'>temporum,</span> <span class='ocrx_word' id='word_1_62' title='bbox 441 586 723 628; x_wconf 86' lang='lat' dir='ltr'>personarum</span> <span class='ocrx_word' id='word_1_63' title='bbox 747 571 997 627; x_wconf 68' lang='lat' dir='ltr'>dignitates,</span> <span class='ocrx_word' id='word_1_64' title='bbox 1021 572 1301 630; x_wconf 62' lang='lat' dir='ltr'>epnsiliorum</span> <span class='ocrx_word' id='word_1_65' title='bbox 1323 573 1526 625; x_wconf 75' lang='lat' dir='ltr'>rationes,</span> <span class='ocrx_word' id='word_1_66' title='bbox 1549 574 1613 615; x_wconf 86' lang='lat' dir='ltr'>lo-</span> 
     </span>
     <span class='ocr_line' id='line_1_9' title="bbox 160 629 1614 685; baseline 0.001 -13"><span class='ocrx_word' id='word_1_67' title='bbox 160 645 307 673; x_wconf 89' lang='lat' dir='ltr'>corum</span> <span class='ocrx_word' id='word_1_68' title='bbox 349 630 698 685; x_wconf 83' lang='lat' dir='ltr'>opportunitates</span> <span class='ocrx_word' id='word_1_69' title='bbox 741 629 1019 670; x_wconf 76' lang='lat' dir='ltr'>constabunt.</span> <span class='ocrx_word' id='word_1_70' title='bbox 1071 644 1125 670; x_wconf 89' lang='lat' dir='ltr'>ne</span> <span class='ocrx_word' id='word_1_71' title='bbox 1167 629 1303 670; x_wconf 80' lang='lat' dir='ltr'>refelli</span> <span class='ocrx_word' id='word_1_72' title='bbox 1378 631 1497 682; x_wconf 84' lang='lat' dir='ltr'>ossit‚</span> <span class='ocrx_word' id='word_1_73' title='bbox 1537 641 1614 674; x_wconf 82' lang='lat' dir='ltr'>aut</span> 
     </span>
     <span class='ocr_line' id='line_1_10' title="bbox 160 685 1612 743; baseline 0.001 -13"><span class='ocrx_word' id='word_1_74' title='bbox 160 687 364 743; x_wconf 87' lang='lat' dir='ltr'>temporis</span> <span class='ocrx_word' id='word_1_75' title='bbox 394 701 547 743; x_wconf 76' lang='lat' dir='ltr'>parum</span> <span class='ocrx_word' id='word_1_76' title='bbox 577 685 723 736; x_wconf 80' lang='lat' dir='ltr'>fuisse,</span> <span class='ocrx_word' id='word_1_77' title='bbox 747 695 821 727; x_wconf 83' lang='lat' dir='ltr'>aut</span> <span class='ocrx_word' id='word_1_78' title='bbox 849 701 1024 728; x_wconf 84' lang='lat' dir='ltr'>causam</span> <span class='ocrx_word' id='word_1_79' title='bbox 1054 686 1231 738; x_wconf 81' lang='lat' dir='ltr'>nullam,</span> <span class='ocrx_word' id='word_1_80' title='bbox 1254 696 1329 728; x_wconf 83' lang='lat' dir='ltr'>aut</span> <span class='ocrx_word' id='word_1_81' title='bbox 1367 702 1495 729; x_wconf 89' lang='lat' dir='ltr'>ocum</span> <span class='ocrx_word' id='word_1_82' title='bbox 1518 689 1612 731; x_wconf 86' lang='lat' dir='ltr'>ido-</span> 
     </span>
     <span class='ocr_line' id='line_1_11' title="bbox 158 743 1612 803; baseline 0.001 -16"><span class='ocrx_word' id='word_1_83' title='bbox 158 759 286 788; x_wconf 86' lang='lat' dir='ltr'>neum</span> <span class='ocrx_word' id='word_1_84' title='bbox 304 759 392 785; x_wconf 90' lang='lat' dir='ltr'>non</span> <span class='ocrx_word' id='word_1_85' title='bbox 411 743 562 796; x_wconf 76' lang='lat' dir='ltr'>fuisse,</span> <span class='ocrx_word' id='word_1_86' title='bbox 581 753 656 785; x_wconf 86' lang='lat' dir='ltr'>aut</span> <span class='ocrx_word' id='word_1_87' title='bbox 679 744 877 785; x_wconf 85' lang='lat' dir='ltr'>homines</span> <span class='ocrx_word' id='word_1_88' title='bbox 899 744 1016 801; x_wconf 89' lang='lat' dir='ltr'>ipsos</span> <span class='ocrx_word' id='word_1_89' title='bbox 1039 743 1195 796; x_wconf 81' lang='lat' dir='ltr'>facere,</span> <span class='ocrx_word' id='word_1_90' title='bbox 1215 755 1289 785; x_wconf 80' lang='lat' dir='ltr'>aut</span> <span class='ocrx_word' id='word_1_91' title='bbox 1308 746 1399 800; x_wconf 83' lang='lat' dir='ltr'>pati</span> <span class='ocrx_word' id='word_1_92' title='bbox 1421 761 1509 787; x_wconf 92' lang='lat' dir='ltr'>non</span> <span class='ocrx_word' id='word_1_93' title='bbox 1532 762 1612 803; x_wconf 93' lang='lat' dir='ltr'>po-</span> 
     </span>
     <span class='ocr_line' id='line_1_12' title="bbox 157 800 1611 853; baseline 0.002 -10"><span class='ocrx_word' id='word_1_94' title='bbox 157 803 303 844; x_wconf 81' lang='lat' dir='ltr'>tuisse.</span> <span class='ocrx_word' id='word_1_95' title='bbox 365 802 411 843; x_wconf 86' lang='lat' dir='ltr'>Si</span> <span class='ocrx_word' id='word_1_96' title='bbox 444 816 544 843; x_wconf 88' lang='lat' dir='ltr'>vera</span> <span class='ocrx_word' id='word_1_97' title='bbox 565 816 631 843; x_wconf 85' lang='lat' dir='ltr'>res</span> <span class='ocrx_word' id='word_1_98' title='bbox 653 802 748 853; x_wconf 91' lang='lat' dir='ltr'>erit,</span> <span class='ocrx_word' id='word_1_99' title='bbox 771 800 908 843; x_wconf 82' lang='lat' dir='ltr'>nihilo</span> <span class='ocrx_word' id='word_1_100' title='bbox 935 802 1078 843; x_wconf 78' lang='lat' dir='ltr'>minus</span> <span class='ocrx_word' id='word_1_101' title='bbox 1100 801 1196 843; x_wconf 82' lang='lat' dir='ltr'>haec</span> <span class='ocrx_word' id='word_1_102' title='bbox 1219 803 1367 843; x_wconf 85' lang='lat' dir='ltr'>onmia</span> <span class='ocrx_word' id='word_1_103' title='bbox 1395 805 1611 851; x_wconf 85' lang='lat' dir='ltr'>narrando</span> 
     </span>
     <span class='ocr_line' id='line_1_13' title="bbox 149 859 1609 917; baseline 0.001 -15"><span class='ocrx_word' id='word_1_104' title='bbox 149 859 448 902; x_wconf 83' lang='lat' dir='ltr'>conservanda</span> <span class='ocrx_word' id='word_1_105' title='bbox 478 867 602 901; x_wconf 89' lang='lat' dir='ltr'>sunt:</span> <span class='ocrx_word' id='word_1_106' title='bbox 634 873 737 901; x_wconf 86' lang='lat' dir='ltr'>nam</span> <span class='ocrx_word' id='word_1_107' title='bbox 759 873 875 915; x_wconf 81' lang='lat' dir='ltr'>saepe.</span> <span class='ocrx_word' id='word_1_108' title='bbox 898 860 1070 911; x_wconf 85' lang='lat' dir='ltr'>veritas,</span> <span class='ocrx_word' id='word_1_109' title='bbox 1091 859 1175 900; x_wconf 88' lang='lat' dir='ltr'>nisi</span> <span class='ocrx_word' id='word_1_110' title='bbox 1197 859 1294 901; x_wconf 81' lang='lat' dir='ltr'>haec</span> <span class='ocrx_word' id='word_1_111' title='bbox 1317 870 1485 903; x_wconf 83' lang='lat' dir='ltr'>servata</span> <span class='ocrx_word' id='word_1_112' title='bbox 1508 863 1609 917; x_wconf 72' lang='lat' dir='ltr'>sint,</span> 
     </span>
     <span class='ocr_line' id='line_1_14' title="bbox 155 917 1615 974; baseline 0.003 -16"><span class='ocrx_word' id='word_1_113' title='bbox 155 917 285 959; x_wconf 87' lang='lat' dir='ltr'>fidem</span> <span class='ocrx_word' id='word_1_114' title='bbox 309 917 450 959; x_wconf 82' lang='lat' dir='ltr'>facere</span> <span class='ocrx_word' id='word_1_115' title='bbox 470 931 556 958; x_wconf 90' lang='lat' dir='ltr'>non</span> <span class='ocrx_word' id='word_1_116' title='bbox 579 925 749 973; x_wconf 87' lang='lat' dir='ltr'>potest:</span> <span class='ocrx_word' id='word_1_117' title='bbox 784 918 848 958; x_wconf 86' lang='lat' dir='ltr'>sin</span> <span class='ocrx_word' id='word_1_118' title='bbox 871 917 954 958; x_wconf 91' lang='lat' dir='ltr'>erit</span> <span class='ocrx_word' id='word_1_119' title='bbox 975 917 1092 968; x_wconf 86' lang='lat' dir='ltr'>ficta,</span> <span class='ocrx_word' id='word_1_120' title='bbox 1122 932 1174 958; x_wconf 91' lang='lat' dir='ltr'>eo</span> <span class='ocrx_word' id='word_1_121' title='bbox 1196 919 1335 974; x_wconf 81' lang='lat' dir='ltr'>magis</span> <span class='ocrx_word' id='word_1_122' title='bbox 1357 927 1483 960; x_wconf 88' lang='lat' dir='ltr'>erunt</span> <span class='ocrx_word' id='word_1_123' title='bbox 1505 935 1615 962; x_wconf 65' lang='lat' dir='ltr'>con-⁴</span> 
     </span>
     <span class='ocr_line' id='line_1_15' title="bbox 152 974 1614 1032; baseline 0.003 -16"><span class='ocrx_word' id='word_1_124' title='bbox 152 975 375 1016; x_wconf 81' lang='lat' dir='ltr'>servanda.</span> <span class='ocrx_word' id='word_1_125' title='bbox 439 974 507 1016; x_wconf 91' lang='lat' dir='ltr'>De</span> <span class='ocrx_word' id='word_1_126' title='bbox 530 975 582 1016; x_wconf 86' lang='lat' dir='ltr'>iis</span> <span class='ocrx_word' id='word_1_127' title='bbox 613 975 740 1016; x_wconf 88' lang='lat' dir='ltr'>rebus</span> <span class='ocrx_word' id='word_1_128' title='bbox 771 983 899 1017; x_wconf 83' lang='lat' dir='ltr'>caute</span> <span class='ocrx_word' id='word_1_129' title='bbox 929 974 1256 1031; x_wconf 83' lang='lat' dir='ltr'>confligendum</span> <span class='ocrx_word' id='word_1_130' title='bbox 1280 984 1360 1027; x_wconf 85' lang='lat' dir='ltr'>est,</span> <span class='ocrx_word' id='word_1_131' title='bbox 1384 977 1542 1032; x_wconf 87' lang='lat' dir='ltr'>quibus</span> <span class='ocrx_word' id='word_1_132' title='bbox 1565 979 1614 1020; x_wconf 84' lang='lat' dir='ltr'>in</span> 
     </span>
     <span class='ocr_line' id='line_1_16' title="bbox 151 1032 1610 1089; baseline 0.002 -15"><span class='ocrx_word' id='word_1_133' title='bbox 151 1033 280 1074; x_wconf 81' lang='lat' dir='ltr'>rebus</span> <span class='ocrx_word' id='word_1_134' title='bbox 304 1032 479 1084; x_wconf 84' lang='lat' dir='ltr'>tabulae,</span> <span class='ocrx_word' id='word_1_135' title='bbox 502 1041 577 1073; x_wconf 86' lang='lat' dir='ltr'>aut</span> <span class='ocrx_word' id='word_1_136' title='bbox 600 1032 782 1089; x_wconf 81' lang='lat' dir='ltr'>alicujus</span> <span class='ocrx_word' id='word_1_137' title='bbox 805 1032 931 1074; x_wconf 82' lang='lat' dir='ltr'>firma</span> <span class='ocrx_word' id='word_1_138' title='bbox 961 1033 1211 1085; x_wconf 76' lang='lat' dir='ltr'>auctoritas,</span> <span class='ocrx_word' id='word_1_139' title='bbox 1234 1033 1453 1076; x_wconf 85' lang='lat' dir='ltr'>videbitur</span> <span class='ocrx_word' id='word_1_140' title='bbox 1477 1035 1610 1077; x_wconf 86' lang='lat' dir='ltr'>inter-</span> 
     </span>
     <span class='ocr_line' id='line_1_17' title="bbox 152 1088 1614 1146; baseline 0.003 -15"><span class='ocrx_word' id='word_1_141' title='bbox 152 1088 300 1131; x_wconf 80' lang='lat' dir='ltr'>fuisse.</span> <span class='ocrx_word' id='word_1_142' title='bbox 361 1089 520 1131; x_wconf 82' lang='lat' dir='ltr'><strong>Adhuc</strong></span> <span class='ocrx_word' id='word_1_143' title='bbox 543 1105 642 1146; x_wconf 85' lang='lat' dir='ltr'>quae</span> <span class='ocrx_word' id='word_1_144' title='bbox 663 1090 782 1132; x_wconf 84' lang='lat' dir='ltr'>dicta</span> <span class='ocrx_word' id='word_1_145' title='bbox 803 1098 918 1141; x_wconf 88' lang='lat' dir='ltr'>sunt,</span> <span class='ocrx_word' id='word_1_146' title='bbox 941 1091 1127 1132; x_wconf 80' lang='lat' dir='ltr'>arbitror</span> <span class='ocrx_word' id='word_1_147' title='bbox 1157 1090 1266 1131; x_wconf 85' lang='lat' dir='ltr'>mihi</span> <span class='ocrx_word' id='word_1_148' title='bbox 1288 1101 1487 1134; x_wconf 84' lang='lat' dir='ltr'>constare</span> <span class='ocrx_word' id='word_1_149' title='bbox 1508 1108 1614 1139; x_wconf 67' lang='lat' dir='ltr'>cum,</span> 
     </span>
     <span class='ocr_line' id='line_1_18' title="bbox 152 1147 1614 1204; baseline 0.001 -14"><span class='ocrx_word' id='word_1_150' title='bbox 152 1148 322 1190; x_wconf 76' lang='lat' dir='ltr'>caeteris</span> <span class='ocrx_word' id='word_1_151' title='bbox 346 1149 449 1189; x_wconf 89' lang='lat' dir='ltr'>artis</span> <span class='ocrx_word' id='word_1_152' title='bbox 472 1148 771 1204; x_wconf 84' lang='lat' dir='ltr'>scriptoribus,</span> <span class='ocrx_word' id='word_1_153' title='bbox 794 1147 877 1188; x_wconf 88' lang='lat' dir='ltr'>nisi</span> <span class='ocrx_word' id='word_1_154' title='bbox 900 1148 1004 1203; x_wconf 82' lang='lat' dir='ltr'>quia</span> <span class='ocrx_word' id='word_1_155' title='bbox 1024 1148 1077 1190; x_wconf 89' lang='lat' dir='ltr'>de</span> <span class='ocrx_word' id='word_1_156' title='bbox 1099 1148 1465 1190; x_wconf 84' lang='lat' dir='ltr'>insinuationibus</span> <span class='ocrx_word' id='word_1_157' title='bbox 1496 1165 1614 1192; x_wconf 81' lang='lat' dir='ltr'>nova</span> 
     </span>
     <span class='ocr_line' id='line_1_19' title="bbox 150 1204 1611 1262; baseline 0.001 -15"><span class='ocrx_word' id='word_1_158' title='bbox 150 1205 515 1262; x_wconf 84' lang='lat' dir='ltr'>excogitavimus,</span> <span class='ocrx_word' id='word_1_159' title='bbox 547 1208 586 1236; x_wconf 77' lang='grc'>58</span> <span class='ocrx_word' id='word_1_160' title='bbox 601 1205 718 1261; x_wconf 86' lang='lat' dir='ltr'>quod</span> <span class='ocrx_word' id='word_1_161' title='bbox 749 1220 819 1246; x_wconf 83' lang='lat' dir='ltr'>eas</span> <span class='ocrx_word' id='word_1_162' title='bbox 851 1204 931 1246; x_wconf 83' lang='lat' dir='ltr'>soli</span> <span class='ocrx_word' id='word_1_163' title='bbox 953 1220 1047 1257; x_wconf 89' lang='lat' dir='ltr'>nos,</span> <span class='ocrx_word' id='word_1_164' title='bbox 1070 1214 1228 1262; x_wconf 83' lang='lat' dir='ltr'>praeter</span> <span class='ocrx_word' id='word_1_165' title='bbox 1258 1215 1440 1258; x_wconf 87' lang='lat' dir='ltr'>ceteros,</span> <span class='ocrx_word' id='word_1_166' title='bbox 1459 1208 1504 1248; x_wconf 91' lang='lat' dir='ltr'>in</span> <span class='ocrx_word' id='word_1_167' title='bbox 1528 1209 1611 1250; x_wconf 85' lang='lat' dir='ltr'>tria</span> 
     </span>
     <span class='ocr_line' id='line_1_20' title="bbox 150 1261 1696 1331; baseline 0.003 -28"><span class='ocrx_word' id='word_1_168' title='bbox 150 1271 348 1319; x_wconf 87' lang='lat' dir='ltr'>tempora</span> <span class='ocrx_word' id='word_1_169' title='bbox 377 1261 618 1313; x_wconf 85' lang='lat' dir='ltr'>divisimus,</span> <span class='ocrx_word' id='word_1_170' title='bbox 641 1272 689 1304; x_wconf 87' lang='lat' dir='ltr'>ut</span> <span class='ocrx_word' id='word_1_171' title='bbox 711 1263 837 1320; x_wconf 86' lang='lat' dir='ltr'>plane</span> <span class='ocrx_word' id='word_1_172' title='bbox 858 1271 1021 1304; x_wconf 83' lang='lat' dir='ltr'>certam</span> <span class='ocrx_word' id='word_1_173' title='bbox 1045 1265 1159 1304; x_wconf 85' lang='lat' dir='ltr'>viam</span> <span class='ocrx_word' id='word_1_174' title='bbox 1181 1271 1225 1304; x_wconf 89' lang='lat' dir='ltr'>et</span> <span class='ocrx_word' id='word_1_175' title='bbox 1247 1265 1520 1320; x_wconf 82' lang='lat' dir='ltr'>perspicuam</span> <span class='ocrx_word' id='word_1_176' title='bbox 1543 1281 1610 1307; x_wconf 81' lang='lat' dir='ltr'>ra-</span> <span class='ocrx_word' id='word_1_177' title='bbox 1627 1281 1696 1331; x_wconf 65' lang='lat'>10</span> 
     </span>
     <span class='ocr_line' id='line_1_21' title="bbox 149 1320 1698 1378; baseline 0.002 -17"><span class='ocrx_word' id='word_1_178' title='bbox 149 1320 314 1361; x_wconf 85' lang='lat' dir='ltr'>tionem</span> <span class='ocrx_word' id='word_1_179' title='bbox 335 1320 614 1362; x_wconf 80' lang='lat' dir='ltr'>exordiorum</span> <span class='ocrx_word' id='word_1_180' title='bbox 645 1321 916 1362; x_wconf 84' lang='lat' dir='ltr'>haberemus.</span> <span class='ocrx_word' id='word_1_181' title='bbox 961 1320 1108 1372; x_wconf 84' lang='lat' dir='ltr'>Nunc,</span> <span class='ocrx_word' id='word_1_182' title='bbox 1138 1321 1255 1376; x_wconf 86' lang='lat' dir='ltr'>quod</span> <span class='ocrx_word' id='word_1_183' title='bbox 1286 1321 1499 1378; x_wconf 87' lang='lat' dir='ltr'>reliquum</span> <span class='ocrx_word' id='word_1_184' title='bbox 1529 1334 1610 1378; x_wconf 86' lang='lat' dir='ltr'>est,</span> <span class='ocrx_word' id='word_1_185' title='bbox 1654 1326 1658 1329; x_wconf 83' lang='lat'>&#39;</span> <span class='ocrx_word' id='word_1_186' title='bbox 1692 1328 1698 1335; x_wconf 86' lang='lat'><em>&#39;</em></span> 
     </span>
     <span class='ocr_line' id='line_1_22' title="bbox 148 1377 1617 1436; baseline 0.003 -18"><span class='ocrx_word' id='word_1_187' title='bbox 148 1377 356 1433; x_wconf 87' lang='lat' dir='ltr'>quoniam</span> <span class='ocrx_word' id='word_1_188' title='bbox 398 1378 452 1419; x_wconf 89' lang='lat' dir='ltr'>de</span> <span class='ocrx_word' id='word_1_189' title='bbox 489 1392 631 1419; x_wconf 86' lang='lat' dir='ltr'>rerum</span> <span class='ocrx_word' id='word_1_190' title='bbox 675 1379 926 1420; x_wconf 83' lang='lat' dir='ltr'>inventione</span> <span class='ocrx_word' id='word_1_191' title='bbox 968 1379 1279 1435; x_wconf 78' lang='lat' dir='ltr'>disputandum</span> <span class='ocrx_word' id='word_1_192' title='bbox 1321 1388 1402 1431; x_wconf 87' lang='lat' dir='ltr'>est,</span> <span class='ocrx_word' id='word_1_193' title='bbox 1441 1380 1486 1422; x_wconf 88' lang='lat' dir='ltr'>in</span> <span class='ocrx_word' id='word_1_194' title='bbox 1524 1396 1617 1436; x_wconf 71' lang='lat' dir='ltr'>qua</span> 
     </span>
     <span class='ocr_line' id='line_1_23' title="bbox 151 1435 1610 1494; baseline 0.003 -19"><span class='ocrx_word' id='word_1_195' title='bbox 151 1437 192 1470; x_wconf 86' lang='lat'>59</span> <span class='ocrx_word' id='word_1_196' title='bbox 206 1435 422 1491; x_wconf 85' lang='lat' dir='ltr'>singulare</span> <span class='ocrx_word' id='word_1_197' title='bbox 444 1437 715 1477; x_wconf 76' lang='lat' dir='ltr'>consumitur</span> <span class='ocrx_word' id='word_1_198' title='bbox 737 1436 920 1477; x_wconf 83' lang='lat' dir='ltr'>oratoris</span> <span class='ocrx_word' id='word_1_199' title='bbox 951 1436 1162 1487; x_wconf 83' lang='lat' dir='ltr'>officium,</span> <span class='ocrx_word' id='word_1_200' title='bbox 1185 1436 1385 1478; x_wconf 86' lang='lat' dir='ltr'>dabimus</span> <span class='ocrx_word' id='word_1_201' title='bbox 1417 1453 1610 1494; x_wconf 82' lang='lat' dir='ltr'>operam,</span> 
     </span>
     <span class='ocr_line' id='line_1_24' title="bbox 148 1491 1610 1551; baseline 0.003 -18"><span class='ocrx_word' id='word_1_202' title='bbox 148 1491 190 1523; x_wconf 89' lang='lat'>60</span> <span class='ocrx_word' id='word_1_203' title='bbox 204 1502 252 1533; x_wconf 88' lang='lat' dir='ltr'>ut</span> <span class='ocrx_word' id='word_1_204' title='bbox 274 1493 412 1535; x_wconf 83' lang='lat' dir='ltr'>nihilo</span> <span class='ocrx_word' id='word_1_205' title='bbox 425 1494 568 1534; x_wconf 84' lang='lat' dir='ltr'>minus</span> <span class='ocrx_word' id='word_1_206' title='bbox 583 1494 808 1546; x_wconf 85' lang='lat' dir='ltr'>industrie,</span> <span class='ocrx_word' id='word_1_207' title='bbox 823 1508 955 1550; x_wconf 83' lang='lat' dir='ltr'>quam</span> <span class='ocrx_word' id='word_1_208' title='bbox 969 1494 1029 1535; x_wconf 88' lang='lat' dir='ltr'>rei</span> <span class='ocrx_word' id='word_1_209' title='bbox 1044 1494 1207 1535; x_wconf 85' lang='lat' dir='ltr'>utilitas</span> <span class='ocrx_word' id='word_1_210' title='bbox 1221 1494 1475 1551; x_wconf 84' lang='lat' dir='ltr'>postulabit,</span> <span class='ocrx_word' id='word_1_211' title='bbox 1489 1511 1610 1551; x_wconf 83' lang='lat' dir='ltr'>quae-</span> 
     </span>
     <span class='ocr_line' id='line_1_25' title="bbox 146 1549 1604 1609; baseline 0.005 -20"><span class='ocrx_word' id='word_1_212' title='bbox 146 1549 251 1591; x_wconf 82' lang='lat' dir='ltr'>sisse</span> <span class='ocrx_word' id='word_1_213' title='bbox 269 1551 514 1604; x_wconf 80' lang='lat' dir='ltr'>videamur3</span> <span class='ocrx_word' id='word_1_214' title='bbox 547 1552 581 1592; x_wconf 89' lang='lat' dir='ltr'>si</span> <span class='ocrx_word' id='word_1_215' title='bbox 611 1552 730 1608; x_wconf 82' lang='lat' dir='ltr'>prius</span> <span class='ocrx_word' id='word_1_216' title='bbox 752 1567 893 1609; x_wconf 80' lang='lat' dir='ltr'>pauca</span> <span class='ocrx_word' id='word_1_217' title='bbox 910 1552 963 1594; x_wconf 87' lang='lat' dir='ltr'>de</span> <span class='ocrx_word' id='word_1_218' title='bbox 986 1567 1214 1595; x_wconf 78' lang='lat' dir='ltr'>causarum</span> <span class='ocrx_word' id='word_1_219' title='bbox 1243 1552 1458 1595; x_wconf 83' lang='lat' dir='ltr'>divisione</span> <span class='ocrx_word' id='word_1_220' title='bbox 1479 1554 1604 1596; x_wconf 78' lang='lat' dir='ltr'>dixe-</span> 
     </span>
     <span class='ocr_line' id='line_1_26' title="bbox 146 1621 1675 1673; baseline 0.003 -26"><span class='ocrx_word' id='word_1_221' title='bbox 146 1621 296 1650; x_wconf 82' lang='lat' dir='ltr'>rimus.</span> <span class='ocrx_word' id='word_1_222' title='bbox 1616 1629 1675 1673; x_wconf 44' lang='lat'>17³⁷</span> 
     </span>
     <span class='ocr_line' id='line_1_27' title="bbox 205 1664 1604 1725; baseline 0.002 -18"><span class='ocrx_word' id='word_1_223' title='bbox 205 1664 443 1708; x_wconf 85' lang='lat' dir='ltr'>Causarum</span> <span class='ocrx_word' id='word_1_224' title='bbox 477 1667 634 1709; x_wconf 87' lang='lat' dir='ltr'>divisio</span> <span class='ocrx_word' id='word_1_225' title='bbox 666 1665 710 1709; x_wconf 88' lang='lat' dir='ltr'>in</span> <span class='ocrx_word' id='word_1_226' title='bbox 743 1667 848 1709; x_wconf 82' lang='lat' dir='ltr'>duas</span> <span class='ocrx_word' id='word_1_227' title='bbox 881 1676 1024 1725; x_wconf 78' lang='lat' dir='ltr'>partes</span> <span class='ocrx_word' id='word_1_228' title='bbox 1058 1666 1291 1710; x_wconf 82' lang='lat' dir='ltr'>distributa</span> <span class='ocrx_word' id='word_1_229' title='bbox 1311 1676 1391 1710; x_wconf 89' lang='lat' dir='ltr'>est.</span> <span class='ocrx_word' id='word_1_230' title='bbox 1452 1668 1489 1700; x_wconf 76' lang='grc'>61</span> <span class='ocrx_word' id='word_1_231' title='bbox 1508 1669 1604 1710; x_wconf 86' lang='lat' dir='ltr'>Pri-</span> 
     </span>
     <span class='ocr_line' id='line_1_28' title="bbox 146 1725 1667 1785; baseline 0.003 -20"><span class='ocrx_word' id='word_1_232' title='bbox 146 1737 266 1765; x_wconf 88' lang='lat' dir='ltr'>mum</span> <span class='ocrx_word' id='word_1_233' title='bbox 289 1725 404 1767; x_wconf 83' lang='lat' dir='ltr'>enim</span> <span class='ocrx_word' id='word_1_234' title='bbox 427 1734 628 1782; x_wconf 83' lang='lat' dir='ltr'>perorata</span> <span class='ocrx_word' id='word_1_235' title='bbox 647 1726 894 1768; x_wconf 84' lang='lat' dir='ltr'>narratione</span> <span class='ocrx_word' id='word_1_236' title='bbox 918 1726 1126 1768; x_wconf 84' lang='lat' dir='ltr'>debemus</span> <span class='ocrx_word' id='word_1_237' title='bbox 1149 1727 1330 1785; x_wconf 86' lang='lat' dir='ltr'>aperire,</span> <span class='ocrx_word' id='word_1_238' title='bbox 1352 1726 1459 1784; x_wconf 85' lang='lat' dir='ltr'>quid</span> <span class='ocrx_word' id='word_1_239' title='bbox 1475 1728 1604 1771; x_wconf 80' lang='lat' dir='ltr'>nobis</span> <span class='ocrx_word' id='word_1_240' title='bbox 1664 1738 1667 1741; x_wconf 88' lang='lat'>&#39;</span> 
     </span>
    </p>
   </div>
   <div class='ocr_carea' id='block_1_3' title="bbox 124 1883 851 2907">
    <p class='ocr_par' dir='ltr' id='par_1_3' title="bbox 138 1883 851 2086">
     <span class='ocr_line' id='line_1_29' title="bbox 144 1883 847 1926; baseline -0.001 -10"><span class='ocrx_word' id='word_1_241' title='bbox 144 1888 252 1926; x_wconf 79' lang='lat' dir='ltr'>pecta,</span> <span class='ocrx_word' id='word_1_242' title='bbox 281 1883 359 1926; x_wconf 84' lang='lat' dir='ltr'>quia</span> <span class='ocrx_word' id='word_1_243' title='bbox 393 1884 605 1916; x_wconf 78' lang='lat' dir='ltr'>commodum</span> <span class='ocrx_word' id='word_1_244' title='bbox 632 1883 688 1915; x_wconf 83' lang='lat' dir='ltr'>hie</span> <span class='ocrx_word' id='word_1_245' title='bbox 714 1893 847 1916; x_wconf 82' lang='lat' dir='ltr'>sensum</span> 
     </span>
     <span class='ocr_line' id='line_1_30' title="bbox 142 1927 847 1968; baseline -0.001 -9"><span class='ocrx_word' id='word_1_246' title='bbox 142 1937 211 1959; x_wconf 89' lang='lat' dir='ltr'>non</span> <span class='ocrx_word' id='word_1_247' title='bbox 227 1928 363 1966; x_wconf 82' lang='lat' dir='ltr'>habent,</span> <span class='ocrx_word' id='word_1_248' title='bbox 377 1927 428 1958; x_wconf 85' lang='lat' dir='ltr'>uti</span> <span class='ocrx_word' id='word_1_249' title='bbox 451 1927 696 1968; x_wconf 81' lang='lat' dir='ltr'>Oudendorpio.</span> <span class='ocrx_word' id='word_1_250' title='bbox 740 1928 781 1958; x_wconf 89' lang='lat' dir='ltr'>In</span> <span class='ocrx_word' id='word_1_251' title='bbox 796 1928 847 1958; x_wconf 85' lang='lat' dir='ltr'>ed.</span> 
     </span>
     <span class='ocr_line' id='line_1_31' title="bbox 145 1970 851 2010; baseline 0 -9"><span class='ocrx_word' id='word_1_252' title='bbox 145 1973 235 2004; x_wconf 82' lang='lat'>1474.</span> <span class='ocrx_word' id='word_1_253' title='bbox 265 1976 344 2001; x_wconf 88' lang='lat' dir='ltr'>sunt</span> <span class='ocrx_word' id='word_1_254' title='bbox 366 1970 475 2001; x_wconf 86' lang='lat' dir='ltr'>alieno</span> <span class='ocrx_word' id='word_1_255' title='bbox 498 1971 583 2007; x_wconf 78' lang='lat' dir='ltr'>loco,</span> <span class='ocrx_word' id='word_1_256' title='bbox 608 1975 686 2001; x_wconf 84' lang='lat' dir='ltr'>ante</span> <span class='ocrx_word' id='word_1_257' title='bbox 709 1981 748 2001; x_wconf 80' lang='lat' dir='ltr'>ne</span> <span class='ocrx_word' id='word_1_258' title='bbox 770 1971 851 2010; x_wconf 78' lang='lat' dir='ltr'>quid</span> 
     </span>
     <span class='ocr_line' id='line_1_32' title="bbox 139 2013 849 2053; baseline 0.001 -10"><span class='ocrx_word' id='word_1_259' title='bbox 139 2018 304 2052; x_wconf 79' lang='lat' dir='ltr'>contorte3</span> <span class='ocrx_word' id='word_1_260' title='bbox 335 2013 370 2044; x_wconf 90' lang='lat' dir='ltr'>in</span> <span class='ocrx_word' id='word_1_261' title='bbox 391 2013 472 2043; x_wconf 87' lang='lat' dir='ltr'>Mss.</span> <span class='ocrx_word' id='word_1_262' title='bbox 496 2014 621 2053; x_wconf 86' lang='lat' dir='ltr'>pariter</span> <span class='ocrx_word' id='word_1_263' title='bbox 643 2022 711 2044; x_wconf 86' lang='lat' dir='ltr'>nou</span> <span class='ocrx_word' id='word_1_264' title='bbox 733 2014 849 2044; x_wconf 77' lang='lat' dir='ltr'>eodem</span> 
     </span>
     <span class='ocr_line' id='line_1_33' title="bbox 138 2055 225 2086; baseline 0 0"><span class='ocrx_word' id='word_1_265' title='bbox 138 2055 225 2086; x_wconf 58' lang='lat' dir='ltr'>loca</span> 
     </span>
    </p>

    <p class='ocr_par' dir='ltr' id='par_1_4' title="bbox 137 2097 848 2181">
     <span class='ocr_line' id='line_1_34' title="bbox 182 2097 848 2138; baseline 0.002 -9"><span class='ocrx_word' id='word_1_266' title='bbox 182 2101 221 2132; x_wconf 86' lang='lat'>57</span> <span class='ocrx_word' id='word_1_267' title='bbox 239 2097 335 2129; x_wconf 75' lang='lat' dir='ltr'>IVam</span> <span class='ocrx_word' id='word_1_268' title='bbox 348 2107 410 2138; x_wconf 79' lang='lat' dir='ltr'>quo</span> <span class='ocrx_word' id='word_1_269' title='bbox 425 2097 578 2138; x_wconf 57' lang='lat' dir='ltr'>brevior]</span> <span class='ocrx_word' id='word_1_270' title='bbox 602 2097 663 2128; x_wconf 88' lang='lat' dir='ltr'>Ed.</span> <span class='ocrx_word' id='word_1_271' title='bbox 683 2100 775 2133; x_wconf 78' lang='lat'><strong>1474.</strong></span> <span class='ocrx_word' id='word_1_272' title='bbox 792 2098 848 2130; x_wconf 55' lang='lat' dir='ltr'>ad*</span> 
     </span>
     <span class='ocr_line' id='line_1_35' title="bbox 137 2140 749 2181; baseline -0.002 -9"><span class='ocrx_word' id='word_1_273' title='bbox 137 2140 188 2172; x_wconf 78' lang='lat' dir='ltr'>dit</span> <span class='ocrx_word' id='word_1_274' title='bbox 201 2145 248 2172; x_wconf 69' lang='lat' dir='ltr'>est</span> <span class='ocrx_word' id='word_1_275' title='bbox 261 2153 271 2170; x_wconf 72' lang='lat'>.-</span> <span class='ocrx_word' id='word_1_276' title='bbox 294 2150 362 2171; x_wconf 91' lang='lat' dir='ltr'>non</span> <span class='ocrx_word' id='word_1_277' title='bbox 377 2142 464 2172; x_wconf 88' lang='lat' dir='ltr'>male</span> <span class='ocrx_word' id='word_1_278' title='bbox 478 2141 512 2171; x_wconf 88' lang='lat' dir='ltr'>h.</span> <span class='ocrx_word' id='word_1_279' title='bbox 528 2141 550 2172; x_wconf 87' lang='lat' dir='ltr'>l.</span> <span class='ocrx_word' id='word_1_280' title='bbox 567 2146 607 2172; x_wconf 86' lang='lat' dir='ltr'>ut</span> <span class='ocrx_word' id='word_1_281' title='bbox 621 2141 749 2181; x_wconf 84' lang='lat' dir='ltr'>opinor.</span> 
     </span>
    </p>

    <p class='ocr_par' dir='ltr' id='par_1_5' title="bbox 124 2183 845 2735">
     <span class='ocr_line' id='line_1_36' title="bbox 178 2183 845 2225; baseline 0 -10"><span class='ocrx_word' id='word_1_282' title='bbox 178 2187 217 2215; x_wconf 81' lang='lat'>58</span> <span class='ocrx_word' id='word_1_283' title='bbox 234 2183 334 2225; x_wconf 68' lang='lat' dir='ltr'>‚Quod</span> <span class='ocrx_word' id='word_1_284' title='bbox 346 2194 401 2215; x_wconf 72' lang='lat' dir='ltr'>eas</span> <span class='ocrx_word' id='word_1_285' title='bbox 415 2185 473 2215; x_wconf 70' lang='lat' dir='ltr'>soli</span> <span class='ocrx_word' id='word_1_286' title='bbox 481 2189 605 2224; x_wconf 47' lang='grc' dir='ltr'>ρι’-(Μετ’</span> <span class='ocrx_word' id='word_1_287' title='bbox 618 2184 761 2224; x_wconf 64' lang='grc' dir='ltr'>σείει-οε]</span> <span class='ocrx_word' id='word_1_288' title='bbox 781 2183 845 2216; x_wconf 82' lang='lat' dir='ltr'>Ms.</span> 
     </span>
     <span class='ocr_line' id='line_1_37' title="bbox 136 2226 844 2267; baseline -0.001 -9"><span class='ocrx_word' id='word_1_289' title='bbox 136 2226 229 2258; x_wconf 86' lang='lat' dir='ltr'>Cort.</span> <span class='ocrx_word' id='word_1_290' title='bbox 251 2231 285 2257; x_wconf 83' lang='lat' dir='ltr'>et</span> <span class='ocrx_word' id='word_1_291' title='bbox 305 2226 356 2257; x_wconf 72' lang='lat' dir='ltr'>ed.</span> <span class='ocrx_word' id='word_1_292' title='bbox 383 2229 474 2261; x_wconf 74' lang='lat'>1474.</span> <span class='ocrx_word' id='word_1_293' title='bbox 500 2228 586 2267; x_wconf 79' lang='lat' dir='ltr'>quod</span> <span class='ocrx_word' id='word_1_294' title='bbox 606 2236 661 2257; x_wconf 79' lang='lat' dir='ltr'>eas</span> <span class='ocrx_word' id='word_1_295' title='bbox 683 2228 740 2257; x_wconf 79' lang='lat' dir='ltr'>soli</span> <span class='ocrx_word' id='word_1_296' title='bbox 764 2237 844 2258; x_wconf 78' lang='lat' dir='ltr'>nas:</span> 
     </span>
     <span class='ocr_line' id='line_1_38' title="bbox 134 2269 844 2306; baseline 0.001 -6"><span class='ocrx_word' id='word_1_297' title='bbox 134 2269 170 2300; x_wconf 89' lang='lat' dir='ltr'>in</span> <span class='ocrx_word' id='word_1_298' title='bbox 186 2280 242 2300; x_wconf 78' lang='lat' dir='ltr'>nos</span> <span class='ocrx_word' id='word_1_299' title='bbox 256 2270 358 2300; x_wconf 80' lang='lat' dir='ltr'>etiam</span> <span class='ocrx_word' id='word_1_300' title='bbox 381 2269 436 2300; x_wconf 86' lang='lat' dir='ltr'>alii</span> <span class='ocrx_word' id='word_1_301' title='bbox 459 2270 536 2300; x_wconf 84' lang='lat' dir='ltr'>libri</span> <span class='ocrx_word' id='word_1_302' title='bbox 550 2270 778 2306; x_wconf 80' lang='lat' dir='ltr'>consentiunt,</span> <span class='ocrx_word' id='word_1_303' title='bbox 795 2270 844 2301; x_wconf 87' lang='lat' dir='ltr'>id-</span> 
     </span>
     <span class='ocr_line' id='line_1_39' title="bbox 133 2311 843 2352; baseline 0 -10"><span class='ocrx_word' id='word_1_304' title='bbox 133 2322 196 2351; x_wconf 86' lang='lat' dir='ltr'>que</span> <span class='ocrx_word' id='word_1_305' title='bbox 222 2311 394 2343; x_wconf 82' lang='lat' dir='ltr'>edidimns.</span> <span class='ocrx_word' id='word_1_306' title='bbox 438 2312 501 2343; x_wconf 89' lang='lat' dir='ltr'>Sed</span> <span class='ocrx_word' id='word_1_307' title='bbox 528 2313 660 2352; x_wconf 78' lang='lat' dir='ltr'>quidam</span> <span class='ocrx_word' id='word_1_308' title='bbox 689 2311 777 2348; x_wconf 81' lang='lat' dir='ltr'>libri,</span> <span class='ocrx_word' id='word_1_309' title='bbox 804 2318 843 2343; x_wconf 83' lang='lat' dir='ltr'>ut</span> 
     </span>
     <span class='ocr_line' id='line_1_40' title="bbox 133 2354 842 2392; baseline -0.003 -6"><span class='ocrx_word' id='word_1_310' title='bbox 133 2354 199 2386; x_wconf 84' lang='lat' dir='ltr'>Ms.</span> <span class='ocrx_word' id='word_1_311' title='bbox 226 2355 332 2391; x_wconf 86' lang='lat' dir='ltr'>Cort.‚</span> <span class='ocrx_word' id='word_1_312' title='bbox 355 2354 480 2385; x_wconf 83' lang='lat' dir='ltr'>habent</span> <span class='ocrx_word' id='word_1_313' title='bbox 507 2360 585 2386; x_wconf 78' lang='lat' dir='ltr'>ante</span> <span class='ocrx_word' id='word_1_314' title='bbox 610 2355 842 2392; x_wconf 67' lang='lat' dir='ltr'>insinuatione,</span> 
     </span>
     <span class='ocr_line' id='line_1_41' title="bbox 131 2396 840 2437; baseline 0 -9"><span class='ocrx_word' id='word_1_315' title='bbox 131 2403 167 2428; x_wconf 74' lang='lat' dir='ltr'>et</span> <span class='ocrx_word' id='word_1_316' title='bbox 182 2397 258 2428; x_wconf 87' lang='lat' dir='ltr'>inde</span> <span class='ocrx_word' id='word_1_317' title='bbox 274 2397 306 2428; x_wconf 89' lang='lat' dir='ltr'>h.</span> <span class='ocrx_word' id='word_1_318' title='bbox 321 2396 343 2427; x_wconf 91' lang='lat' dir='ltr'>l.</span> <span class='ocrx_word' id='word_1_319' title='bbox 358 2407 445 2435; x_wconf 77' lang='lat' dir='ltr'>eam,</span> <span class='ocrx_word' id='word_1_320' title='bbox 467 2398 554 2437; x_wconf 79' lang='lat' dir='ltr'>qnod</span> <span class='ocrx_word' id='word_1_321' title='bbox 569 2401 603 2428; x_wconf 75' lang='lat' dir='ltr'>et</span> <span class='ocrx_word' id='word_1_322' title='bbox 627 2397 662 2427; x_wconf 91' lang='lat' dir='ltr'>in</span> <span class='ocrx_word' id='word_1_323' title='bbox 677 2397 726 2428; x_wconf 88' lang='lat' dir='ltr'>ed.</span> <span class='ocrx_word' id='word_1_324' title='bbox 750 2397 840 2428; x_wconf 79' lang='lat' dir='ltr'>Med.</span> 
     </span>
     <span class='ocr_line' id='line_1_42' title="bbox 131 2439 842 2481; baseline 0 -11"><span class='ocrx_word' id='word_1_325' title='bbox 131 2439 228 2470; x_wconf 78' lang='lat' dir='ltr'>Junt.</span> <span class='ocrx_word' id='word_1_326' title='bbox 245 2440 363 2481; x_wconf 83' lang='lat' dir='ltr'>reperi,</span> <span class='ocrx_word' id='word_1_327' title='bbox 379 2440 441 2471; x_wconf 83' lang='lat' dir='ltr'>etsi</span> <span class='ocrx_word' id='word_1_328' title='bbox 464 2446 542 2471; x_wconf 82' lang='lat' dir='ltr'>ante</span> <span class='ocrx_word' id='word_1_329' title='bbox 557 2440 703 2472; x_wconf 79' lang='lat' dir='ltr'>habeant</span> <span class='ocrx_word' id='word_1_330' title='bbox 716 2441 842 2471; x_wconf 70' lang='lat' dir='ltr'>insinu-</span> 
     </span>
     <span class='ocr_line' id='line_1_43' title="bbox 131 2482 841 2523; baseline -0.001 -10"><span class='ocrx_word' id='word_1_331' title='bbox 131 2483 304 2514; x_wconf 78' lang='lat' dir='ltr'>ationz‘hus.</span> <span class='ocrx_word' id='word_1_332' title='bbox 343 2482 406 2513; x_wconf 83' lang='lat' dir='ltr'>Sed</span> <span class='ocrx_word' id='word_1_333' title='bbox 415 2486 540 2523; x_wconf 78' lang='lat' dir='ltr'>proeter</span> <span class='ocrx_word' id='word_1_334' title='bbox 553 2487 672 2513; x_wconf 59' lang='lat' dir='ltr'>cerer-os</span> <span class='ocrx_word' id='word_1_335' title='bbox 680 2483 757 2521; x_wconf 79' lang='lat' dir='ltr'>jure</span> <span class='ocrx_word' id='word_1_336' title='bbox 772 2492 841 2513; x_wconf 88' lang='lat' dir='ltr'>sus-</span> 
     </span>
     <span class='ocr_line' id='line_1_44' title="bbox 129 2525 841 2566; baseline -0.001 -10"><span class='ocrx_word' id='word_1_337' title='bbox 129 2531 265 2566; x_wconf 81' lang='lat' dir='ltr'>pectum</span> <span class='ocrx_word' id='word_1_338' title='bbox 300 2530 351 2556; x_wconf 86' lang='lat' dir='ltr'>est</span> <span class='ocrx_word' id='word_1_339' title='bbox 379 2525 412 2555; x_wconf 81' lang='lat' dir='ltr'>J.</span> <span class='ocrx_word' id='word_1_340' title='bbox 449 2526 641 2563; x_wconf 78' lang='lat' dir='ltr'>Gronovio;</span> <span class='ocrx_word' id='word_1_341' title='bbox 680 2535 740 2555; x_wconf 84' lang='lat' dir='ltr'>nec</span> <span class='ocrx_word' id='word_1_342' title='bbox 771 2525 841 2556; x_wconf 75' lang='lat' dir='ltr'>uilo</span> 
     </span>
     <span class='ocr_line' id='line_1_45' title="bbox 131 2567 837 2603; baseline 0 -5"><span class='ocrx_word' id='word_1_343' title='bbox 131 2567 230 2598; x_wconf 84' lang='lat' dir='ltr'>modo</span> <span class='ocrx_word' id='word_1_344' title='bbox 256 2568 411 2599; x_wconf 84' lang='lat' dir='ltr'>convenit</span> <span class='ocrx_word' id='word_1_345' title='bbox 436 2569 534 2598; x_wconf 76' lang='lat' dir='ltr'>verbo</span> <span class='ocrx_word' id='word_1_346' title='bbox 560 2570 619 2598; x_wconf 76' lang='lat' dir='ltr'>soli</span> <span class='ocrx_word' id='word_1_347' title='bbox 642 2568 677 2598; x_wconf 85' lang='lat' dir='ltr'>in</span> <span class='ocrx_word' id='word_1_348' title='bbox 703 2568 765 2599; x_wconf 88' lang='lat' dir='ltr'>hac</span> <span class='ocrx_word' id='word_1_349' title='bbox 790 2577 837 2603; x_wconf 90' lang='lat' dir='ltr'>re,</span> 
     </span>
     <span class='ocr_line' id='line_1_46' title="bbox 129 2609 838 2650; baseline 0 -10"><span class='ocrx_word' id='word_1_350' title='bbox 129 2609 168 2640; x_wconf 83' lang='lat' dir='ltr'>in</span> <span class='ocrx_word' id='word_1_351' title='bbox 193 2620 257 2650; x_wconf 86' lang='lat' dir='ltr'>qua</span> <span class='ocrx_word' id='word_1_352' title='bbox 287 2620 384 2641; x_wconf 81' lang='lat' dir='ltr'>nemo</span> <span class='ocrx_word' id='word_1_353' title='bbox 413 2616 491 2641; x_wconf 86' lang='lat' dir='ltr'>ante</span> <span class='ocrx_word' id='word_1_354' title='bbox 519 2610 715 2642; x_wconf 77' lang='lat' dir='ltr'>elaborarat.</span> <span class='ocrx_word' id='word_1_355' title='bbox 742 2609 782 2640; x_wconf 90' lang='lat' dir='ltr'>In</span> <span class='ocrx_word' id='word_1_356' title='bbox 797 2611 838 2640; x_wconf 81' lang='lat' dir='ltr'>iis</span> 
     </span>
     <span class='ocr_line' id='line_1_47' title="bbox 130 2653 837 2694; baseline 0.003 -12"><span class='ocrx_word' id='word_1_357' title='bbox 130 2653 240 2690; x_wconf 87' lang='lat' dir='ltr'>rebus,</span> <span class='ocrx_word' id='word_1_358' title='bbox 254 2653 288 2683; x_wconf 89' lang='lat' dir='ltr'>in</span> <span class='ocrx_word' id='word_1_359' title='bbox 303 2654 421 2693; x_wconf 82' lang='lat' dir='ltr'>quibus</span> <span class='ocrx_word' id='word_1_360' title='bbox 434 2653 545 2694; x_wconf 84' lang='lat' dir='ltr'>plures</span> <span class='ocrx_word' id='word_1_361' title='bbox 559 2653 744 2691; x_wconf 80' lang='lat' dir='ltr'>elaborant,</span> <span class='ocrx_word' id='word_1_362' title='bbox 757 2662 837 2684; x_wconf 87' lang='lat' dir='ltr'>con-</span> 
     </span>
     <span class='ocr_line' id='line_1_48' title="bbox 124 2695 389 2735; baseline 0.008 -11"><span class='ocrx_word' id='word_1_363' title='bbox 124 2695 225 2735; x_wconf 81' lang='lat' dir='ltr'>jungi</span> <span class='ocrx_word' id='word_1_364' title='bbox 240 2700 389 2735; x_wconf 81' lang='lat' dir='ltr'>possunt.</span> 
     </span>
    </p>

    <p class='ocr_par' dir='ltr' id='par_1_6' title="bbox 127 2736 838 2907">
     <span class='ocr_line' id='line_1_49' title="bbox 174 2736 836 2779; baseline 0.002 -11"><span class='ocrx_word' id='word_1_365' title='bbox 174 2740 214 2771; x_wconf 84' lang='lat'>59</span> <span class='ocrx_word' id='word_1_366' title='bbox 230 2737 413 2776; x_wconf 69' lang='lat' dir='ltr'>singulare</span> <span class='ocrx_word' id='word_1_367' title='bbox 421 2739 560 2770; x_wconf 73' lang='lat' dir='ltr'>oratoris</span> <span class='ocrx_word' id='word_1_368' title='bbox 572 2736 741 2779; x_wconf 58' lang='lat' dir='ltr'>officium]</span> <span class='ocrx_word' id='word_1_369' title='bbox 760 2737 836 2769; x_wconf 75' lang='lat' dir='ltr'>Sin-</span> 
     </span>
     <span class='ocr_line' id='line_1_50' title="bbox 127 2781 838 2819; baseline 0.003 -9"><span class='ocrx_word' id='word_1_370' title='bbox 127 2782 251 2819; x_wconf 74' lang='lat' dir='ltr'>gulare</span> <span class='ocrx_word' id='word_1_371' title='bbox 273 2781 366 2811; x_wconf 77' lang='lat' dir='ltr'>abest</span> <span class='ocrx_word' id='word_1_372' title='bbox 388 2781 428 2811; x_wconf 87' lang='lat' dir='ltr'>ab</span> <span class='ocrx_word' id='word_1_373' title='bbox 456 2781 506 2812; x_wconf 89' lang='lat' dir='ltr'>ed.</span> <span class='ocrx_word' id='word_1_374' title='bbox 525 2783 616 2815; x_wconf 80' lang='lat'>1474.</span> <span class='ocrx_word' id='word_1_375' title='bbox 633 2781 730 2812; x_wconf 78' lang='lat' dir='ltr'>male.</span> <span class='ocrx_word' id='word_1_376' title='bbox 757 2790 838 2812; x_wconf 84' lang='lat' dir='ltr'>nam</span> 
     </span>
     <span class='ocr_line' id='line_1_51' title="bbox 129 2822 837 2864; baseline 0.004 -13"><span class='ocrx_word' id='word_1_377' title='bbox 129 2822 203 2852; x_wconf 84' lang='lat' dir='ltr'>vult</span> <span class='ocrx_word' id='word_1_378' title='bbox 229 2822 335 2853; x_wconf 86' lang='lat' dir='ltr'>dicere</span> <span class='ocrx_word' id='word_1_379' title='bbox 362 2833 531 2855; x_wconf 86' lang='lat' dir='ltr'>summum</span> <span class='ocrx_word' id='word_1_380' title='bbox 558 2828 594 2854; x_wconf 86' lang='lat' dir='ltr'>et</span> <span class='ocrx_word' id='word_1_381' title='bbox 620 2823 837 2864; x_wconf 69' lang='lat' dir='ltr'>praecipuum.</span> 
     </span>
     <span class='ocr_line' id='line_1_52' title="bbox 127 2862 838 2907; baseline -0.003 -11"><span class='ocrx_word' id='word_1_382' title='bbox 127 2862 216 2896; x_wconf 84' lang='lat' dir='ltr'>Tum</span> <span class='ocrx_word' id='word_1_383' title='bbox 238 2864 371 2906; x_wconf 69' lang='lat' dir='ltr'>quidam</span> <span class='ocrx_word' id='word_1_384' title='bbox 392 2865 468 2898; x_wconf 81' lang='lat' dir='ltr'>libri</span> <span class='ocrx_word' id='word_1_385' title='bbox 490 2866 613 2898; x_wconf 77' lang='lat' dir='ltr'>habent</span> <span class='ocrx_word' id='word_1_386' title='bbox 636 2865 838 2907; x_wconf 60' lang='lat' dir='ltr'>artificium:</span> 
     </span>
    </p>
   </div>
   <div class='ocr_carea' id='block_1_4' title="bbox 890 1882 1608 2137">
    <p class='ocr_par' dir='ltr' id='par_1_7' title="bbox 891 1882 1608 2012">
     <span class='ocr_line' id='line_1_53' title="bbox 891 1882 1608 1927; baseline 0.003 -11"><span class='ocrx_word' id='word_1_387' title='bbox 891 1882 987 1925; x_wconf 82' lang='lat' dir='ltr'>idque</span> <span class='ocrx_word' id='word_1_388' title='bbox 1009 1884 1118 1927; x_wconf 80' lang='lat' dir='ltr'>placet</span> <span class='ocrx_word' id='word_1_389' title='bbox 1134 1885 1284 1918; x_wconf 78' lang='lat' dir='ltr'>Oudend.</span> <span class='ocrx_word' id='word_1_390' title='bbox 1306 1886 1388 1918; x_wconf 88' lang='lat' dir='ltr'>mihi</span> <span class='ocrx_word' id='word_1_391' title='bbox 1413 1893 1498 1918; x_wconf 83' lang='lat' dir='ltr'>non:</span> <span class='ocrx_word' id='word_1_392' title='bbox 1524 1897 1608 1920; x_wconf 80' lang='lat' dir='ltr'>nam</span> 
     </span>
     <span class='ocr_line' id='line_1_54' title="bbox 891 1929 1604 1971; baseline 0.006 -13"><span class='ocrx_word' id='word_1_393' title='bbox 891 1929 977 1959; x_wconf 78' lang='lat' dir='ltr'>solet</span> <span class='ocrx_word' id='word_1_394' title='bbox 999 1939 1080 1969; x_wconf 82' lang='lat' dir='ltr'>opus</span> <span class='ocrx_word' id='word_1_395' title='bbox 1095 1931 1236 1961; x_wconf 79' lang='lat' dir='ltr'>oratoris</span> <span class='ocrx_word' id='word_1_396' title='bbox 1256 1930 1400 1971; x_wconf 76' lang='lat' dir='ltr'>(fficium</span> <span class='ocrx_word' id='word_1_397' title='bbox 1423 1930 1604 1971; x_wconf 69' lang='lat' dir='ltr'>appellare5</span> 
     </span>
     <span class='ocr_line' id='line_1_55' title="bbox 891 1974 1201 2012; baseline 0.006 -11"><span class='ocrx_word' id='word_1_398' title='bbox 891 1976 931 2001; x_wconf 76' lang='lat' dir='ltr'>ut</span> <span class='ocrx_word' id='word_1_399' title='bbox 949 1981 1048 2011; x_wconf 77' lang='lat' dir='ltr'>supra</span> <span class='ocrx_word' id='word_1_400' title='bbox 1061 1983 1090 2001; x_wconf 91' lang='lat' dir='ltr'>c.</span> <span class='ocrx_word' id='word_1_401' title='bbox 1106 1974 1135 2002; x_wconf 71' lang='lat'>2.</span> <span class='ocrx_word' id='word_1_402' title='bbox 1151 1982 1201 2012; x_wconf 84' lang='lat' dir='ltr'>pr.</span> 
     </span>
    </p>

    <p class='ocr_par' dir='ltr' id='par_1_8' title="bbox 890 2013 1604 2137">
     <span class='ocr_line' id='line_1_56' title="bbox 935 2013 1604 2063; baseline 0.003 -19"><span class='ocrx_word' id='word_1_403' title='bbox 935 2014 976 2044; x_wconf 80' lang='lat'>60</span> <span class='ocrx_word' id='word_1_404' title='bbox 1005 2013 1049 2045; x_wconf 82' lang='lat' dir='ltr'>Ut</span> <span class='ocrx_word' id='word_1_405' title='bbox 1070 2016 1171 2045; x_wconf 71' lang='lat' dir='ltr'>nihilo</span> <span class='ocrx_word' id='word_1_406' title='bbox 1194 2016 1303 2045; x_wconf 73' lang='lat' dir='ltr'>minus</span> <span class='ocrx_word' id='word_1_407' title='bbox 1323 2015 1497 2046; x_wconf 74' lang='lat' dir='ltr'>industrioe</span> <span class='ocrx_word' id='word_1_408' title='bbox 1523 2016 1604 2063; x_wconf 58' lang='grc' dir='ltr'>δια]ι</span> 
     </span>
     <span class='ocr_line' id='line_1_57' title="bbox 890 2055 1602 2099; baseline 0.004 -13"><span class='ocrx_word' id='word_1_409' title='bbox 890 2055 1042 2087; x_wconf 80' lang='lat' dir='ltr'>Primum</span> <span class='ocrx_word' id='word_1_410' title='bbox 1064 2067 1124 2097; x_wconf 87' lang='lat' dir='ltr'>pro</span> <span class='ocrx_word' id='word_1_411' title='bbox 1151 2058 1252 2088; x_wconf 70' lang='lat' dir='ltr'>nihilo</span> <span class='ocrx_word' id='word_1_412' title='bbox 1274 2068 1319 2088; x_wconf 84' lang='lat' dir='ltr'>m.</span> <span class='ocrx_word' id='word_1_413' title='bbox 1345 2057 1470 2088; x_wconf 75' lang='lat' dir='ltr'>habent</span> <span class='ocrx_word' id='word_1_414' title='bbox 1497 2058 1602 2099; x_wconf 82' lang='lat' dir='ltr'>Codd.</span> 
     </span>
     <span class='ocr_line' id='line_1_58' title="bbox 891 2099 1603 2137; baseline 0.004 -9"><span class='ocrx_word' id='word_1_415' title='bbox 891 2099 1022 2137; x_wconf 75' lang='lat' dir='ltr'>quidam</span> <span class='ocrx_word' id='word_1_416' title='bbox 1038 2107 1072 2130; x_wconf 82' lang='lat' dir='ltr'>et</span> <span class='ocrx_word' id='word_1_417' title='bbox 1086 2099 1157 2130; x_wconf 83' lang='lat' dir='ltr'>edd.</span> <span class='ocrx_word' id='word_1_418' title='bbox 1173 2105 1254 2130; x_wconf 84' lang='lat' dir='ltr'>vett.</span> <span class='ocrx_word' id='word_1_419' title='bbox 1271 2105 1310 2130; x_wconf 86' lang='lat' dir='ltr'>ut</span> <span class='ocrx_word' id='word_1_420' title='bbox 1325 2100 1393 2130; x_wconf 76' lang='lat' dir='ltr'>Erf.</span> <span class='ocrx_word' id='word_1_421' title='bbox 1410 2106 1444 2130; x_wconf 86' lang='lat' dir='ltr'>ct</span> <span class='ocrx_word' id='word_1_422' title='bbox 1463 2099 1603 2132; x_wconf 78' lang='lat' dir='ltr'>Medioi.</span> 
     </span>
    </p>
   </div>
   <div class='ocr_carea' id='block_1_5' title="bbox 887 2141 1608 2175">
    <p class='ocr_par' dir='ltr' id='par_1_9' title="bbox 887 2141 1608 2175">
     <span class='ocr_line' id='line_1_59' title="bbox 887 2141 1608 2175; baseline 0.006 -4"><span class='ocrx_word' id='word_1_423' title='bbox 887 2141 986 2172; x_wconf 73' lang='lat' dir='ltr'>Junt.</span> <span class='ocrx_word' id='word_1_424' title='bbox 1014 2143 1100 2173; x_wconf 61' lang='lat' dir='ltr'>nihil</span> <span class='ocrx_word' id='word_1_425' title='bbox 1125 2152 1170 2172; x_wconf 86' lang='lat' dir='ltr'>m.</span> <span class='ocrx_word' id='word_1_426' title='bbox 1215 2142 1279 2173; x_wconf 68' lang='lat' dir='ltr'>Sed</span> <span class='ocrx_word' id='word_1_427' title='bbox 1305 2142 1368 2172; x_wconf 85' lang='lat' dir='ltr'>hoc</span> <span class='ocrx_word' id='word_1_428' title='bbox 1396 2142 1488 2173; x_wconf 81' lang='lat' dir='ltr'>leve:</span> <span class='ocrx_word' id='word_1_429' title='bbox 1519 2143 1608 2175; x_wconf 53' lang='lat' dir='ltr'>iliuds</span> 
     </span>
    </p>
   </div>
   <div class='ocr_carea' id='block_1_6' title="bbox 881 2184 1603 2862">
    <p class='ocr_par' dir='ltr' id='par_1_10' title="bbox 882 2184 1603 2726">
     <span class='ocr_line' id='line_1_60' title="bbox 889 2184 1601 2226; baseline 0.004 -13"><span class='ocrx_word' id='word_1_430' title='bbox 889 2184 1004 2221; x_wconf 86' lang='lat' dir='ltr'>miror,</span> <span class='ocrx_word' id='word_1_431' title='bbox 1022 2184 1203 2221; x_wconf 75' lang='lat' dir='ltr'>neminem,</span> <span class='ocrx_word' id='word_1_432' title='bbox 1218 2185 1306 2226; x_wconf 75' lang='lat' dir='ltr'>quod</span> <span class='ocrx_word' id='word_1_433' title='bbox 1320 2185 1435 2224; x_wconf 79' lang='lat' dir='ltr'>seiam,</span> <span class='ocrx_word' id='word_1_434' title='bbox 1450 2186 1485 2215; x_wconf 85' lang='lat' dir='ltr'>in</span> <span class='ocrx_word' id='word_1_435' title='bbox 1500 2187 1601 2219; x_wconf 84' lang='lat' dir='ltr'>verbo</span> 
     </span>
     <span class='ocr_line' id='line_1_61' title="bbox 887 2227 1603 2269; baseline 0.003 -13"><span class='ocrx_word' id='word_1_436' title='bbox 887 2227 1059 2258; x_wconf 60' lang='lat' dir='ltr'>industris?</span> <span class='ocrx_word' id='word_1_437' title='bbox 1072 2227 1213 2258; x_wconf 66' lang='lat' dir='ltr'>haesisse.</span> <span class='ocrx_word' id='word_1_438' title='bbox 1258 2228 1347 2269; x_wconf 67' lang='lat' dir='ltr'>Quid</span> <span class='ocrx_word' id='word_1_439' title='bbox 1359 2235 1422 2264; x_wconf 75' lang='lat' dir='ltr'>est,</span> <span class='ocrx_word' id='word_1_440' title='bbox 1443 2229 1527 2259; x_wconf 63' lang='lat' dir='ltr'>nihil</span> <span class='ocrx_word' id='word_1_441' title='bbox 1539 2230 1603 2259; x_wconf 67' lang='lat' dir='ltr'>mi·</span> 
     </span>
     <span class='ocr_line' id='line_1_62' title="bbox 887 2270 1599 2309; baseline 0.003 -10"><span class='ocrx_word' id='word_1_442' title='bbox 887 2278 950 2299; x_wconf 73' lang='lat' dir='ltr'>nus</span> <span class='ocrx_word' id='word_1_443' title='bbox 963 2270 1135 2300; x_wconf 66' lang='lat' dir='ltr'>industria&gt;</span> <span class='ocrx_word' id='word_1_444' title='bbox 1156 2272 1328 2309; x_wconf 65' lang='lat' dir='ltr'>quoerere?</span> <span class='ocrx_word' id='word_1_445' title='bbox 1367 2270 1519 2301; x_wconf 76' lang='lat' dir='ltr'>Profecto</span> <span class='ocrx_word' id='word_1_446' title='bbox 1548 2273 1599 2301; x_wconf 89' lang='lat' dir='ltr'>ni-</span> 
     </span>
     <span class='ocr_line' id='line_1_63' title="bbox 887 2311 1600 2354; baseline 0.006 -13"><span class='ocrx_word' id='word_1_447' title='bbox 887 2311 946 2342; x_wconf 79' lang='lat' dir='ltr'>hil.</span> <span class='ocrx_word' id='word_1_448' title='bbox 992 2313 1070 2343; x_wconf 84' lang='lat' dir='ltr'>Sine</span> <span class='ocrx_word' id='word_1_449' title='bbox 1092 2313 1191 2343; x_wconf 82' lang='lat' dir='ltr'>dubio</span> <span class='ocrx_word' id='word_1_450' title='bbox 1210 2313 1325 2343; x_wconf 77' lang='lat' dir='ltr'>Cicero</span> <span class='ocrx_word' id='word_1_451' title='bbox 1347 2314 1478 2354; x_wconf 85' lang='lat' dir='ltr'>scripsit</span> <span class='ocrx_word' id='word_1_452' title='bbox 1499 2314 1600 2345; x_wconf 64' lang='lat' dir='ltr'>indu·</span> 
     </span>
     <span class='ocr_line' id='line_1_64' title="bbox 886 2355 1597 2393; baseline 0.003 -9"><span class='ocrx_word' id='word_1_453' title='bbox 886 2356 975 2385; x_wconf 79' lang='lat' dir='ltr'>strie.</span> <span class='ocrx_word' id='word_1_454' title='bbox 1021 2355 1062 2386; x_wconf 86' lang='lat' dir='ltr'>In</span> <span class='ocrx_word' id='word_1_455' title='bbox 1083 2355 1133 2386; x_wconf 85' lang='lat' dir='ltr'>ed.</span> <span class='ocrx_word' id='word_1_456' title='bbox 1155 2358 1246 2391; x_wconf 69' lang='lat'>1474,</span> <span class='ocrx_word' id='word_1_457' title='bbox 1262 2356 1318 2386; x_wconf 76' lang='lat' dir='ltr'>ubi</span> <span class='ocrx_word' id='word_1_458' title='bbox 1338 2362 1389 2386; x_wconf 84' lang='lat' dir='ltr'>est</span> <span class='ocrx_word' id='word_1_459' title='bbox 1411 2356 1597 2393; x_wconf 55' lang='lat' dir='ltr'>iudum-ize,</span> 
     </span>
     <span class='ocr_line' id='line_1_65' title="bbox 887 2395 1599 2439; baseline 0.003 -13"><span class='ocrx_word' id='word_1_460' title='bbox 887 2395 1021 2428; x_wconf 78' lang='lat' dir='ltr'>additur</span> <span class='ocrx_word' id='word_1_461' title='bbox 1029 2398 1184 2428; x_wconf 68' lang='lat' dir='ltr'>studiose.</span> <span class='ocrx_word' id='word_1_462' title='bbox 1208 2397 1246 2429; x_wconf 86' lang='lat' dir='ltr'>ld</span> <span class='ocrx_word' id='word_1_463' title='bbox 1261 2404 1312 2428; x_wconf 83' lang='lat' dir='ltr'>cst</span> <span class='ocrx_word' id='word_1_464' title='bbox 1325 2398 1490 2437; x_wconf 80' lang='lat' dir='ltr'>glossema</span> <span class='ocrx_word' id='word_1_465' title='bbox 1504 2397 1599 2439; x_wconf 67' lang='lat' dir='ltr'>verbi¹</span> 
     </span>
     <span class='ocr_line' id='line_1_66' title="bbox 886 2440 1596 2482; baseline 0.003 -13"><span class='ocrx_word' id='word_1_466' title='bbox 886 2440 1068 2472; x_wconf 71' lang='lat' dir='ltr'>industrie:</span> <span class='ocrx_word' id='word_1_467' title='bbox 1105 2440 1191 2479; x_wconf 69' lang='lat' dir='ltr'>qnod</span> <span class='ocrx_word' id='word_1_468' title='bbox 1226 2441 1261 2470; x_wconf 87' lang='lat' dir='ltr'>in</span> <span class='ocrx_word' id='word_1_469' title='bbox 1289 2446 1419 2471; x_wconf 81' lang='lat' dir='ltr'>textum</span> <span class='ocrx_word' id='word_1_470' title='bbox 1452 2441 1596 2482; x_wconf 83' lang='lat' dir='ltr'>irrepsit,</span> 
     </span>
     <span class='ocr_line' id='line_1_67' title="bbox 886 2481 1598 2522; baseline 0.004 -11"><span class='ocrx_word' id='word_1_471' title='bbox 886 2481 1004 2517; x_wconf 71' lang='lat' dir='ltr'>Patavi</span> <span class='ocrx_word' id='word_1_472' title='bbox 1027 2482 1179 2513; x_wconf 70' lang='lat' dir='ltr'>omnibus</span> <span class='ocrx_word' id='word_1_473' title='bbox 1202 2483 1250 2513; x_wconf 82' lang='lat' dir='ltr'>ita</span> <span class='ocrx_word' id='word_1_474' title='bbox 1272 2482 1434 2522; x_wconf 75' lang='lat' dir='ltr'>iiquidum</span> <span class='ocrx_word' id='word_1_475' title='bbox 1456 2483 1539 2521; x_wconf 79' lang='lat' dir='ltr'>fore,</span> <span class='ocrx_word' id='word_1_476' title='bbox 1555 2488 1598 2520; x_wconf 63' lang='lat' dir='ltr'>ut</span> 
     </span>
     <span class='ocr_line' id='line_1_68' title="bbox 885 2524 1598 2558; baseline 0.006 -4"><span class='ocrx_word' id='word_1_477' title='bbox 885 2524 1064 2556; x_wconf 63' lang='lat' dir='ltr'>intextum</span> <span class='ocrx_word' id='word_1_478' title='bbox 1079 2525 1200 2555; x_wconf 77' lang='lat' dir='ltr'>inferre</span> <span class='ocrx_word' id='word_1_479' title='bbox 1215 2534 1283 2555; x_wconf 85' lang='lat' dir='ltr'>non</span> <span class='ocrx_word' id='word_1_480' title='bbox 1297 2525 1497 2557; x_wconf 81' lang='lat' dir='ltr'>dubitarem.</span> <span class='ocrx_word' id='word_1_481' title='bbox 1538 2526 1598 2558; x_wconf 76' lang='lat' dir='ltr'>In-</span> 
     </span>
     <span class='ocr_line' id='line_1_69' title="bbox 885 2568 1595 2608; baseline 0.003 -11"><span class='ocrx_word' id='word_1_482' title='bbox 885 2568 1010 2599; x_wconf 75' lang='lat' dir='ltr'>dustrie</span> <span class='ocrx_word' id='word_1_483' title='bbox 1031 2576 1176 2608; x_wconf 74' lang='lat' dir='ltr'>quoerere</span> <span class='ocrx_word' id='word_1_484' title='bbox 1191 2572 1241 2597; x_wconf 85' lang='lat' dir='ltr'>est</span> <span class='ocrx_word' id='word_1_485' title='bbox 1263 2577 1386 2607; x_wconf 79' lang='lat' dir='ltr'>magna</span> <span class='ocrx_word' id='word_1_486' title='bbox 1400 2578 1480 2600; x_wconf 80' lang='lat' dir='ltr'>eura</span> <span class='ocrx_word' id='word_1_487' title='bbox 1502 2579 1595 2608; x_wconf 79' lang='lat' dir='ltr'>mag-</span> 
     </span>
     <span class='ocr_line' id='line_1_70' title="bbox 883 2610 1595 2652; baseline 0.003 -13"><span class='ocrx_word' id='word_1_488' title='bbox 883 2619 988 2649; x_wconf 84' lang='lat' dir='ltr'>noque</span> <span class='ocrx_word' id='word_1_489' title='bbox 1003 2610 1114 2641; x_wconf 82' lang='lat' dir='ltr'>labore</span> <span class='ocrx_word' id='word_1_490' title='bbox 1130 2620 1287 2649; x_wconf 82' lang='lat' dir='ltr'>quaerere.</span> <span class='ocrx_word' id='word_1_491' title='bbox 1333 2611 1385 2641; x_wconf 82' lang='lat' dir='ltr'>Sic</span> <span class='ocrx_word' id='word_1_492' title='bbox 1401 2611 1515 2641; x_wconf 83' lang='lat' dir='ltr'>Cicero</span> <span class='ocrx_word' id='word_1_493' title='bbox 1534 2621 1595 2652; x_wconf 75' lang='lat' dir='ltr'>pro</span> 
     </span>
     <span class='ocr_line' id='line_1_71' title="bbox 882 2652 1597 2694; baseline 0.004 -12"><span class='ocrx_word' id='word_1_494' title='bbox 882 2652 983 2684; x_wconf 82' lang='lat' dir='ltr'>Doni.</span> <span class='ocrx_word' id='word_1_495' title='bbox 998 2664 1026 2684; x_wconf 88' lang='lat' dir='ltr'>c.</span> <span class='ocrx_word' id='word_1_496' title='bbox 1046 2655 1094 2683; x_wconf 83' lang='lat' dir='ltr'>ll.</span> <span class='ocrx_word' id='word_1_497' title='bbox 1119 2654 1302 2684; x_wconf 71' lang='lat' dir='ltr'>industrius</span> <span class='ocrx_word' id='word_1_498' title='bbox 1323 2663 1363 2684; x_wconf 86' lang='lat' dir='ltr'>ac</span> <span class='ocrx_word' id='word_1_499' title='bbox 1379 2655 1494 2694; x_wconf 75' lang='lat' dir='ltr'>soepius</span> <span class='ocrx_word' id='word_1_500' title='bbox 1514 2655 1597 2685; x_wconf 67' lang='lat' dir='ltr'>scri·</span> 
     </span>
     <span class='ocr_line' id='line_1_72' title="bbox 882 2696 963 2726; baseline -0.012 0"><span class='ocrx_word' id='word_1_501' title='bbox 882 2696 963 2726; x_wconf 74' lang='lat' dir='ltr'>bere.</span> 
     </span>
    </p>

    <p class='ocr_par' dir='ltr' id='par_1_11' title="bbox 881 2736 1594 2862">
     <span class='ocr_line' id='line_1_73' title="bbox 923 2736 1594 2778; baseline -0.001 -9"><span class='ocrx_word' id='word_1_502' title='bbox 923 2738 960 2769; x_wconf 80' lang='lat'>61</span> <span class='ocrx_word' id='word_1_503' title='bbox 986 2736 1146 2768; x_wconf 77' lang='lat' dir='ltr'>Primum</span> <span class='ocrx_word' id='word_1_504' title='bbox 1173 2737 1287 2778; x_wconf 65' lang='lat' dir='ltr'>enim]</span> <span class='ocrx_word' id='word_1_505' title='bbox 1316 2737 1435 2770; x_wconf 84' lang='lat' dir='ltr'>Addidi</span> <span class='ocrx_word' id='word_1_506' title='bbox 1462 2739 1548 2768; x_wconf 79' lang='lat' dir='ltr'>enim</span> <span class='ocrx_word' id='word_1_507' title='bbox 1574 2748 1594 2769; x_wconf 83' lang='lat' dir='ltr'>e</span> 
     </span>
     <span class='ocr_line' id='line_1_74' title="bbox 881 2779 1593 2821; baseline 0.001 -10"><span class='ocrx_word' id='word_1_508' title='bbox 881 2779 945 2811; x_wconf 87' lang='lat' dir='ltr'>Ms.</span> <span class='ocrx_word' id='word_1_509' title='bbox 968 2779 1058 2820; x_wconf 75' lang='lat' dir='ltr'>Lips.</span> <span class='ocrx_word' id='word_1_510' title='bbox 1074 2779 1123 2813; x_wconf 71' lang='lat' dir='ltr'>ed.</span> <span class='ocrx_word' id='word_1_511' title='bbox 1143 2782 1236 2814; x_wconf 73' lang='lat'><strong>1474.</strong></span> <span class='ocrx_word' id='word_1_512' title='bbox 1248 2789 1282 2812; x_wconf 83' lang='lat' dir='ltr'>et</span> <span class='ocrx_word' id='word_1_513' title='bbox 1304 2780 1402 2811; x_wconf 74' lang='lat' dir='ltr'>Juut.</span> <span class='ocrx_word' id='word_1_514' title='bbox 1445 2781 1499 2811; x_wconf 83' lang='lat' dir='ltr'>Sic</span> <span class='ocrx_word' id='word_1_515' title='bbox 1523 2782 1593 2821; x_wconf 76' lang='lat' dir='ltr'>jam</span> 
     </span>
     <span class='ocr_line' id='line_1_75' title="bbox 881 2822 1075 2862; baseline 0 -9"><span class='ocrx_word' id='word_1_516' title='bbox 881 2822 1075 2862; x_wconf 51' lang='lat' dir='ltr'>Lambinus</span> 
     </span>
    </p>
   </div>
  </div>
 </body>
</html>
