1945 3235
713 108 987 147 BRUTUS.
1511 111 1600 152 507.

145 210 283 252 oratio
313 227 411 254 cum
444 212 622 254 incitata
651 221 694 254 et
725 213 912 263 vibrans,
936 221 1028 252 tum
1058 211 1187 252 etiam
1222 221 1420 253 accurata
1441 221 1483 253 et
1506 226 1585 268 po-

143 267 234 314 lita.
283 272 319 300 21
338 271 437 311 Non
462 271 754 327 probabantur
778 271 871 311 haec
891 269 1078 309 senibus.
1120 268 1244 323 Saepe
1269 270 1463 311 videbam
1484 284 1582 309 cum
1598 291 1628 321 p.
1645 281 1715 314 196.

147 325 408 379 irridentem,
432 339 521 368 tum
545 328 675 368 etiam
704 328 956 369 irascentem
980 336 1024 365 et
1045 326 1386 366 stomachantem
1419 327 1585 382 Philip-
1597 334 1628 354 a.

144 397 262 438 pum.
296 386 367 426 sed
407 385 671 426 mirabantur
708 385 1013 432 adolescentes,
1047 382 1278 422 multitudo
1317 385 1585 424 movebatur.

147 440 250 481 Erat
271 442 483 483 excellens
501 443 670 497 judicio
696 441 828 496 vulgi,
850 451 894 481 et
916 440 1040 481 facile
1068 440 1225 495 primas
1248 440 1423 479 tenebat
1445 441 1586 481 adole·
1598 448 1676 487 3¹27·

145 512 281 539 scens.
342 499 434 540 Etsi
457 500 570 539 enim
604 513 739 554 genus
762 498 864 538 illud
896 497 1065 539 dicendi
1096 496 1365 538 auctoritatis
1400 496 1589 537 habebat

146 570 310 610 parum,
334 566 475 597 tamen
506 567 654 612 aptum
686 569 777 596 esse
807 556 924 596 aetati
952 555 1203 605 videbatur:
1237 563 1279 594 et
1312 562 1441 603 certe,
1473 554 1589 608 quod

142 623 185 653 ct
211 613 370 669 ingenii
395 613 593 668 quaedam
618 612 757 653 forma
779 612 966 663 lucebat,
989 622 1032 653 et.
1053 612 1367 653 exercitatione
1399 611 1590 666 perfecta

143 680 247 721 erat,
272 671 584 725 verborumque
615 671 822 711 adstricta
844 670 1188 726 comprehensio,
1213 683 1423 709 summam
1449 667 1590 708 bomi-

140 741 243 767 num
271 727 598 768 admirationem
629 728 865 768 excitabat.
927 727 1024 778 Sed,
1058 742 1157 768 cum
1186 727 1279 782 jam
1315 726 1514 775 bonores,
1546 735 1590 765 et

139 782 212 824 illa
245 785 386 825 senior
419 786 653 826 auctoritas
689 785 861 841 gravius
892 785 1097 840 quiddam
1121 783 1370 839 requireret,
1395 797 1588 823 remane-

141 841 216 880 bat
238 841 366 892 idem,
398 857 476 883 nec
507 842 688 884 decebat
710 843 847 885 idem:
882 842 1082 898 quodque
1116 841 1474 882 exercitationem
1498 851 1587 880 stu-

139 897 345 954 diumque
377 899 612 951 dimiserat,
646 900 760 955 quod
794 900 836 941 in
867 915 917 940 eo
952 899 1091 940 fuerat
1117 898 1386 948 acerrimum,
1410 897 1588 938 concin-

141 955 252 996 nitas
277 956 346 997 illa
367 957 659 1013 crebritasque
677 957 986 999 sententiarum
1010 957 1191 1013 pristina
1210 956 1425 1006 manebat,
1446 955 1518 996 sed
1537 970 1587 995 ea

141 1014 297 1055 vestitu
323 1014 394 1054 illo
417 1016 639 1066 orationis,
662 1031 747 1071 quo
770 1024 1066 1064 consueverat,
1089 1020 1241 1055 ornata
1262 1028 1349 1054 non
1371 1022 1490 1053 erat?
1502 1012 1586 1053 hoc

138 1070 219 1111 tibi
254 1072 336 1122 ille,
371 1072 518 1124 Brute,
540 1073 681 1114 minus
715 1072 895 1114 fortasse
925 1072 1101 1129 placuit,
1125 1086 1254 1127 quam
1281 1070 1526 1127 placuisset,
1549 1069 1583 1110 si

139 1127 258 1169 illum
299 1130 553 1185 flagrantem
597 1131 754 1181 studio,
796 1141 838 1172 et
871 1131 1146 1171 witon-entem
1182 1129 1402 1178 facultate,
1436 1127 1584 1168 audire

139 1186 367 1241 potuisses.
438 1187 549 1229 Tum
589 1188 762 1239 Brutus,
807 1187 903 1244 Ego
935 1202 1050 1238 vero,
1093 1187 1248 1242 inquit,
1281 1196 1325 1226 et
1357 1186 1453 1237 ista,
1486 1174 1630 1240 quae9

138 1244 261 1294 dicis,
287 1245 410 1286 video
441 1246 584 1301 qualia
617 1246 716 1296 sint,
741 1257 783 1286 et
818 1245 1101 1292 Hortensium
1131 1259 1336 1300 magnum
1370 1248 1673 1284 oratorem328

139 1316 306 1358 semper
329 1304 492 1358 putavi,
517 1304 790 1358 maximeque
810 1303 988 1359 probavi
1022 1317 1099 1359 pro
1129 1302 1333 1343 Messalla
1354 1301 1585 1351 dicentem,

138 1375 238 1400 cum
273 1369 316 1400 tu
353 1359 546 1401 abfuisti.
609 1361 681 1401 Sic
713 1361 870 1410 ferunt,
900 1361 1091 1416 inquam,
1122 1360 1251 1416 idque
1273 1358 1461 1400 declarat
1484 1358 1587 1398 toti-

139 1418 251 1469 dem,
273 1427 380 1472 quot
402 1418 529 1468 dixit,
552 1426 598 1458 ut
622 1419 758 1469 aiunt,
782 1419 942 1474 scripta
959 1417 1100 1459 verbis
1123 1417 1278 1463 oratio,
1332 1415 1449 1472 Ergo
1473 1415 1542 1456 ille
1564 1430 1590 1456 a

140 1474 296 1515 Crasso
315 1476 490 1516 consule
513 1485 555 1516 et
579 1476 774 1517 Scaevola
798 1490 931 1531 usque
950 1476 1002 1516 ad
1029 1474 1225 1516 Paullum
1257 1482 1300 1514 et
1326 1472 1585 1514 Marcellum

137 1532 332 1573 consules
364 1533 536 1585 floruit,
569 1548 645 1574 nos
678 1534 720 1574 in
746 1534 896 1574 eodem
921 1547 1045 1574 cursu
1071 1531 1230 1573 fuimus
1254 1547 1277 1572 a
1308 1531 1425 1572 Sulla
1447 1530 1584 1573 dicta-

136 1600 229 1631 tore
251 1590 303 1631 ad
321 1591 493 1631 eosdem
519 1590 607 1631 fere
629 1591 839 1632 consules.
885 1590 957 1631 Sic
981 1590 1038 1637 Q.
1064 1589 1290 1631 Hortensii
1312 1604 1397 1630 vox
1421 1588 1586 1628 exstin-

135 1657 207 1688 cta
231 1646 321 1688 fato
349 1662 425 1688 suo
454 1658 533 1699 est,
564 1658 711 1689 nostra
730 1648 919 1704 publico.
983 1647 1160 1699 Melius,
1193 1661 1356 1703 quaeso,
1379 1646 1675 1696 ominare,329

137 1705 278 1760 inquit
320 1705 496 1746 Brutus.
557 1706 622 1747 Sit
654 1721 754 1747 sane
788 1718 836 1747 ut
868 1705 948 1756 vis,
981 1706 1185 1760 inquam3
1217 1714 1259 1745 et
1296 1704 1339 1744 id
1372 1718 1459 1744 non
1498 1712 1587 1744 tam

137 1776 233 1803 mea
266 1777 408 1814 causa,
431 1778 560 1818 quam
596 1774 693 1806 tua:
727 1764 799 1805 sed
825 1762 1072 1804 fortunatus
1105 1763 1218 1803 illius
1252 1763 1410 1812 exitus,
1433 1761 1508 1815 qui
1539 1774 1590 1800 ea

136 1834 222 1860 non
249 1820 357 1861 vidit
379 1835 475 1861 cum
499 1821 663 1873 fierent,
686 1836 783 1876 quae
803 1821 996 1877 providit
1019 1819 1180 1861 futura.
1239 1820 1368 1875 Saepe
1386 1819 1502 1859 enim
1523 1818 1588 1859 in-

138 1889 202 1918 ter
223 1892 301 1918 nos
324 1878 621 1934 impendentes
644 1894 767 1920 casus
790 1878 1060 1928 deflevimus,
1079 1893 1177 1919 cum
1201 1877 1301 1919 belli
1324 1877 1463 1917 civilis
1486 1891 1588 1917 cau-

137 1950 218 1986 sas,
260 1935 305 1976 in
351 1936 616 1991 privatorum
649 1936 963 1993 cupiditatibus
1007 1935 1209 1988 inclusas,
1249 1935 1367 1990 pacis
1411 1947 1531 1989 spem
1564 1949 1589 1974 a

134 1993 312 2048 publico
345 1993 526 2034 consilio
556 2008 647 2035 esse
676 1994 896 2035 exclusam
930 1993 1187 2034 videremus.
1249 1992 1332 2033 Sed
1369 1990 1489 2032 illum
1523 1990 1587 2031 vi-

135 2051 260 2091 detur
293 2049 476 2091 felicitas
502 2051 651 2107 ipsius,
675 2067 759 2107 qua
792 2065 959 2107 semper
989 2059 1053 2091 est
1085 2065 1200 2101 usus,
1223 2050 1277 2090 ab
1302 2049 1361 2090 eis
1388 2048 1585 2100 miseriis,

135 2123 232 2163 quae
247 2118 493 2150 consecutae
517 2120 630 2160 sunt,
654 2118 791 2150 morte
815 2109 1070 2150 vindicasse.

193 2165 286 2207 Nos
322 2176 482 2217 autem,
523 2166 672 2218 Brute,
706 2167 911 2222 quoniam
945 2175 1045 2222 post
1084 2164 1325 2216 Hortensii,
1359 2163 1676 2205 clarissimisso

133 2224 330 2274 oratoris,
355 2235 537 2265 mortem
561 2225 679 2266 orbae
711 2224 970 2280 eloquentiae
1003 2223 1123 2279 quasi
1149 2232 1313 2264 tutores
1344 2221 1482 2262 relicti
1515 2236 1584 2262 su-

133 2296 244 2332 mus,
267 2282 384 2322 domi
409 2292 627 2323 teneamus
648 2297 758 2333 eam,
786 2292 952 2338 septam
984 2281 1149 2322 liberali
1174 2279 1370 2321 custodia
1391 2297 1399 2322 :
1432 2288 1476 2320 et
1505 2278 1586 2319 hos

133 2339 308 2395 ignotos
331 2348 460 2395 atque
492 2340 763 2396 impudentes
787 2354 942 2395 procos
975 2339 1263 2395 repudiemus,
1288 2347 1586 2391 tueamurque,

132 2408 181 2439 ut
223 2396 413 2438 adultam
457 2397 684 2454 virginem,
706 2407 837 2449 caste,
878 2400 918 2427 23
930 2406 973 2437 et
1014 2398 1069 2437 ab
1111 2405 1353 2437 amatorum
1404 2395 1586 2450 impetu,

174 2529 210 2557 21
237 2527 316 2558 Non
338 2528 566 2567 probabantur
592 2529 658 2558 hcet·
678 2527 832 2567 senibus.]
923 2529 965 2558 ⁶22
977 2526 1153 2568 florentem
1169 2523 1356 2565 facultate]
1395 2523 1476 2564 Quis
1504 2523 1587 2554 dixit

132 2570 184 2600 Sic
199 2569 270 2599 dedi
285 2580 344 2611 pro
351 2571 548 2610 probantur,
563 2571 650 2610 quod
663 2570 835 2600 manifeste
878 2580 1025 2609 unquam
1032 2569 1157 2609 florere
1163 2567 1350 2608 facultate,
1366 2571 1400 2596 et
1414 2568 1459 2596 sic
1474 2566 1583 2597 nude?

133 2612 288 2641 vitiosum
315 2618 397 2643 erat.
439 2613 517 2643 Non
539 2614 574 2643 in
601 2622 732 2653 genere,
759 2612 836 2651 quid
880 2614 994 2644 Cicero
1007 2611 1136 2642 videtur
1147 2608 1474 2650 sci-ipsissefl.oetate.
1496 2608 1586 2639 Nam

131 2655 266 2685 senibus
290 2655 473 2695 displiceat,
502 2656 608 2685 dicere
639 2655 757 2691 voluit,
780 2653 836 2684 sed
880 2656 1021 2686 refertur
1031 2659 1143 2684 totum
1158 2653 1220 2683 hoc
1232 2652 1273 2682 ad
1288 2651 1508 2692 praecedentia
1522 2651 1585 2681 i.e.

134 2697 212 2734 quid
228 2702 300 2727 tum
316 2699 477 2728 senserint
492 2710 498 2727 ι
526 2704 559 2728 et
572 2698 728 2738 praecedit
744 2701 818 2726 erat
830 2708 839 2725 :
883 2698 924 2728 ad
939 2696 1121 2737 juvenilem
1138 2700 1272 2726 aetatem
1295 2695 1366 2734 ejus
1391 2699 1426 2724 et
1441 2693 1588 2724 studium

134 2740 293 2778 sequitur,
321 2740 461 2780 exempli
491 2750 617 2777 caussa,
643 2750 724 2780 saepe
755 2740 840 2769 vide·
884 2739 1065 2770 exercendi.

134 2783 209 2811 ham
224 2795 233 2810 :
260 2783 463 2812 contrarium
480 2788 542 2820 est,
559 2784 615 2813 sed
629 2783 842 2814 mirabantur
928 2785 967 2812 23
989 2785 1019 2811 et
1042 2781 1084 2811 ab
1103 2785 1312 2811 armatorum
1338 2777 1476 2818 impetu]
1502 2776 1591 2816 Quid

134 2824 356 2854 adolescentes.
395 2825 458 2855 Res
484 2830 534 2855 est
557 2825 605 2855 ita
632 2825 776 2861 evidens,
803 2828 842 2854 ut
884 2824 939 2855 hic
962 2824 1101 2860 armati,
1116 2824 1150 2853 in
1166 2822 1280 2853 adulta
1299 2827 1333 2852 et
1359 2825 1448 2851 casta
1464 2819 1591 2858 virgine

136 2866 246 2904 mirer,
260 2874 329 2898 tam
346 2867 401 2907 diu
417 2867 479 2907 boc
494 2868 659 2900 intactum
673 2867 842 2900 mansisse.
885 2867 1032 2899 tuenda?
1058 2866 1135 2897 Sine
1157 2865 1256 2896 dubio
1280 2873 1394 2895 verum
1419 2866 1482 2900 est,
1505 2860 1593 2902 quod
