1914 3220
604 140 1060 198 PRAEFATIO.
1456 141 1548 196 xxi

110 270 403 328 instructus
430 275 547 328 fuit.
627 275 780 328 Nam
807 284 862 329 et
888 276 1005 347 ipse
1043 276 1098 328 in
1138 275 1198 328 iis
1227 291 1549 345 comparan-

112 357 299 412 dissui
336 379 368 412 a
408 360 591 413 multis
634 361 788 414 annis
832 361 1077 432 diligenS,
1105 367 1161 413 et
1200 358 1548 430 quorundam

113 445 330 515 copiam
383 445 473 497 alii
518 445 709 498 fecere.
787 444 854 498 In
891 446 953 499 iis
991 457 1177 498 autem
1223 442 1551 515 usurpandis

113 546 234 580 eam
275 527 612 602 diligentiam
653 530 896 594 adhibui,
927 546 1095 602 quam
1137 548 1303 602 supra
1328 529 1550 582 demon-

114 614 276 664 stravi
322 614 567 669 adhiberi
615 615 830 678 debere,
873 632 1158 687 quamque
1199 616 1255 668 in
1297 614 1551 668 omnibus

115 697 230 750 aliis
270 697 597 752 desideravi:
638 718 911 773 speroque
950 720 1039 754 me
1064 700 1287 754 eruditis
1328 698 1558 753 homini-

117 783 236 846 bus,
277 784 321 836 si
358 803 468 837 non
496 786 646 838 omni
684 804 751 839 ex
793 793 965 858 parte,
993 787 1047 838 in
1088 785 1191 839 hac
1220 794 1364 839 certe
1405 784 1557 838 satis·

116 868 321 923 fecisse.
401 869 606 923 Praeter
645 872 902 943 exempla
947 879 1135 924 autem.
1172 871 1310 933 haee,
1354 870 1556 941 quibus

117 962 263 1010 notae
309 973 446 1008 meae
493 955 698 1009 additae
740 966 885 1020 sunt,
932 956 1003 1010 ad
1046 956 1354 1010 scholarum
1397 972 1556 1007 usum

117 1039 283 1092 etiam
309 1040 416 1093 alia
441 1041 590 1095 facta
616 1051 761 1106 sunt,
789 1061 916 1113 quae
944 1043 1119 1095 solum
1147 1051 1360 1096 textum
1395 1041 1563 1093 habe-

117 1135 255 1188 rent,
302 1125 502 1179 additis
544 1126 646 1178 sub
689 1135 905 1181 textum
950 1126 1276 1180 lectionibus
1323 1126 1562 1198 exempli

122 1210 453 1272 Gruteriani,
501 1211 701 1281 quibus
752 1211 1123 1284 inspiciendiS,
1177 1212 1313 1283 quid
1366 1212 1421 1264 in
1473 1211 1564 1264 illo

122 1304 276 1350 textu
328 1314 362 1347 a
413 1296 571 1348 nobis
618 1305 922 1350 correctum
967 1298 1052 1361 sit,
1093 1297 1274 1350 videre
1327 1297 1566 1368 quisque

121 1389 320 1452 potest,
348 1381 445 1452 qui
472 1381 889 1453 castigationem
923 1391 1164 1436 nostram
1203 1392 1377 1436 totam
1421 1380 1568 1436 brevi

120 1474 369 1538 tempore
422 1467 727 1538 perspicere
773 1468 916 1521 velit.
995 1468 1185 1539 Atque
1234 1468 1399 1520 etiam
1446 1465 1569 1520 Cla-

121 1571 244 1607 vem
273 1552 456 1605 multis
483 1553 614 1605 locis
641 1553 726 1605 vel
754 1554 904 1617 auxi,
929 1553 1015 1606 vel
1041 1553 1344 1607 emendavi.
1414 1552 1568 1605 Nam

125 1638 256 1698 dum
301 1655 491 1691 omnes
535 1638 794 1710 deinceps
832 1639 995 1693 libros
1036 1657 1254 1692 summa
1292 1637 1573 1710 diligentia

125 1724 451 1796 relegebam,
474 1723 796 1795 ubicunque
823 1724 1033 1796 aliquid
1056 1725 1395 1787 occurrebat,
1419 1722 1572 1794 quod

126 1818 267 1864 esset
293 1827 359 1861 ex
388 1827 454 1861 eo
479 1828 694 1880 genere,
722 1811 877 1881 cujus
903 1810 959 1862 in
987 1810 1079 1862 illa
1109 1809 1275 1862 Clave
1314 1810 1452 1862 ratio
1481 1808 1574 1860 ha-

129 1894 242 1947 beri
270 1893 510 1957 deberet,
538 1893 593 1945 id
623 1911 693 1945 an
722 1895 776 1945 in
801 1913 868 1946 ea
894 1903 1035 1948 esset
1062 1913 1162 1947 nec
1190 1913 1278 1957 ne,
1299 1893 1574 1964 requisivi,

129 1988 299 2050 atque
351 1979 395 2031 si
445 1980 499 2031 in
547 1980 809 2050 superiori
858 1979 1097 2033 editione
1151 1980 1574 2051 praetermissum

130 2077 299 2127 esset,
331 2064 534 2117 addidi.
615 2064 690 2118 Et
742 2083 852 2117 non
907 2083 1090 2136 pauca
1133 2065 1252 2137 jam
1299 2064 1578 2136 adscripta

132 2161 288 2214 erant
313 2150 383 2201 in
424 2150 680 2221 exemplo
726 2168 851 2202 meo
889 2159 1008 2202 tum
1051 2169 1119 2203 ex
1156 2150 1308 2213 meiS,
1348 2159 1466 2203 tum
1509 2169 1577 2203 ex

132 2237 361 2290 aliorum
400 2236 636 2288 virorum
665 2235 954 2288 doctorum
995 2235 1483 2298 observationibus,
1522 2235 1579 2287 in

135 2341 272 2394 quas
299 2340 420 2393 eg0,
447 2320 689 2392 legendis
717 2338 907 2373 eorum
936 2321 1167 2392 scriptiS‚
1195 2321 1509 2374 incideram.

170 2470 173 2471 ⁷
211 2407 422 2469 Restat,
462 2414 525 2459 ut
563 2406 704 2459 sicut
742 2406 798 2457 in
841 2405 1063 2477 singulis
1106 2406 1352 2477 partibus
1389 2405 1580 2458 seriem

133 2500 190 2546 et
229 2492 494 2545 rationem
530 2491 908 2562 exemplorum
937 2490 1206 2543 editorum
1248 2490 1466 2553 tradidi,
1504 2489 1581 2542 sic

135 2578 240 2631 hoc
275 2578 397 2630 loco
424 2576 689 2630 editiones
717 2594 947 2647 operum
986 2576 1360 2628 universorum
1400 2593 1583 2628 recen-

137 2681 302 2718 seam.
382 2661 449 2714 Id
474 2663 593 2734 jam
621 2662 749 2713 olim
777 2661 1009 2714 fecimus
1049 2661 1362 2732 separatim,
1390 2668 1445 2713 et
1485 2678 1584 2712 nu-

140 2765 236 2818 per
262 2747 316 2799 in
344 2747 584 2811 editione
616 2765 759 2799 nova
784 2745 1134 2799 bibliothecae
1173 2746 1357 2799 latinae
1399 2744 1586 2798 Fabri-

140 2832 313 2885 cianae
354 2832 598 2884 brevius:
641 2831 734 2884 sed
768 2849 835 2884 ea
860 2830 949 2883 hic
990 2838 1233 2903 repetere
1273 2847 1586 2885 accommo-

822 2916 858 2969 b
885 2922 919 2968 3
