1914 3220
289 127 338 165 16
758 118 838 163 AD·
872 121 1252 164 HERENNIUM

285 228 375 269 <tius
405 239 498 270 esse
527 226 671 279 duxit,
701 229 900 271 amittere
942 229 1267 285 impedimenta,
1297 241 1428 284 quam
1465 227 1730 271 exercitum

289 286 531 328 exercitum
557 285 725 336 eduxit,
753 286 1064 343 impedimenta
1092 286 1287 342 reliquit3
1318 285 1549 327 arcessitur
1576 284 1733 340 majes-

207 322 278 380 16
292 343 407 385 tatis.
467 343 580 390 Quae
612 343 961 395 constitutiones,
992 353 1036 384 et
1065 359 1164 399 quae
1196 343 1559 384 constitutionum
1590 352 1733 399 partes

289 400 390 451 sint,
414 401 597 442 4vide01·
626 399 879 443 ostendisse.
942 401 1073 442 Nunc
1099 415 1186 457 quo
1216 401 1347 442 modo
1378 414 1463 451 eaS,
1486 409 1530 440 et
1555 414 1642 455 qua
1663 397 1734 441 via

286 458 463 500 tractari
496 459 742 509 conveniat,
769 458 1151 501 demonstrandum
1184 466 1274 510 θεῖς
1306 458 1340 498 si
1368 457 1485 514 prius
1517 455 1735 513 aperueri-

288 529 400 566 mus,
423 516 526 571 quid
549 524 749 573 oporteat
771 515 826 557 ab
848 516 1061 557 ambobus
1088 515 1132 556 iu
1155 530 1286 557 causa
1315 514 1536 566 destinari,
1558 528 1646 570 quo
1668 527 1736 556 ra·

289 573 355 614 tio
378 573 518 614 omnis
540 573 672 615 totius
696 572 904 614 orationis
925 572 1189 615 conferatur.

224 629 277 670 26
348 629 674 672 Constitutione
708 629 841 686 igitur
863 639 1046 686 reperta,
1074 631 1222 671 statim
1255 629 1488 686 quaerenda
1514 635 1580 670 est
1609 626 1734 670 ratio.

287 689 306 718 5
331 688 441 729 ratio
469 697 548 738 est,
570 701 668 742 quae
697 701 872 729 causam
894 686 1013 738 facit,
1035 696 1079 728 et
1099 688 1295 729 continet
1317 686 1628 738 defensionem,
1651 684 1736 727 hoc

283 744 432 795 modo,
462 747 532 797 (ut
560 744 745 786 docendi
778 748 909 787 causa
940 745 1017 785 6in
1052 744 1133 786 hac
1165 745 1439 802 potissimum
1469 747 1600 786 causa
1630 757 1736 784 con-

284 801 529 852 s'istamus2)
569 800 759 853 Orestes,
792 815 893 843 cum
925 801 1185 845 confiteatur
1217 817 1261 844 se
1293 802 1504 844 occidisse
1537 808 1736 852 matrem,

283 859 368 900 :nisi
399 858 592 901 attulerit
615 858 719 901 facti
747 859 973 910 rationem,
999 860 1253 916 perverterit
1285 857 1596 901 defensionem.
1631 869 1737 914 ergo

285 916 412 958 affert
443 931 563 958 eam:
604 931 702 973 quae
727 916 809 957 nisi
842 916 1141 968 intercederet,
1166 931 1220 958 ne
1249 931 1378 958 causa
1401 916 1577 972 quidem
1609 923 1736 956 esset:

282 973 358 1015 illa
378 974 509 1025 enim,
524 973 679 1030 inquit,
699 981 866 1030 patrem
887 988 1032 1015 meum
1053 974 1286 1015 occiderat.
1318 973 1436 1030 Ergo
1457 977 1526 1028 (ut
1546 971 1737 1023 ostendi)

284 1031 397 1074 ratio
421 1046 472 1072 ea
503 1040 582 1082 est,
608 1046 706 1087 quae
731 1031 928 1073 continet
956 1030 1267 1082 defensionem,
1288 1030 1381 1072 sine
1410 1045 1496 1088 qua
1518 1045 1572 1072 ne
1605 1042 1740 1086 parva.

284 1089 462 1144 quidem
491 1088 707 1130 dubitatio
739 1098 885 1145 potest
918 1088 1121 1130 remorari
1154 1088 1493 1130 damnationem.
1554 1087 1740 1135 Iuventa.
1775 1087 1778 1089 ’

281 1146 468 1198 ratione,
491 1146 811 1188 firmamentum
841 1146 1123 1202 quaerendum
1154 1155 1244 1198 est;
1276 1145 1319 1188 id
1348 1153 1427 1197 est,
1449 1144 1567 1202 quod
1597 1143 1738 1193 conti·

285 1212 363 1246 net
391 1204 728 1255 accusationem,
751 1204 868 1259 quod
899 1203 1076 1246 affertur
1105 1212 1257 1246 eontra
1279 1202 1491 1244 rationem
1522 1200 1738 1243 defensio—

285 1261 371 1312 nis,
400 1261 454 1303 de
477 1276 564 1318 qua
587 1271 686 1303 ante
719 1261 885 1303 dictum
915 1271 995 1302 est.
1057 1260 1109 1304 Id
1147 1261 1436 1304 constituetur
1464 1260 1549 1302 hoc
1576 1258 1734 1300 modoz

290 1318 405 1360 Cum
427 1334 528 1361 usus
551 1319 681 1361 fuerit
701 1317 875 1360 Orestes
897 1320 1078 1370 ratione,
1091 1319 1177 1361 hoc
1198 1318 1461 1376 pacto‚.]ure
1485 1316 1642 1368 occidi,
1664 1315 1738 1363 illa

288 1376 404 1418 enim
429 1386 595 1433 patrem
617 1391 762 1418 mcum
791 1376 1037 1428 occiderat3
1068 1385 1213 1418 utetur
1237 1384 1462 1417 accusator
1491 1375 1739 1416 firmamen-

289 1445 352 1486 to,
375 1436 394 1467 7
409 1433 494 1476 hoc
516 1444 667 1491 pacto:
693 1434 776 1475 Sed
802 1448 888 1475 non
913 1436 931 1465 8
946 1435 1022 1475 abs
1042 1443 1085 1476 te
1108 1434 1264 1485 occidi,
1285 1448 1425 1489 neque
1444 1433 1740 1478 indemnatam

288 1506 447 1549 ‘poenas
481 1492 668 1547 pendere
701 1491 910 1548 oportuit.
983 1490 1051 1532 Ex
1086 1493 1252 1534 ratione
1286 1490 1565 1540 defensionis,
1601 1497 1647 1530 et
1681 1502 1739 1530 ex

288 1550 567 1590 firmamento
599 1549 902 1600 accusationis,
918 1548 1076 1604 judicii
1103 1549 1288 1606 quaestio
1313 1557 1513 1589 nascatur
1534 1552 1741 1604 oportet3

293 1613 422 1662 quam
446 1621 524 1647 nos
531 1607 865 1662 judicationem,
889 1607 1034 1648 Graeci
1052 1607 1224 1660 κςινόμεγον
1243 1605 1475 1663 appellant.
1517 1607 1537 1639 9
1553 1603 1617 1646 Ea
1636 1617 1741 1645 con-

293 1665 498 1705 stituetur
519 1678 574 1705 ex
596 1665 906 1720 conjunctione
928 1664 1188 1705 firmamenti
1211 1674 1255 1705 et
1277 1663 1453 1705 rationis
1474 1661 1742 1710 defensione,

293 1721 381 1765 hoc
411 1722 572 1764 modo:
611 1721 723 1763 Cum
756 1722 875 1763 dicat
899 1721 1090 1772 Orestes,
1113 1735 1158 1762 se
1186 1722 1319 1778 patris
1349 1719 1582 1762 ulciscendi
1612 1731 1743 1761 causa.

294 1788 477 1821 matrem
500 1780 724 1830 occidisse,
743 1789 965 1821 rectumne
983 1778 1128 1830 fuerit,
1151 1795 1176 1820 a
1200 1779 1304 1830 filio,
1327 1777 1616 1833 sinej11‹licio,
1636 1775 1742 1831 Cly-

294 1845 590 1879 taemnestram
621 1837 778 1879 occidi.
840 1836 959 1893 Ergo
984 1836 1064 1878 hac
1093 1836 1260 1877 ratione
1282 1835 1600 1892 judicationem
1622 1846 1743 1889 repe-

295 1894 378 1935 rire
409 1894 627 1935 convenit.
701 1894 892 1951 Reperta
913 1894 1200 1949 judicatione,
1230 1907 1404 1935 omnem
1434 1893 1645 1934 rationem
1677 1900 1742 1931 to-

216 1948 281 2000 17
300 1952 382 1993 tius
415 1952 622 1993 orationis
655 1966 707 1994 eo
740 1951 926 1994 conferri
960 1952 1194 2008 oportebit.
1256 1951 1308 1992 In
1344 1951 1545 1992 omnibus
1579 1947 1740 1990 consti-

233 2021 286 2060 27
300 2009 538 2051 tutionibus
573 2018 617 2050 et
652 2010 845 2066 partibus
879 2009 1240 2051 constitutionum
1279 2009 1360 2049 hac
1399 2008 1469 2048 via
1502 2004 1741 2061 judicatio-

295 2081 370 2109 nes
402 2066 681 2122 reperientur,
707 2075 993 2123 praeterquam
1021 2067 1064 2107 in
1097 2065 1378 2121 conjecturali
1414 2063 1740 2106 constitutione.

297 2127 335 2156 10
351 2122 467 2167 Nam
501 2124 544 2167 iu
571 2139 622 2166 ea
655 2139 735 2167 nec
777 2125 902 2176 rati0‚
943 2137 1075 2181 quare
1114 2123 1280 2176 fecerit,
1317 2122 1557 2180 quaeritur3
1589 2119 1742 2170 fecisse

335 2275 357 2303 4
393 2271 510 2303 Videor
534 2272 729 2313 ostendisse]
761 2270 877 2303 Delevi
903 2272 997 2311 satis,

295 2314 384 2354 quod
406 2315 591 2355 cli-gantius
621 2316 723 2345 abest.
768 2315 845 2346 Non
874 2314 1000 2345 habent

295 2357 374 2389 Mss.
390 2357 492 2388 Gron.
509 2358 613 2387 nostri
634 2362 669 2387 et
691 2357 747 2387 alii
769 2367 820 2397 ap.
837 2357 922 2387 Oud.
939 2366 999 2387 nec

295 2400 367 2430 edd.
386 2402 475 2433 1474.
487 2400 620 2436 Mediol,
640 2402 730 2434 1474.
745 2404 780 2430 et
789 2400 886 2431 Junt.
901 2399 1000 2430 Dele-

293 2443 344 2472 vit
358 2448 391 2473 et
406 2442 565 2473 Graevius.

339 2487 357 2515 5
383 2485 482 2516 Ratio
496 2484 568 2525 εει]
586 2485 687 2516 Abest
703 2495 723 2515 a
737 2484 839 2516 Codd.
854 2482 999 2515 nonnul-

293 2525 348 2564 lis,
364 2537 431 2557 non
447 2527 543 2557 maie.

338 2570 358 2600 6
382 2569 424 2600 In
456 2571 518 2599 hae
537 2570 742 2609 potissimum
772 2569 899 2609 causa]
937 2569 1001 2600 Ad-

295 2611 437 2642 didimus
449 2621 562 2648 causa,
577 2613 662 2651 quod
675 2613 799 2643 habent
812 2612 915 2642 nostri
927 2622 1000 2642 om-

297 2663 354 2686 nes
366 2661 401 2685 et
426 2653 708 2695 Oudendomhni,
734 2655 815 2685 item
829 2655 879 2684 ed.
894 2654 1000 2685 Medi-

296 2697 341 2727 oi.
356 2707 386 2728 a.
401 2699 490 2730 1474.
504 2706 563 2726 nec
573 2702 683 2736 potest
695 2698 748 2728 hic
758 2698 891 2727 verbum
902 2697 1000 2727 intel-

295 2738 355 2779 ligi
376 2749 394 2770 e
421 2739 639 2779 praecedente,
666 2740 722 2770 ubi
747 2739 844 2770 aliter
864 2740 1001 2770 verbum

295 2781 427 2813 dicitur.

339 2827 354 2857 7
374 2824 447 2854 Hoc
455 2823 577 2865 pacta]
596 2823 648 2855 Sic
663 2823 876 2856 cumcraevio
888 2834 906 2855 e
918 2823 1000 2857 Mss.

294 2870 331 2895 ot
345 2866 416 2897 edd.
430 2872 510 2897 vett.

1083 2272 1102 2302 8
1125 2271 1190 2302 Abs
1202 2275 1233 2302 te
1255 2271 1352 2302 occidi
1375 2270 1448 2310 &c.]
1474 2267 1591 2301 Deievi
1620 2271 1745 2306 tamen,

1040 2314 1127 2352 quod
1141 2314 1233 2345 abest
1249 2325 1268 2345 a
1283 2315 1362 2344 Mss.
1378 2313 1511 2349 nostris,
1524 2316 1559 2342 et
1573 2311 1644 2342 aliis
1657 2321 1676 2340 a
1700 2309 1745 2341 ud

1041 2356 1126 2386 Oud.
1156 2362 1191 2387 et
1230 2356 1301 2387 edd.
1342 2358 1430 2390 1474.
1463 2358 1554 2389 1475.
1609 2353 1664 2384 Me
1689 2352 1744 2384 'ol.

1041 2399 1135 2431 aunt.
1181 2399 1345 2434 Nonnulli
1359 2399 1433 2429 libri
1447 2398 1548 2428 etiam
1569 2396 1695 2428 habent
1708 2398 1746 2428 αἱ.

1042 2451 1100 2482 pro
1114 2442 1170 2471 sed
1179 2454 1187 2471 .·
1210 2441 1298 2481 quod
1311 2441 1473 2472 efficacius
1491 2445 1550 2470 est.

1083 2488 1104 2518 9
1119 2484 1155 2514 E
1156 2494 1177 2514 α
1190 2483 1428 2523 cnm-timebun]
1447 2483 1499 2512 Sic
1508 2481 1591 2512 edidi
1601 2489 1660 2522 pro
1673 2488 1747 2510 con·

1042 2527 1205 2563 diluitur,
1230 2527 1307 2566 quia
1331 2523 1540 2567 praecipiendi
1569 2525 1686 2554 formae
1710 2525 1747 2553 et

1043 2569 1274 2599 consuetudini
1289 2568 1432 2598 auctoris
1447 2567 1551 2606 magis
1576 2564 1744 2597 convenit.

1043 2612 1095 2641 Sic
1110 2621 1186 2642 mox
1197 2609 1420 2652 judicationes
1440 2609 1655 2649 reperientur.
1700 2606 1748 2638 Et

1042 2654 1088 2684 sic
1101 2655 1197 2684 estin
1213 2654 1292 2684 Mss.
1309 2653 1468 2694 plerisque
1481 2656 1517 2682 et
1529 2651 1603 2682 edd.
1618 2650 1747 2693 primis,

1047 2699 1136 2729 1474.
1154 2695 1286 2727 Mcdiol.
1302 2696 1396 2726 Junt.
1415 2697 1472 2726 διο.

1092 2742 1128 2769 10
1151 2739 1247 2769 Nam
1258 2739 1294 2768 in
1309 2747 1348 2768 ea
1356 2748 1414 2768 nec
1425 2737 1525 2774 ratio,
1544 2733 1749 2777 quaresece-

1043 2781 1295 2821 rit,quaeritur.]
1313 2781 1366 2811 Sic
1382 2780 1459 2811 Mss.
1470 2779 1615 2820 plerique
1629 2783 1665 2809 et
1674 2775 1747 2808 edd.

1070 2834 1092 2854 r.
1109 2824 1170 2855 nisi
1193 2823 1280 2863 quod
1294 2833 1321 2854 v.
1338 2833 1365 2854 c.
1380 2822 1451 2854 Ald.
1473 2822 1511 2853 In
1525 2831 1563 2852 ea
1579 2821 1666 2851 onim
1689 2818 1749 2850 ha·

1042 2834 1110 2902 gete
1154 2866 1268 2898 Etiam
1288 2866 1437 2898 Graevius
1450 2864 1541 2896 dedit
1553 2865 1591 2896 in
1614 2871 1667 2902 ea,
1692 2859 1751 2894 sed
