1945 3235
675 136 862 174 LIBER
887 135 1124 174 PRIMUS.
1541 141 1613 176 125

184 239 279 292 erit,
301 248 446 283 utrum
471 241 553 294 fur,
574 255 630 283 an
661 240 892 296 sacrilegus
922 240 977 280 sit
1002 239 1279 295 judicandus
1307 256 1408 282 nam
1441 242 1485 283 id
1515 257 1616 284 cum

186 300 410 352 quaeritur,
434 313 605 340 necesse
627 298 708 339 erit
729 298 908 339 definire
929 307 1173 351 utrumque,
1203 297 1307 351 quid
1327 299 1382 338 sit
1404 299 1486 350 fur,
1509 300 1613 353 quid

183 355 428 412 sacrilegus,
451 364 494 397 et
523 371 598 396 sua
615 355 904 411 descriptione
926 354 1165 405 ostendere,
1187 354 1271 394 alio
1293 354 1467 395 nominc
1498 356 1613 397 illam

182 425 287 464 rem,
309 413 362 454 de
391 428 476 469 qua
506 413 663 469 agitur,
697 413 904 469 appellari
936 420 1147 467 oportere,
1160 411 1206 443 -26
1220 420 1349 467 atque
1380 411 1612 453 adversarii

179 468 341 511 dicant.

238 527 420 570 Generis
451 535 516 568 est
547 526 853 578 controversia,
883 541 983 568 cum
1012 535 1056 567 et
1087 525 1190 582 quid
1220 525 1385 568 factum
1414 526 1483 578 sit,
1506 519 1657 572 con-9

179 586 313 637 venit,
334 594 378 626 et
398 599 484 640 quo
506 584 551 625 id
572 584 735 625 factum
758 584 932 625 nomine
954 584 1157 641 appellari
1182 592 1394 640 oporteat,
1416 593 1606 625 constat:
1624 590 1671 623 12

181 651 225 682 et
247 652 403 693 tamen,
426 650 649 696 quantum,
663 650 707 682 et
724 642 984 697 cujusmodi,
1006 650 1049 682 et
1062 641 1238 682 omnino
1258 641 1381 697 quale
1404 641 1472 692 sit,
1492 656 1611 696 quae-

181 699 310 752 ritur;
331 700 415 740 hoc
436 699 591 741 modo:
611 698 801 751 Justum‚
824 715 879 740 an
900 699 1132 755 injustum:
1153 699 1271 750 utile,
1293 714 1347 739 an
1371 698 1545 750 inutile3
1568 708 1613 739 et

180 757 338 808 omnia,
361 757 406 797 in
436 757 608 812 quibus,
630 757 756 812 quale
787 757 842 797 sit
873 757 930 809 id,
954 757 1069 812 quod
1092 756 1256 797 factum
1286 766 1365 807 est,
1387 756 1610 812 quaeritur,

180 814 270 854 sine
298 813 383 855 ulla
413 814 601 855 nominis
631 815 937 856 controversia.
999 814 1118 855 Huic
1148 814 1294 869 generi
1319 813 1611 869 Hermagoras

177 880 318 926 partes
349 881 534 926 quatuor
565 872 803 926 supposuit,
834 872 1173 923 deliberativam,
1215 872 1611 922 demonstrativam,

171 928 478 983 juridicialem,
501 929 778 985 negotialem.
811 930 927 986 quod
958 929 1066 985 ejus,
1094 939 1141 969 ut
1170 944 1248 970 nos
1274 937 1490 984 putamus,
1522 943 1612 970 non

177 986 394 1028 mediocre
416 997 658 1043 peccatum,
680 987 1077 1042 reprehendendum
1091 986 1273 1038 videtur,
1297 1001 1443 1027 verum
1466 986 1611 1038 brevi;
1642 1003 1655 1010 v·

176 1046 217 1077 97
230 1058 284 1084 ne
302 1053 390 1095 aut,
414 1045 447 1084 si
472 1045 592 1085 taciti
615 1045 962 1101 praeterierimus,
983 1045 1073 1086 sine
1094 1059 1223 1085 causa
1242 1059 1330 1084 non
1353 1043 1487 1085 secuti
1510 1058 1649 1088 eum!r

177 1110 402 1155 putemur3
425 1111 512 1153 aut,
533 1103 566 1143 si
590 1103 750 1145 diutius
769 1103 814 1143 in
835 1102 919 1143 hoc
941 1101 1274 1152 constiterimus,
1296 1116 1462 1142 moram
1481 1110 1610 1157 atque

177 1158 536 1215 impedimentum
566 1160 739 1215 reliquis
769 1160 996 1215 praeceptis
1034 1159 1228 1199 intulisse
1266 1158 1501 1199 videamur.
1562 1158 1608 1199 Si

176 1215 428 1258 deliberatio
447 1226 490 1258 et
511 1217 820 1259 demonstratio
842 1231 1001 1274 genera
1022 1225 1121 1258 sunt
1143 1230 1382 1266 causarum,
1400 1230 1487 1256 non
1510 1230 1610 1271 pos-

178 1282 279 1315 sunt
308 1283 424 1316 recte
453 1282 595 1329 partes
626 1274 807 1332 alicujus
837 1275 1006 1331 generis
1048 1289 1188 1315 causae
1227 1274 1384 1329 putari.
1446 1272 1612 1313 Eadem.

176 1332 292 1372 enim
314 1346 379 1374 res
402 1331 473 1373 alii
496 1346 632 1388 genus
653 1346 758 1384 esse,
789 1332 861 1373 alii
883 1346 979 1387 pars
1001 1340 1169 1387 potest:
1193 1331 1333 1372 eidem
1363 1345 1497 1386 genus
1520 1344 1612 1371 esse

176 1396 221 1429 et
251 1404 347 1445 pars
376 1404 465 1430 non
495 1398 652 1444 potest.
713 1389 982 1433 Deliberatio
1014 1398 1173 1441 autem,
1205 1398 1248 1430 et
1284 1388 1610 1440 demonstratio,

175 1459 334 1501 genera
347 1454 446 1488 sunt
463 1462 703 1490 causarum.
721 1463 823 1489 nam
841 1457 917 1489 aut
933 1447 1098 1489 nullum
1115 1462 1257 1488 causae
1278 1460 1412 1502 genus
1435 1455 1514 1496 est,
1536 1455 1612 1485 aut

167 1504 377 1558 judiciale
395 1504 547 1557 solum,
562 1514 637 1546 aut
654 1515 697 1547 et
711 1505 934 1562 judiciale,
953 1514 998 1547 et
1018 1505 1420 1554 demonstrativum,
1442 1512 1485 1543 et
1506 1502 1611 1543 dcli-

177 1562 430 1604 berativum.
491 1562 671 1605 Nullum
700 1563 843 1605 dicere
872 1578 1013 1605 causae
1046 1577 1136 1603 esse
1166 1577 1317 1618 genus,
1339 1575 1439 1602 cum
1461 1574 1611 1611 causas

174 1633 265 1660 esse
287 1620 442 1661 multas
456 1620 586 1672 dicat,
606 1629 649 1661 et
670 1621 715 1662 in
728 1634 798 1662 eas
812 1630 1031 1677 praecepta
1051 1620 1137 1671 det,
1157 1619 1346 1660 amentia
1367 1626 1454 1659 est:
1476 1632 1612 1658 unum

175 1686 317 1717 autem
333 1678 541 1733 judiciale
564 1678 702 1719 solum
735 1693 826 1720 esse
859 1678 935 1734 qui
964 1686 1122 1735 potest,
1153 1693 1252 1718 cum
1285 1676 1537 1718 deliberatio
1568 1684 1612 1716 et

174 1733 499 1788 demonstratio,
522 1751 660 1792 neque
682 1736 788 1792 ipsae
811 1736 970 1777 similes
996 1737 1108 1777 inter
1130 1750 1173 1776 se
1193 1735 1292 1786 sint,
1315 1741 1359 1775 et
1377 1734 1431 1774 ab
1447 1732 1611 1787 judici-

174 1790 227 1832 ali
252 1806 407 1847 genere
427 1793 660 1848 plurimum
681 1794 930 1846 dissideant,
960 1807 1005 1835 et
1025 1808 1150 1834 suum
1171 1806 1355 1848 quaeque
1382 1790 1512 1831 finem
1534 1789 1611 1830 ha-

175 1848 289 1900 beat,
312 1865 398 1905 quo
421 1850 568 1892 referri
590 1852 770 1893 debeat?
790 1851 1046 1906 relinquitur
1064 1865 1183 1906 ergo,
1201 1858 1250 1890 ut
1269 1849 1415 1889 omnia
1433 1848 1515 1888 tria
1537 1861 1611 1903 ge-

173 1920 276 1947 nera
307 1908 393 1948 sint
422 1922 661 1949 causarum.
734 1908 1002 1950 Deliberatio
1032 1908 1180 1964 igitur,
1212 1916 1255 1947 et
1284 1906 1612 1955 demonstratio,

172 1977 262 2004 non
300 1974 481 2019 possunt
521 1976 637 2007 recte
667 1975 809 2022 partes
849 1966 1030 2021 alicujus
1069 1965 1238 2022 generis
1280 1978 1420 2004 causae
1453 1962 1610 2018 putari.

173 2019 294 2062 Male
315 2022 450 2078 igitur
470 2037 540 2063 eas
563 2024 773 2080 generalis
795 2023 1119 2065 constitutionis
1142 2031 1283 2079 partes
1301 2034 1392 2061 esse
1415 2019 1543 2060 dixit.

229 2079 360 2126 Quod
390 2080 425 2120 si
447 2082 614 2136 generis
636 2096 778 2123 causae
808 2091 949 2137 partes
979 2095 1068 2122 non
1096 2087 1278 2136 possunt
1306 2086 1422 2119 recte
1453 2076 1609 2133 putari,
1627 2078 1693 2125 10

171 2137 309 2179 multo
330 2138 472 2179 minus
495 2148 611 2180 recte
643 2140 775 2193 partis
808 2153 950 2180 causae
981 2147 1123 2195 partes
1156 2137 1438 2194 putabuntur.
1501 2134 1605 2175 Pars
1622 2152 1668 2185 13

172 2204 317 2236 autem
351 2211 507 2247 causae,
541 2197 798 2238 constitutio
830 2205 896 2238 est
927 2196 1085 2237 omnis.
1120 2210 1207 2235 non
1242 2193 1357 2235 enim
1391 2207 1520 2234 causa
1551 2192 1604 2232 ad
1618 2209 1647 2239 p.
1664 2203 1717 2230 45.

171 2252 543 2305 constitutionem,
575 2255 648 2296 sed
670 2254 928 2296 constitutio
961 2254 1015 2295 ad
1038 2267 1210 2294 causam
1233 2250 1602 2293 accommodatur.
1617 2253 1647 2272 a.

173 2309 258 2351 Sed
280 2310 590 2353 demonstratio
613 2320 657 2353 et
686 2311 955 2364 deliberatio,
979 2311 1147 2367 generis
1178 2324 1318 2352 causae
1344 2316 1485 2364 partes
1516 2321 1605 2348 non

171 2376 353 2424 possunt
374 2377 490 2410 recte
519 2370 677 2425 putari,
699 2369 816 2425 quod
840 2369 934 2425 ipsa
963 2377 1064 2410 sunt
1095 2382 1276 2424 genera:
1309 2365 1446 2407 multo
1471 2364 1606 2419 igitur

171 2425 313 2466 minus
340 2434 455 2467 recte
483 2427 616 2482 partis
645 2427 753 2483 ejus,
776 2427 891 2483 quod
921 2426 993 2467 hic
1015 2426 1137 2476 dicit,
1156 2433 1298 2481 partes
1322 2423 1605 2479 putabuntur.

173 2481 344 2524 Deinde
375 2484 408 2524 si
440 2485 710 2536 constitutio,
733 2493 777 2525 et
810 2484 915 2540 ipsa,
947 2493 991 2525 et
1020 2498 1117 2540 pars
1148 2480 1473 2524 constitutionis
1512 2479 1606 2533 ejus

172 2539 392 2594 quaelibet,
414 2540 667 2583 intentionis
690 2541 885 2598 depulsio
904 2550 994 2593 est3
1017 2556 1114 2596 quae
1135 2538 1387 2580 intentionis
1410 2536 1606 2592 depulsio

171 2611 259 2638 non
281 2607 359 2650 est,
382 2612 432 2639 ea
449 2613 528 2639 nec
547 2600 818 2650 constitutio,
837 2613 918 2640 nec
938 2613 1036 2654 pars
1059 2595 1385 2640 constitutionis
1407 2603 1487 2635 est.
1547 2593 1607 2633 At

171 2656 222 2706 si,
255 2669 352 2709 quae
386 2655 639 2698 intentionis
678 2656 873 2713 depulsio
907 2671 996 2697 non
1026 2665 1107 2707 est,
1137 2669 1188 2696 ea
1219 2668 1298 2695 nec
1332 2651 1604 2701 constitutio,

212 2769 254 2801 26
275 2769 381 2808 Atque
405 2769 588 2800 adversarii
617 2771 755 2811 dicant]
790 2770 865 2802 Sine
908 2775 942 2801 et
958 2769 1029 2801 aliis
1044 2775 1078 2801 et
1091 2770 1224 2805 nostris,
1240 2778 1299 2809 pro
1313 2776 1366 2803 ne,
1377 2767 1405 2797 si.
1420 2771 1495 2797 aut:
1511 2765 1606 2804 idque

169 2811 267 2842 dubio
282 2812 487 2842 scribendum
505 2819 555 2843 est
574 2813 696 2851 dicant,
716 2824 775 2854 pro
793 2813 865 2843 vul·
908 2822 1020 2843 sensus
1041 2813 1108 2852 ipse
1123 2812 1228 2842 docet.
1267 2811 1305 2841 In
1321 2810 1384 2840 (ἔα.
1404 2812 1429 2839 1.
1445 2809 1534 2838 deest
1557 2813 1606 2837 et-

164 2859 246 2893 gato
260 2855 383 2885 dicunt.
906 2855 972 2885 iam
983 2856 1075 2885 taciti
1085 2865 1104 2884 a
1113 2864 1156 2884 m.
1171 2865 1219 2894 pr.
1234 2853 1290 2885 sed
1299 2861 1397 2892 supra
1406 2850 1606 2890 adscriptum

212 2899 250 2930 97
269 2897 324 2928 Ne
337 2901 408 2934 aul,
424 2896 476 2935 εἰ]
498 2897 549 2928 Sic
570 2909 586 2928 e
607 2897 685 2928 Mss.
702 2898 862 2935 dedimus,
906 2904 954 2928 est
970 2897 1034 2928 alia
1047 2906 1159 2928 manu:
1179 2906 1237 2927 nec
1252 2906 1290 2925 eo
1307 2903 1387 2934 opus
1400 2898 1459 2923 est⁴
1560 2907 1562 2909 >
1589 2900 1602 2909 ·
