1945 3235
325 142 402 178 5238
827 141 912 180 DE
947 139 1250 179 ORATORE

325 242 476 294 cendo,
507 252 549 284 et
570 244 753 300 copiam,
775 246 829 286 ab
851 259 996 286 eorum
1018 246 1225 295 exilitate,
1247 244 1320 300 qui
1343 243 1424 286 hac
1447 243 1616 287 dicendi
1639 244 1749 287 vari-

325 310 453 350 etate,
475 311 517 342 et
538 301 748 357 elegantia
771 317 853 343 non
888 306 1086 344 utuntur?
1125 302 1263 344 Unum
1297 302 1377 342 erit
1405 300 1612 357 piofecto‚
1633 302 1750 358 quod

327 357 372 406 ii,
393 358 465 412 qui
501 359 604 399 bene
626 360 789 409 dicunt,
811 360 1040 400 39afferant
1069 360 1312 415 proprium;
1342 359 1624 414 compositam
1655 375 1752 402 ora-

328 414 503 465 tionem,
526 426 569 456 et
594 426 800 466 ornatam,
823 426 865 456 et
885 417 1067 458 artificio
1097 417 1297 472 quodam,
1319 426 1360 456 et
1390 415 1655 470 expolitione
1683 417 1748 458 di-

329 471 712 514 stincta111.Haec
734 483 875 514 autem
897 474 1048 523 oratio,
1071 488 1103 513 51
1126 488 1189 514 ies
1213 487 1296 513 non
1330 473 1474 513 subest
1505 474 1558 513 ab
1582 482 1749 514 oratore

283 541 315 572 b
331 539 530 584 per-cepti
551 540 594 570 et
614 531 812 584 cognita3
843 540 915 570 aut
949 530 1062 570 nulla
1090 530 1144 570 sit
1175 544 1342 570 necesse
1367 538 1445 578 est,
1466 539 1540 570 aut
1557 531 1749 572 omnium

269 587 523 626 blirrisione
563 586 745 627 ludatur.
805 587 922 633 Quid
963 597 1026 627 est
1071 588 1183 628 enim
1228 596 1312 627 tam
1364 587 1585 636 furiosum,
1621 601 1750 641 quam

330 644 570 692 verborum,
593 643 655 684 vel
678 644 937 698 optimorum
956 654 1084 698 atque
1101 644 1481 693 ornatissimorum,
1504 643 1666 691 sonitus
1685 643 1751 684 in·

328 701 434 749 anis,
467 700 579 740 nulla
611 701 804 754 subjecta
836 701 1058 749 sententia,
1089 715 1166 742 nec
1191 701 1391 742 scientia?
1424 700 1643 755 Quicquid
1669 701 1751 742 erit

329 756 462 811 igitur
482 770 748 811 quacumque
774 772 826 798 ex
850 769 952 807 arte,
974 772 1243 812 quocumque
1265 758 1317 798 de
1339 772 1506 813 genere,
1536 757 1632 798 40id
1655 772 1749 799 ora-

329 823 410 863 ton,
433 814 466 854 si
498 824 696 868 utinquun
730 814 895 854 clientis
925 829 1109 863 causam,
1143 814 1353 865 didicerit,
1383 815 1496 855 dicet
1526 815 1674 855 melius
1706 823 1750 856 et

330 870 534 920 ornatius,
566 886 611 925 q·
599 885 692 911 iam
730 871 796 912 ille
828 871 917 926 ipse
949 871 1040 925 ejus
1073 871 1132 911 rei
1169 871 1378 921 inv·‚ent01
1410 881 1538 926 atque
1575 871 1748 912 artifex.

269 926 444 967 suham
477 927 509 967 si
547 929 640 983 quis
673 928 765 977 erit,
798 942 870 982 qui
906 928 986 968 hoc
1018 927 1147 978 ἀίω-ιι,
1175 942 1265 968 esse
1297 928 1500 982 quasdam
1531 938 1750 970 oratorum

328 984 520 1039 proprias
543 985 788 1034 sententiis,
819 994 945 1048 atque
965 999 1127 1034 causas,
1149 994 1192 1024 et
1216 995 1424 1025 cer-mum
1449 998 1586 1025 rerum
1608 985 1750 1026 foren-

327 1040 442 1081 sibus
465 1041 662 1082 cancellis
690 1042 1055 1097 circumscriptam
1085 1041 1332 1092 scicntiam3
1365 1042 1530 1082 fatebor
1549 1042 1750 1097 equidem

327 1098 370 1138 in
393 1098 458 1139 his
488 1099 624 1153 magis
648 1099 814 1140 assidue
837 1099 989 1139 versari
1023 1098 1131 1139 hanc
1165 1109 1352 1138 nostram
1385 1098 1643 1140 dictionem:
1674 1099 1748 1140 sed

328 1163 467 1196 tamen
495 1155 536 1197 in
572 1157 635 1196 his
663 1156 764 1211 ipsis
797 1157 920 1196 rebus
946 1155 1152 1210 permulta
1186 1165 1297 1205 sunt,
1319 1170 1415 1209 quae
1444 1155 1512 1195 isti
1540 1156 1748 1212 magistri,

266 1219 313 1252 53
327 1213 396 1267 qui
422 1212 621 1254 rhetorici
647 1224 864 1263 vocantur,
888 1227 964 1253 nec
987 1213 1172 1263 tradunt,
1196 1227 1271 1253 nec
1291 1222 1450 1253 tenent.
1504 1212 1612 1259 Quis
1634 1213 1750 1254 enim

324 1271 475 1319 nescit,
507 1271 737 1311 maximam
762 1270 846 1310 vim
873 1270 1056 1310 existere
1085 1269 1264 1310 oratoris
1287 1270 1329 1310 in
1353 1269 1573 1310 hominum
1596 1269 1749 1311 menti-

325 1326 402 1367 bus
428 1325 489 1366 vcl
512 1328 563 1367 ad
588 1327 706 1378 iram,
728 1337 801 1368 aut
830 1327 882 1367 ad
916 1327 1075 1376 odium,
1098 1337 1171 1367 aut
1199 1326 1388 1367 dolorem
1418 1326 1660 1378 incitandis,
1683 1327 1749 1368 vel

323 1384 376 1425 ab
397 1384 511 1424 hisce
534 1385 680 1425 iisdem
706 1384 1043 1440 permotionibus
1065 1383 1116 1424 ad
1142 1384 1371 1434 lenitatem,
1394 1384 1749 1425 misericmdiam-

321 1455 403 1495 que
441 1442 716 1483 revocandis?
745 1444 853 1496 4¹qu
859 1455 942 1492 ne
966 1455 1043 1481 n1s1
1074 1440 1146 1495 qui
1178 1448 1346 1481 naturas
1380 1441 1618 1491 hominum,
1641 1441 1749 1482 vim-

321 1512 402 1552 que
425 1513 493 1538 om
502 1513 594 1539 ¹iem
620 1500 732 1539 hum·
725 1499 911 1548 initam,
933 1512 1165 1561 causasque
1186 1512 1271 1547 eaS,
1292 1497 1446 1552 quibus
1482 1507 1644 1539 mentes
1673 1507 1747 1539 aut

322 1555 567 1606 incitantur,
603 1566 677 1596 aut
709 1530 998 1605 reflectuiitui,
1037 1555 1205 1611 penitus
1239 1554 1516 1611 perspexerit,
1549 1555 1747 1606 dicendo,

260 1625 309 1658 54
323 1612 434 1666 quod
471 1613 595 1662 volet,
631 1612 830 1668 perficere
865 1627 948 1653 non
982 1612 1155 1667 poterit.
1213 1611 1347 1666 Atqui
1383 1621 1496 1652 totus
1530 1611 1599 1652 hic
1630 1612 1747 1653 locus

320 1669 670 1725 philosophorum
697 1670 891 1725 proprius
915 1669 1104 1710 videtui:
1137 1682 1273 1723 neque
1295 1677 1451 1732 orator,
1473 1682 1541 1708 me
1559 1678 1748 1721 auctore,

319 1740 519 1781 umquam
565 1727 843 1790 repugnabit:
886 1726 1111 1776 sed,cu1n
1154 1726 1234 1766 illis
1275 1726 1568 1782 cognitionem
1610 1740 1749 1768 rerum

318 1784 589 1834 concesserit,
612 1784 726 1848 quod
756 1798 798 1824 1n
828 1798 877 1824 ea
905 1783 1040 1824 solum
1069 1782 1127 1823 illi
1152 1782 1363 1823 voluerint
1395 1783 1632 1834 elaborar;e
1664 1795 1750 1824 tra-

317 1841 551 1882 ctationem
574 1841 794 1905 orationis,
815 1856 911 1896 quae
935 1840 1025 1881 sine
1052 1840 1122 1880 illa
1143 1840 1323 1881 scientia
1345 1840 1458 1880 nulla
1477 1849 1557 1890 est,
1579 1815 1660 1881 sibi
1682 1855 1749 1881 as-

320 1908 482 1940 sumet:
516 1898 597 1939 hoc
631 1898 745 1939 enim
777 1909 842 1938 est
873 1898 1093 1955 proprium
1131 1897 1326 1948 oratoris,
1359 1897 1474 1952 quod
1510 1911 1624 1952 saepe
1653 1896 1749 1952 jam

320 1954 428 2006 dixi,
449 1970 497 1996 or
501 1956 587 1996 ·1tio
610 1955 765 2011 gravis,
787 1964 831 1996 et
850 1964 1015 2006 ornata,
1037 1964 1080 1995 et
1101 1953 1325 1995 hominum
1347 1954 1539 1994 sensibus
1561 1968 1610 1995 ac
1629 1968 1749 1996 men-

241 2013 306 2060 13
323 2012 435 2053 tibus
458 2013 797 2053 accommodata,
859 2012 1028 2058 Quibus
1050 2012 1102 2052 de
1124 2012 1249 2052 1ebus
1277 2010 1551 2052 Aristotelem
1573 2019 1617 2051 et
1637 2009 1751 2052 The-

257 2085 306 2118 55
321 2068 570 2132 ophrastum
600 2070 818 2125 scripsisse
852 2068 1003 2110 fateor.
1063 2069 1146 2109 Sed
1180 2068 1290 2119 vide,
1326 2082 1378 2108 ne
1409 2068 1504 2117 hoc,
1538 2067 1748 2118 Scaevola,

319 2135 457 2167 totum
480 2127 535 2166 sit
557 2141 581 2166 a
603 2140 683 2167 me.
715 2140 814 2166 nam
849 2140 945 2181 ego,
967 2140 1063 2181 quae
1093 2134 1191 2166 sunt
1220 2126 1377 2166 oratori
1408 2138 1506 2166 cum
1529 2123 1609 2164 illis
1629 2139 1749 2165 com-

315 2184 476 2233 munia,
509 2197 592 2223 non
628 2192 799 2224 mutuoi
820 2184 874 2224 ab
875 2160 1001 2224 Oillis:
1035 2183 1104 2223 isti
1134 2197 1230 2237 quae
1261 2183 1312 2222 de
1347 2181 1410 2222 his
1444 2181 1568 2221 rebus
1600 2181 1747 2238 dispu-

315 2248 422 2290 tant,
454 2250 668 2281 oratorum
692 2254 782 2281 esse
804 2240 1059 2280 concedunt.
1121 2239 1272 2294 Itaque
1293 2247 1457 2280 ceteros
1479 2238 1623 2289 libros,
1645 2239 1748 2280 artis

313 2296 383 2337 isti
406 2311 492 2338 suae
516 2298 703 2349 nomine,
728 2298 803 2338 hos
832 2297 1067 2338 rhetoricos
1089 2306 1132 2337 et
1161 2296 1414 2348 inscribunt,
1444 2305 1487 2336 et
1515 2295 1746 2352 appellant.

353 2455 394 2487 39
416 2451 595 2494 Afferant]
642 2454 694 2484 Sic
716 2455 784 2486 sine
799 2453 1006 2484 haesitatione
1049 2454 1077 2485 si
1091 2454 1135 2484 id.
1165 2454 1228 2485 Ms.
1245 2454 1282 2484 E.
1297 2458 1408 2484 orator
1427 2454 1462 2483 id
1483 2453 1523 2483 si.
1565 2452 1746 2492 Vulgatum

311 2495 394 2526 edidi
410 2506 467 2535 pro
482 2495 647 2536 cgfferutzt3
670 2497 756 2536 quod
768 2503 817 2526 est
831 2502 946 2527 contra
963 2497 1008 2526 la·
1050 2501 1100 2526 est
1114 2497 1156 2527 ab
1171 2497 1266 2533 Aldu,
1282 2496 1376 2535 idque
1391 2494 1556 2528 Ciceronis
1570 2500 1747 2526 consuetu-

310 2537 489 2568 tinitatem.
533 2539 586 2568 Sic
609 2539 642 2568 in
663 2539 873 2577 sequentibus
887 2544 935 2569 est
951 2539 1009 2569 ali·
1051 2538 1119 2569 dini
1135 2540 1238 2578 magis
1252 2538 1428 2568 consentit.

311 2578 449 2618 quoties.
494 2579 659 2610 Librarios
674 2581 801 2621 decepit
821 2581 1007 2621 compendi-
1090 2583 1126 2611 41
1155 2581 1251 2621 Qum,
1279 2580 1341 2610 nisi
1364 2580 1420 2619 qui
1447 2578 1521 2618 δια]
1566 2578 1748 2610 Lambinus

311 2621 380 2651 aria
393 2622 565 2662 scriptura,
581 2623 684 2661 qualis
698 2629 747 2653 est
770 2624 804 2653 in
819 2622 890 2653 MS.
905 2623 942 2653 E.
957 2623 1008 2663 af·
1051 2623 1187 2652 correxit
1200 2632 1317 2662 quare.-
1333 2622 1427 2657 bene,
1438 2626 1475 2651 ut
1485 2621 1636 2651 arbitror.
1659 2621 1748 2652 Nam

300 2662 382 2702 fer‘.
400 2662 481 2693 Edd.
497 2673 545 2703 p.1·
559 2663 613 2694 hic
625 2665 714 2694 valde
726 2666 897 2696 fluctuant.
921 2666 1009 2696 Nam
1052 2665 1086 2694 in
1096 2664 1231 2703 vulgato
1242 2664 1340 2700 infra,
1352 2664 1436 2703 quod
1448 2664 1541 2699 volet,
1555 2663 1663 2693 locum
1678 2672 1746 2694 non

311 2705 361 2735 ed.
378 2714 403 2735 s.
419 2705 440 2735 1.
454 2710 530 2735 eta.
546 2706 590 2736 sic
607 2706 720 2736 habet:
741 2707 860 2746 quodi.
873 2717 901 2747 q.
921 2707 946 2737 b.
962 2708 1009 2737 di·
1053 2706 1199 2743 haberet,
1222 2705 1277 2735 sed
1303 2705 1435 2736 deberet
1460 2714 1529 2736 esse
1551 2714 1590 2735 ea
1616 2705 1750 2736 dicendo

311 2749 586 2788 cunt,prnprwm
606 2750 1007 2787 ιᾚοιημοςὶεαηιομ-ᾰὶεήη-
1045 2748 1132 2788 persi
1156 2758 1189 2778 n.
1210 2757 1246 2788 p.
1270 2747 1396 2778 Vitium
1419 2752 1530 2777 ortum
1556 2751 1606 2777 est
1631 2756 1670 2776 ex
1694 2756 1747 2785 eo,

311 2794 400 2820 ‘'²⁰⁷¹''
435 2789 562 2820 'labent-
599 2790 683 2829 qu⁰d
711 2797 892 2830 Sequuntur
919 2791 1006 2822 Med·
1050 2799 1179 2838 quodin
1191 2800 1268 2830 Mss.
1280 2808 1475 2839 quaresaepe
1487 2798 1752 2837 scribiturquaet

311 2831 387 2862 Asc
405 2829 467 2871 Lip
470 2841 495 2861 S·
1050 2842 1230 2872 utinfrac.
1250 2843 1300 2874 38.
1321 2841 1354 2872 in
1374 2841 1438 2873 Ms.
1459 2840 1499 2872 E.
1542 2841 1583 2872 In
1604 2840 1676 2872 edd.
1697 2849 1751 2881 pr

353 2876 395 2904 40
418 2873 461 2904 ld
475 2877 584 2905 orator
601 2872 674 2914 ἃς]
719 2873 802 2906 Edd.
819 2884 868 2915 pr.
885 2879 1006 2914 orator,
1050 2883 1117 2915 fere
1130 2888 1181 2915 est
1194 2893 1265 2925 que.
