1945 3235
538 146 726 184 LIBER
751 144 1078 184 SECUNDUS.
1455 147 1531 182 369

89 245 242 302 Neque
264 257 408 292 tamen
428 251 498 293 illa
519 266 605 292 non
628 259 798 300 ornant,
819 250 954 291 habiti
979 249 1178 298 honores,
1199 248 1372 290 decreta
1392 248 1526 289 virtu·
1538 249 1616 289 347

86 303 142 362 tis
173 310 363 361 praemia,
398 323 462 350 res
496 318 645 365 gestae,
672 307 852 363 judiciis
878 307 1102 347 hominum
1129 308 1450 360 comprobatae:
1483 306 1528 346 in

85 361 243 415 quibus
266 367 393 406 etiam
420 366 669 407 felicitatem
699 366 851 421 ipsam,
880 364 1057 404 deorum
1085 362 1391 403 immortalium
1408 362 1530 417 judi-

87 418 157 459 cio
182 421 327 473 tribui,
349 423 606 464 laudationis
628 432 707 463 est.
768 421 997 462 Sumendae
1031 430 1176 460 autem
1210 434 1274 460 res
1308 430 1433 460 erunt
1455 430 1530 459 aut

88 478 388 532 magnitudine
425 480 704 536 praestabiles,
737 487 812 520 aut
846 479 1037 519 novitate
1066 478 1232 533 primae,
1266 486 1341 516 aut
1373 490 1531 532 genere

87 533 183 588 ipso
218 537 468 593 singulares.
499 551 636 592 neque
667 536 782 577 enim
818 550 976 591 parvae,
1000 548 1140 589 neque
1168 534 1356 583 usitatae,
1390 547 1530 587 neque

87 591 298 648 vulgareS,
328 594 625 644 admiratione,
649 603 724 634 aut
746 594 925 633 omnino
957 593 1082 633 laude
1110 592 1256 646 dignae
1291 590 1422 631 videri
1459 604 1527 631 so-

85 647 189 690 lent.
251 650 327 691 Est
348 652 478 692 etiam
504 665 602 691 cum
624 651 777 691 ceteris
809 650 1115 706 praestantibus
1138 648 1239 688 viris
1260 647 1528 703 comparatio
1539 655 1616 690 348

85 705 401 759 inlaudatione
434 708 653 764 praeclara.
715 708 783 749 De
815 723 900 762 quo
935 721 1091 763 genere
1123 705 1296 747 libitum
1327 714 1392 745 est
1421 704 1529 745 mihi

89 764 232 818 paullo
269 764 403 821 plura,
439 780 568 821 quam
611 765 897 815 ostenderam,
926 765 1084 814 dicere,
1116 778 1204 804 non
1237 773 1326 803 tam
1357 772 1532 818 propter

90 835 213 862 usum
236 821 464 874 forensem,
486 823 559 878 qui
583 832 647 864 est
669 839 694 863 a
716 837 783 863 me
815 823 857 863 in
880 822 998 864 omni
1030 822 1114 862 hoc
1148 834 1344 861 sermone
1373 829 1532 860 tracta-

89 886 173 930 tus,
193 892 323 934 quam
344 890 390 920 ut
419 880 503 921 hoc
527 881 742 931 videretis,
775 880 807 920 si
831 880 1098 921 laudationes
1119 886 1261 919 essent
1282 878 1328 918 in
1349 877 1532 918 oratoris

87 935 249 988 officio,
271 937 386 992 quod
409 952 536 979 nemo
560 947 705 994 negat,
728 937 888 978 oratori
919 938 1128 978 virtutum
1162 935 1357 976 omnium
1379 935 1531 991 cogni-

89 993 266 1044 tionem,
290 994 381 1035 sine
398 1010 482 1051 qua
503 995 693 1036 laudatio
716 995 829 1036 effici
847 1009 930 1035 non
952 995 1103 1050 possit,
1122 1008 1212 1034 esse
1232 992 1530 1034 necessariam.

87 1048 188 1091 Jam
213 1051 483 1108 vituperandi
507 1063 727 1109 praecepta
743 1052 968 1093 contrariis
991 1067 1046 1092 ex
1063 1051 1180 1092 vitiis
1197 1050 1405 1091 sumenda
1424 1064 1530 1100 esse,
1541 1063 1621 1098 349

90 1109 363 1164 perspicuum
388 1119 466 1151 est.
491 1110 617 1151 simul
647 1122 712 1151 est
740 1109 841 1150 illud
867 1119 967 1150 ante
995 1109 1158 1159 oeulos,
1180 1123 1259 1149 nec
1285 1109 1446 1148 bonum
1468 1108 1531 1148 vi-

87 1178 183 1206 rum
205 1169 245 1200 97
261 1167 433 1223 proprie
454 1177 498 1208 et
519 1168 694 1224 copiose
712 1167 890 1217 laudari,
912 1167 1002 1207 sine
1026 1167 1250 1216 virtutum,
1273 1179 1352 1206 nec
1375 1165 1536 1220 impro-

90 1221 194 1263 bum
220 1226 357 1265 notari
380 1240 430 1266 ac
455 1225 701 1281 vituperari,
721 1225 811 1265 sine
833 1225 1034 1264 vitiorum
1057 1223 1324 1279 cognitione,
1347 1222 1449 1262 satis
1473 1222 1537 1262 iu-

91 1279 250 1336 signite
267 1291 396 1337 atque
414 1296 562 1339 aspere
585 1297 722 1339 posse.
754 1281 900 1337 Atque
924 1282 988 1322 his
1007 1281 1112 1322 locis
1131 1291 1174 1320 et
1189 1279 1390 1321 laudandi
1414 1290 1456 1320 et
1475 1280 1538 1320 vi·-

90 1339 316 1393 tuperandi
337 1354 453 1396 saepe
472 1341 596 1381 nobis
613 1349 677 1380 est
697 1339 901 1380 utendum
922 1339 965 1379 iu
982 1339 1098 1379 omni
1120 1352 1276 1394 genere
1295 1351 1536 1378 causarum.

150 1393 350 1448 Habetis,
373 1397 425 1438 de
451 1397 720 1438 inveniendis
753 1397 894 1447 rebus,
925 1395 1289 1452 disponendisque
1312 1394 1414 1450 quid
1439 1409 1534 1435 sen·
1545 1398 1624 1433 350

91 1450 212 1493 tiam.
242 1453 478 1511 adjungam
511 1455 641 1495 etiam
671 1454 724 1496 de
753 1454 976 1505 memoria,
1010 1463 1057 1494 ut
1082 1452 1226 1493 labore
1249 1452 1452 1494 Crassum
1476 1451 1533 1492 le-

91 1523 201 1561 vem,
223 1525 363 1567 neque
384 1511 422 1552 ei
454 1512 692 1567 quidquam
722 1511 851 1562 aliud,
883 1512 936 1552 de
957 1526 1044 1566 quo
1066 1510 1259 1561 disserat,
1281 1509 1534 1564 relinquam,

89 1566 171 1606 nisi
194 1581 258 1619 ea,
280 1569 437 1625 quibus
466 1570 560 1611 haec
586 1579 864 1610 exornentur.
929 1568 1066 1624 Perge
1096 1582 1213 1619 vero,
1244 1567 1385 1623 inquit
1408 1565 1535 1608 Cras-
1549 1553 1622 1608 86

92 1638 176 1664 sus.
200 1625 383 1667 libenter
403 1627 519 1667 enim
543 1637 584 1667 te
605 1627 829 1683 cognitum
844 1625 938 1680 jam
962 1625 1187 1676 artificem,
1217 1625 1534 1680 aliquandoque
1546 1639 1579 1669 p·
1600 1630 1669 1659 141·

92 1681 311 1724 evolutum
337 1684 418 1725 illis
452 1684 762 1740 integumentis
791 1683 1145 1725 dissimulationis
1179 1692 1282 1733 tuae,
1305 1681 1576 1723 nudatum-³·

90 1753 175 1794 que
198 1741 438 1797 perspicio:
470 1751 514 1782 et
531 1741 647 1797 quod
664 1741 769 1782 mihi
790 1741 913 1791 nihil,
935 1751 1010 1784 aut
1027 1740 1143 1795 quod
1163 1755 1250 1780 non
1269 1739 1453 1780 multum
1472 1754 1536 1780 re-

93 1795 267 1852 linquis,
290 1799 594 1854 percommode
617 1798 738 1850 facis,
760 1808 909 1854 estque
928 1798 1034 1838 mihi
1058 1807 1243 1854 gratum.
1302 1797 1403 1839 Jam
1425 1797 1536 1838 istuc
1547 1805 1621 1840 351

93 1863 304 1908 quantum
337 1856 418 1897 tibi
451 1871 534 1912 ego
565 1856 824 1911 reliquerim,
856 1856 997 1911 inquit
1026 1855 1258 1905 Antonius,
1286 1855 1367 1895 erit
1393 1855 1435 1896 in
1465 1866 1539 1895 tua

93 1920 324 1966 potestate.
371 1913 416 1955 Si
438 1914 554 1954 enim
578 1928 674 1954 vere
696 1928 823 1970 agere
845 1913 1044 1962 volueris,
1063 1913 1209 1953 omnia
1228 1913 1306 1952 tibi
1330 1912 1538 1968 relinquo.

93 1968 157 2009 sin
188 1970 471 2021 dissimulare,
507 1981 553 2011 tu
585 1971 950 2026 quemadmodum
985 1970 1050 2011 bis
1081 1970 1334 2019 satisfacias,
1370 1970 1540 2011 videris.

95 2025 195 2077 Sed,
219 2039 266 2068 ut
297 2028 350 2069 ad
383 2043 469 2069 rem
504 2029 689 2078 redeam,
712 2043 798 2069 non
832 2043 922 2069 sum
958 2037 1079 2068 tanto
1102 2041 1199 2082 ego,
1229 2027 1385 2082 inquit,
1420 2028 1540 2083 inge-

93 2084 183 2134 nio,
215 2095 378 2140 quanto
413 2085 726 2127 Themistocles
759 2085 855 2136 fuit,
882 2094 930 2126 ut
963 2085 1193 2135 oblivionis
1229 2094 1380 2132 artem,
1412 2099 1542 2140 quam

94 2143 331 2199 memoriae,
373 2143 544 2185 malim:
578 2143 848 2199 gratiamque
891 2143 1029 2183 liabeo
1074 2142 1287 2183 Simonidi
1330 2142 1390 2183 illi
1434 2141 1541 2193 Ceo,

94 2212 222 2252 quem
258 2201 444 2256 primum
477 2200 621 2242 ferunt
652 2211 788 2241 artem
821 2201 1040 2241 memoriae
1072 2199 1313 2255 protulisse.
1377 2199 1629 2244 Dicunt35‘2

95 2256 226 2307 enim,
248 2272 346 2298 cum
370 2268 566 2299 coenaret
590 2257 820 2298 Crannone
843 2258 886 2298 in
917 2256 1139 2298 Thessalia
1160 2257 1410 2298 Simonides
1427 2257 1541 2313 apud

98 2311 302 2369 Scopam,
325 2314 593 2356 fortunatum
614 2315 850 2366 hominem,
871 2326 913 2356 et
936 2315 1141 2365 nobilem,
1164 2315 1477 2370 cecinissetque
1501 2315 1543 2355 id

96 2383 285 2422 carmen,
323 2372 438 2428 quod
480 2373 523 2414 in
561 2387 659 2413 eum
693 2372 949 2428 scripsisset,
988 2373 1030 2412 in
1069 2387 1156 2427 quo
1195 2372 1329 2413 multa
1362 2372 1562 2413 ornandt

96 2440 239 2479 causa,
272 2430 497 2485 poetarum
538 2444 669 2480 more,
704 2430 747 2470 in
783 2429 1009 2471 Castorem
1050 2430 1210 2485 scripta
1242 2439 1287 2470 et
1323 2429 1543 2470 Pollucem

99 2482 294 2538 fuissent,
318 2488 445 2528 nimis
470 2487 588 2528 illum
611 2487 781 2528 sordide
806 2487 1019 2528 Simonidi
1043 2487 1220 2536 dixisse,
1251 2501 1295 2527 se
1316 2487 1544 2527 dimidium

97 2541 192 2595 ejus
212 2544 268 2594 ei,
289 2546 404 2600 quod
430 2555 580 2601 pactus
602 2554 728 2595 esset,
751 2559 829 2601 pro
862 2544 934 2585 illo
969 2544 1172 2595 carmine,
1195 2543 1418 2596 daturum3
1450 2543 1546 2585 reli-

98 2613 232 2653 quum
255 2616 280 2641 a
300 2603 386 2643 suis
404 2601 679 2658 TyndaridiS,
701 2617 809 2656 quos
841 2616 964 2656 aeque
987 2601 1214 2651 laudasset,
1237 2612 1417 2658 peteret,
1450 2602 1482 2642 si
1506 2601 1545 2642 ei

99 2655 328 2700 videretur.
391 2659 541 2700 Paullo
564 2669 662 2716 post
694 2673 786 2700 esse
818 2658 962 2699 ferunt
983 2659 1228 2699 nuntiatum
1250 2659 1478 2710 Simonidi,
1501 2668 1634 2705 ut358

101 2714 312 2768 prodiret:
337 2716 521 2772 juvenes
546 2728 658 2758 stare
682 2717 734 2758 ad
758 2717 939 2772 januam
969 2715 1076 2756 duos
1104 2716 1330 2771 quosdam,
1352 2717 1426 2772 qui
1449 2731 1547 2758 eum

140 2857 181 2889 97
188 2857 324 2895 proprie
339 2857 487 2897 laudari]
503 2858 523 2888 i.
537 2869 565 2888 e.
581 2858 660 2892 satis
675 2867 804 2888 accom-
848 2861 880 2887 et
897 2855 938 2887 ab
953 2857 1110 2897 improbae.
1125 2857 1265 2888 discerni
1280 2859 1396 2899 possit,
1419 2862 1457 2888 ut
1478 2862 1552 2897 post

99 2898 233 2928 modate
251 2897 292 2928 ad
306 2900 374 2938 ejus
400 2908 586 2939 personam,
610 2905 649 2932 ut
671 2900 804 2941 agnosci
841 2900 1005 2982 ἐηξῷςηίἰε
1018 2900 1215 2941 vituperari.

159 2955 182 2979 V
191 2954 218 2980 O
228 2954 266 2981 L.
293 2955 306 2982 1
318 2972 325 2980 .
786 2957 814 2983 B
