1945 3235
363 157 440 193 486
948 160 1235 200 BRUTUS.

361 258 450 300 lato
471 260 653 314 ambitu,
674 263 824 305 consul
847 263 987 307 factus
1010 274 1121 307 esset
1136 267 1166 314 2)
1199 263 1292 321 plus
1323 260 1542 303 facultatis
1573 260 1729 303 habuit
1759 259 1815 325 ad

362 316 608 370 dicendum,
631 335 759 376 quam
784 322 1032 364 voluntatis.
1095 322 1248 377 Itaque
1280 319 1422 361 studio
1445 319 1547 361 huie
1569 333 1656 360 non
1690 327 1814 383 sati-s-

364 373 493 419 fecit:
526 377 671 420 officio
706 393 805 421 vero
839 383 970 422 59nec
1005 383 1048 422 in
1083 394 1258 421 suorum
1291 377 1628 419 necessariorum
1659 390 1814 441 cau-Sis,

275 445 445 480 24finec
477 434 519 475 in
560 437 771 477 sententia
807 439 1022 480 senatoria
1059 437 1212 479 defuit.
1274 434 1418 476 Etiam
1462 433 1814 498 M.·Pont1dius,

365 491 589 549 municeps
621 504 780 545 noster,
805 494 959 536 multas
992 497 1179 551 privatas
1202 508 1351 536 causas
1383 491 1597 556 actitavit,
1620 491 1814 532 celeriter

364 562 466 589 sane
499 551 627 591 verba
661 551 849 602 volvens,
884 566 961 593 nec
995 554 1125 594 hebes
1161 553 1201 593 in
1239 551 1393 601 causis,
1427 549 1492 590 vel
1528 549 1685 601 dlcam,
1719 547 1814 605 plus

360 606 490 660 etiam
527 623 655 663 quam
690 623 777 650 non
815 609 961 660 hebes,
1001 610 1073 651 sed
1112 609 1394 651 effervescens
1427 607 1470 648 in
1505 606 1689 648 dicendo
1726 614 1815 647 sto*

359 663 516 704 macho
539 680 654 722 saepe
677 665 985 722 iracundiaque
1008 667 1329 708 vehementius:
1362 674 1410 706 ut
1432 678 1640 728 non-cuin
1665 662 1816 728 adver-

362 721 473 761 sario
508 721 661 774 solum,
695 724 768 765 sed
801 724 932 765 etiam
962 725 1096 780 (quod
1133 724 1347 773 mirabile)
1380 738 1480 764 cum
1512 722 1663 777 judice
1702 735 1815 777 ipso,

363 777 431 833 cuj
442 793 487 818 us
512 779 714 821 delinitor
738 796 829 822 esse
859 783 989 823 debet
1022 790 1181 832 orator,
1207 781 1357 837 jurgio
1381 794 1495 837 saepe
1519 778 1815 821 contenderet.

318 849 350 881 b,
366 834 434 876 M.
459 834 664 879 Messalla
694 839 834 881 minor
865 851 983 892 natu,
1005 854 1136 895 quam
1167 854 1259 889 nOS,
1281 836 1400 879 nullo
1421 836 1550 877 modo
1573 836 1714 898 inops,
1741 835 1816 900 sed

363 907 449 935 non
483 894 610 935 nimis
635 906 809 943 ornatus
841 912 997 953 genere
1029 897 1285 938 verborum:
1318 894 1520 957 prudens,
1546 903 1712 945 acutus,
1734 908 1816 934 mi-

362 950 478 1005 nime
510 951 722 1005 incautus,
746 963 952 1011 patronus
984 955 1028 995 in
1051 954 1190 996 causis
1213 950 1527 1009 cognoscendls
1549 965 1815 1008 componen-

362 1007 513 1063 disque
544 1009 743 1067 diligens,
765 1013 913 1068 magni
946 1012 1119 1063 laboris,
1144 1011 1292 1052 multae
1315 1024 1474 1067 operas,
1498 1007 1815 1074 multarumque

273 1073 349 1112 247
363 1080 602 1111 causarum.
666 1066 767 1111 Duo
789 1071 919 1121 etiam
953 1069 1139 1120 Metelli,
1163 1069 1289 1110 Celer
1314 1077 1358 1108 et
1390 1066 1554 1122 Nepos,
1576 1065 1618 1096 60
1631 1065 1738 1106 nihil
1768 1080 1813 1108 m
1837 1127 1841 1130 ῃ

361 1124 501 1165 causis
530 1126 698 1176 versati,
720 1141 800 1168 nec
823 1127 914 1169 sine
946 1127 1138 1183 ingenio,
1161 1141 1240 1168 nee
1271 1124 1453 1175 indocti,
1477 1123 1560 1164 hoc
1583 1132 1706 1164 erant
1735 1137 1816 1180 po-

394 1181 509 1222 ulare
530 1182 701 1228 dicendi
725 1199 861 1241 genus
892 1186 1091 1226 assecuti.
1153 1183 1205 1225 C.
1229 1193 1374 1225 autem
1399 1180 1604 1223 Lentulus
1625 1180 1815 1222 Marcel-

360 1195 488 1290 linus,
517 1254 597 1281 nec
633 1256 821 1297 unquam
852 1243 1097 1293 indisertus,
1119 1250 1163 1283 et
1196 1241 1239 1283 in
1270 1239 1496 1282 consulatu
1531 1237 1813 1303 pereloquens

361 1297 477 1340 visus
499 1307 578 1348 est,
602 1313 686 1339 non
712 1301 856 1341 tardus
888 1300 1128 1350 sententiis,
1159 1314 1246 1340 non
1279 1299 1404 1354 inops
1427 1296 1584 1348 verbm,
1609 1310 1714 1360 voce
1744 1310 1816 1360 oa-

360 1368 481 1404 nora,
508 1354 673 1396 facetus
703 1357 820 1398 satis.
884 1357 935 1399 C.
961 1357 1214 1408 Memmius,
1240 1357 1289 1397 L.
1312 1356 1361 1397 F.
1393 1353 1610 1411 perfectus
1644 1353 1814 1411 litteris„

360 1411 443 1452 sed'
469 1411 664 1465 Graeei53
697 1413 944 1456 fastidiosus
981 1429 1082 1456 sane
1118 1414 1397 1456 Latinarum:
1441 1420 1620 1476 argutus
1653 1419 1814 1463 orator,

361 1469 589 1525 verbisque
627 1471 779 1522 dulcis,
819 1472 891 1513 sed
930 1471 1102 1528 fugiens
1144 1487 1231 1512 non
1270 1470 1401 1511 modo
1440 1468 1628 1518 dicendi,
1664 1482 1812 1533 veru-m

359 1526 490 1567 etiarn
513 1528 736 1583 cogitandi
770 1529 974 1580 laborem,
998 1539 1166 1571 tantum
1200 1528 1283 1569 sibi
1305 1528 1357 1569 de
1379 1525 1586 1568 facultate
1607 1526 1814 1578 detraxit,

363 1593 575 1639 quantum
597 1585 817 1627 imminuit
839 1587 1079 1628 industriae.
1512 1640 1520 1648 ⁸
1614 1641 1622 1649 ¹

279 1645 346 1698 71
423 1640 524 1683 Hoc
546 1642 642 1687 loco
666 1643 842 1696 Brutus,
866 1645 1010 1695 Quam
1033 1643 1200 1695 vellem,
1222 1643 1379 1700 inquit,
1401 1640 1454 1683 de
1477 1640 1545 1682 hls
1567 1649 1698 1706 etlam
1719 1655 1816 1706 ora-

274 1702 351 1751 2‘43
365 1698 546 1751 toribus,
576 1700 651 1755 qui
684 1701 812 1743 hodie
845 1711 959 1753 sunt,
989 1702 1071 1743 tibi
1103 1701 1244 1743 dicere
1278 1701 1458 1742 luberet.
1491 1708 1549 1763 et,
1570 1713 1604 1744 si
1635 1699 1688 1739 de
1719 1698 1814 1740 alus

363 1752 521 1808 minus,
544 1758 596 1797 de
618 1757 788 1800 duobus
812 1769 970 1812 tamen,
992 1775 1100 1816 quos
1125 1774 1149 1800 a
1171 1769 1214 1799 te
1245 1758 1334 1799 scio
1355 1756 1518 1798 laudari
1542 1755 1690 1807 solere,
1715 1755 1815 1822 Caet

363 1828 456 1860 sare
477 1824 520 1855 et
544 1814 771 1868 Marcello,
794 1817 986 1858 audirem
1008 1832 1094 1858 non
1118 1816 1260 1858 minus
1283 1815 1494 1873 lubenter,
1516 1827 1646 1869 quam
1668 1813 1814 1857 aud1V1

360 1871 414 1912 de
447 1871 512 1922 iis,
546 1873 619 1927 qui
654 1872 843 1927 fuerunt.
905 1875 995 1916 Cur
1028 1874 1217 1925 tandem,
1253 1873 1457 1929 inquam?
1488 1886 1541 1913 an
1571 1878 1814 1936 exspectas,

360 1929 463 1984 quid
487 1930 782 1986 egojudicem
805 1933 857 1973 de
882 1932 990 1983 istis,
1012 1933 1084 1988 qui
1113 1933 1192 1973 tibi
1217 1941 1317 1972 sunt
1341 1943 1463 1985 aeque
1485 1928 1578 1970 noti
1601 1943 1651 1969 ae
1672 1927 1778 1969 m1h1
1798 1929 1814 1971 ?

360 1983 480 2029 Mihi
511 1988 770 2040 mehercule,
802 1990 958 2046 inquit,
990 1989 1224 2031 Marcellus
1256 1988 1357 2029 satis
1386 1997 1451 2028 est
1480 1996 1634 2038 notus;
1667 1984 1816 2050 Caesar

361 2052 505 2085 autem
530 2060 695 2101 parum.
720 2047 840 2088 illum
861 2048 977 2090 enim
1010 2062 1124 2103 saepe
1147 2046 1292 2088 audivi
1313 2062 1321 2088 :
1354 2044 1441 2094 hic,
1464 2058 1564 2085 cum
1585 2057 1668 2107 ego
1691 2043 1814 2106 judi-

274 2117 351 2153 249
363 2102 569 2157 carejam
601 2102 762 2159 aliquid
787 2120 971 2161 possem,
993 2104 1148 2147 abfuit.
1206 2105 1243 2135 61
1262 2103 1380 2150 Quid
1413 2100 1627 2165 igitur-de
1652 2099 1724 2141 1llo
1738 2114 1814 2155 Ju—

285 2162 287 2164 ’
315 2164 318 2165 ’
362 2158 636 2214 dicas‚quem
661 2176 776 2218 saepe
797 2163 952 2204 audisti
971 2166 982 2205 ?
1015 2162 1134 2210 Quid
1153 2175 1316 2211 censes,
1339 2160 1598 2224 inquit‚'n1s1
1617 2157 1676 2208 id,
1695 2157 1812 2222 quod

361 2215 587 2257 habiturus
609 2232 652 2258 es
676 2219 859 2260 similem
883 2216 975 2261 tui?
1008 2219 1088 2261 Nae
1113 2234 1211 2276 ego,
1229 2219 1420 2272 inquam,
1444 2217 1477 2257 si
1500 2224 1562 2256 lta
1581 2224 1660 2280 est,
1686 2215 1814 2278 Yellm

360 2273 440 2314 tibi
464 2288 562 2314 eum
584 2274 749 2330 placere
771 2292 900 2332 quam
924 2277 1126 2318 maxime.
1182 2275 1316 2330 Atqui
1339 2283 1383 2315 et
1405 2275 1466 2315 ita
1487 2279 1565 2324 es't,
1590 2281 1746 2337 inquit,
1768 2280 1813 2314 et

359 2330 637 2377 vehementer
660 2333 824 2390 placet:
858 2349 937 2376 nec
960 2349 1059 2376 vero
1083 2335 1175 2381 sine
1198 2347 1342 2375 causa.
1375 2346 1473 2372 nam
1496 2340 1540 2372 et
1561 2330 1730 2381 dldlcit,
1751 2338 1811 2381 et,

403 2459 443 2491 59
478 2467 536 2487 nec
569 2459 605 2488 2'22
639 2469 774 2490 suorum
809 2461 1065 2491 necessariorum

359 2499 481 2538 musis]
506 2500 682 2531 Redundat
709 2511 854 2532 suorum.
898 2503 1001 2538 Alibi,
1027 2507 1066 2534 ut

360 2540 457 2571 Arch.
473 2542 504 2572 6.
519 2542 599 2573 dicit
619 2545 770 2583 pericula
786 2546 981 2582 amicorum,
998 2554 1065 2576 non

360 2592 527 2617 meorum;
552 2585 608 2615 sed
638 2586 786 2618 additum
809 2592 860 2617 est
883 2588 1020 2618 fortasse
1046 2598 1065 2619 a

361 2625 531 2662 cicerone,
548 2633 586 2656 ut
602 2628 750 2660 membra
766 2629 905 2668 aequalia
927 2630 1062 2667 faceret,

359 2671 398 2697 ut
414 2668 485 2698 aliis
501 2678 629 2707 quoque
645 2669 724 2700 locis
738 2671 864 2702 factum
881 2672 1063 2707 observavi-

360 2719 447 2740 mus.
492 2711 526 2741 Si
541 2712 611 2749 quis
624 2717 737 2743 tamen
752 2713 849 2743 malit
862 2714 981 2752 delere,
996 2724 1064 2744 non

361 2751 453 2788 valde
477 2762 674 2793 repugnem:
700 2764 777 2790 nam
794 2765 880 2795 saepe
903 2757 967 2787 ista
989 2766 1064 2796 pro-

360 2795 497 2825 nomina
511 2805 530 2826 a
551 2795 799 2834 glossatoribus,
818 2798 899 2828 item
921 2798 1062 2829 librariis

358 2840 393 2868 et
406 2838 644 2868 correctoribus
659 2838 770 2871 addita
781 2844 869 2876 sunt.

401 2879 442 2909 60
472 2881 558 2910 nihil
582 2880 618 2910 in
644 2882 752 2911 causis
775 2881 912 2922 versati]
948 2881 1063 2912 Rivius

358 2923 500 2962 conjecit
542 2932 607 2953 non
641 2924 738 2962 nihil,
782 2923 876 2965 idque
911 2925 1062 2966 probavit

1108 2458 1309 2489 Lambinus:
1333 2466 1452 2497 nempe
1472 2458 1608 2496 propter
1620 2453 1731 2490 verba,
1752 2463 1813 2486 nec

1108 2502 1176 2534 sine
1201 2502 1222 2533 τ’.
1248 2510 1306 2535 nec
1327 2498 1352 2531 z'.
1374 2500 1518 2530 Frustra.
1563 2495 1655 2526 Dicit
1681 2495 1811 2534 Cicero,

1107 2553 1162 2574 eos
1177 2554 1196 2575 a
1210 2543 1313 2574 causis
1329 2541 1463 2582 agendis
1477 2538 1686 2576 abstinuisse,
1701 2538 1811 2582 solum

1107 2584 1392 2616 ‹eoncionatorium
1428 2590 1530 2623 genus
1565 2586 1695 2611 secutos
1729 2590 1809 2611 esse.

1105 2628 1194 2669 quod
1208 2628 1243 2658 in
1264 2621 1436 2660 tribunatu
1458 2620 1629 2666 usurpavit
1643 2622 1755 2664 Nepos
1769 2622 1811 2664 ad

1105 2670 1291 2701 vexandum
1324 2668 1529 2700 Ciceronem.
1560 2676 1590 2696 v.
1624 2665 1733 2707 Epist.
1769 2664 1811 2703 ad

1107 2713 1183 2743 Div.
1198 2712 1241 2748 V,
1257 2715 1287 2742 2.

1148 2755 1185 2786 61
1211 2753 1307 2795 ‚Quid
1325 2753 1347 2783 i.
1372 2751 1411 2782 de
1428 2752 1484 2782 illo
1491 2749 1645 2793 judicas]
1669 2748 1735 2780 Hie
1755 2747 1811 2786 deq

1104 2801 1155 2827 est
1176 2798 1324 2836 inquam.
1352 2794 1416 2826 Sed
1430 2803 1528 2835 supra
1542 2794 1614 2834 jam
1634 2791 1736 2823 talem
1760 2791 1810 2831 ¹⁰7

1105 2849 1180 2870 cum
1218 2838 1419 2876 notavimus,
1445 2837 1481 2879 iu
1516 2833 1642 2879 quo‘id
1672 2833 1809 2878 verbum

1105 2882 1263 2913 omissum
1276 2886 1338 2926 est.
