1945 3235
724 124 1022 165 ORATOR.
1510 130 1586 165 563

142 241 245 273 nem
265 231 469 276 immuta:
502 232 570 274 fac
590 232 668 284 ric,
694 227 1082 288 Comprobavitfilii
1104 229 1334 272 temeritas:
1357 231 1453 287 jam
1475 230 1585 273 nihil

139 289 240 341 erit,
269 292 350 332 etsi
381 291 584 333 temeritas
604 305 659 332 ex
692 291 830 331 tribus
864 287 1081 337 brevibus,
1104 295 1148 327 et
1180 286 1310 342 longa
1332 298 1418 330 est:
1453 303 1581 344 quem

142 345 398 404 Aristoteles
420 359 469 390 ut
489 349 702 405 optimum
726 347 905 404 probat3
936 359 961 385 a
977 358 1063 399 quo
1084 343 1306 385 dissentio.
1349 345 1409 387 At
1431 347 1579 388 eadem
1590 344 1667 387 ⁴215

140 405 287 457 verba,
315 406 464 448 eadem
500 405 726 447 sententia.
748 403 892 445 animo
914 401 1027 442 istuc
1056 401 1158 442 satis
1179 408 1258 452 est,
1289 404 1461 444 auribus
1493 419 1581 446 non

139 463 259 504 satis.
320 464 403 505 Sed
421 464 465 505 id
481 463 670 505 crebrius
691 461 782 501 fieri
805 474 891 501 non
910 467 1098 515 oportet.
1159 458 1354 499 Primum
1367 461 1481 500 enim
1500 476 1581 502 nu-

137 531 282 561 merus
312 521 581 578 agnoscitur:
612 518 767 560 deinde
800 518 951 558 satiat:
984 526 1135 573 postea
1163 515 1343 572 cognita
1372 516 1580 560 facilitate

137 580 446 620 contemnitur.
506 577 590 618 Sed
615 584 716 618 sunt
747 575 948 617 clausulae
982 574 1139 631 plureS,
1161 588 1258 629 quae
1290 588 1518 615 numerose
1536 584 1577 617 et
1590 569 1662 625 64

130 632 329 689 jucunde
358 635 530 677 cadant.
560 648 660 675 nam
682 644 726 674 et
751 633 950 684 creticus,
973 632 1047 688 qui
1069 641 1134 673 est
1162 646 1185 673 e
1209 632 1354 688 longa,
1378 641 1421 672 et
1444 632 1578 684 brevi,

134 700 182 732 et
203 692 346 749 longa,
367 702 411 734 et
439 692 476 747 ej
487 706 531 733 us
566 691 742 748 aequalis
775 705 918 748 paeon,
947 690 1020 745 qui
1055 689 1195 746 spatio
1218 704 1294 745 par
1315 698 1394 741 est,
1415 689 1580 746 syllaba

134 747 331 806 longior:
357 764 486 805 quam
502 749 854 791 commodissime
876 756 1053 804 putatur
1075 748 1118 789 in
1139 747 1323 788 solutam
1338 749 1580 789 orationem

133 805 307 863 illigari,
330 822 430 849 cum
452 808 509 848 sit
529 807 704 864 duplex.
736 821 837 848 nam
863 815 938 847 aut
968 820 991 846 e
1024 805 1170 861 longa,
1192 814 1236 846 et
1269 805 1405 845 tribus
1440 806 1581 847 brevi·
1618 826 1622 832 ’

133 863 231 915 bus,
259 866 333 920 qui
361 879 563 906 numerus
592 866 637 906 in
663 865 803 921 primo
833 863 968 920 viget,
994 862 1116 919 jacet
1138 863 1182 903 in
1205 871 1427 905 extremo:
1460 874 1535 905 aut
1556 879 1581 905 e

131 921 318 964 totidem
340 923 558 975 brevibus,
585 933 629 964 et
649 923 793 980 longa,
814 921 860 962 in
882 935 1011 977 quem
1042 921 1207 977 optime
1228 920 1380 962 cadere
1401 931 1579 963 censent

130 988 324 1022 veteres:
357 994 440 1037 ego
474 996 561 1022 non
590 981 716 1037 plane
738 979 904 1036 rejicio,
938 979 1012 1020 sed
1048 979 1153 1019 alios
1195 987 1430 1034 antepono.
1504 980 1663 1021 Neazis

132 1038 350 1093 spondeus
372 1039 547 1094 quidem
571 1038 765 1080 funditus
787 1046 853 1078 est
872 1036 1179 1094 repudiandus.
1210 1036 1306 1087 etsi,
1329 1037 1445 1091 quod
1467 1046 1532 1079 est
1552 1052 1577 1079 e

130 1093 276 1151 longis
308 1096 489 1149 duabus,
523 1097 718 1138 hebetior
753 1095 923 1137 videtur
958 1103 1002 1136 et
1029 1094 1216 1146 tardior3
1259 1093 1392 1135 habet
1431 1103 1577 1137 tamen

129 1153 330 1195 stabilem
354 1155 583 1210 quendam,
607 1164 650 1196 et
671 1169 759 1195 non
780 1162 1005 1209 expertem
1032 1151 1259 1209 dignitatis
1290 1152 1498 1208 gradum:
1531 1154 1575 1195 in

127 1208 416 1253 incisionibus
438 1227 539 1254 vero
562 1213 698 1253 multo
728 1212 882 1268 magis,
903 1220 947 1252 et
979 1210 1024 1252 in
1057 1210 1277 1251 membris.
1310 1210 1575 1266 paucitatem

131 1268 249 1310 enim
272 1270 428 1326 pedum
453 1270 678 1327 gravitatis
712 1285 800 1311 suae
823 1268 1025 1310 tarditate
1050 1277 1319 1325 compensat.
1379 1268 1464 1310 Sed
1495 1269 1574 1311 hos

126 1340 230 1367 cum
268 1327 312 1368 in
350 1327 550 1369 clausulis
581 1328 711 1385 pedes
742 1327 939 1378 nomino,
974 1341 1063 1368 non
1091 1326 1244 1382 loquor
1266 1326 1319 1367 de
1347 1341 1434 1367 uno
1466 1328 1575 1383 pede

127 1393 343 1426 extremo.
385 1386 579 1442 adjungo
611 1385 748 1441 (quod
780 1384 1011 1425 minimum
1052 1384 1126 1434 sit)
1154 1383 1473 1439 100pr0ximum
1504 1401 1574 1426 su-

129 1441 361 1497 periorem,
384 1458 499 1500 saepe
520 1443 652 1484 etiam
671 1442 862 1484 tertium.
925 1442 994 1483 Ne
1017 1442 1186 1483 iambus
1208 1441 1486 1498 quidem,qui
1509 1453 1662 1491 estQIT

127 1513 154 1540 e
177 1499 296 1542 brevi
318 1509 362 1542 et
383 1501 528 1558 longa,
552 1510 628 1542 aut
648 1516 726 1557 par
747 1500 922 1551 choreo,
944 1499 1019 1555 qui
1049 1499 1184 1540 habet
1206 1507 1290 1540 tres
1314 1500 1477 1551 breves,
1500 1501 1574 1543 sed

126 1557 270 1613 spatio
292 1573 384 1614 par,
398 1573 485 1600 non
507 1558 706 1615 syllabis:
740 1567 814 1599 aut
828 1558 959 1599 etiam
978 1557 1189 1613 dactylt1S‚
1204 1557 1278 1612 qui
1300 1567 1364 1597 est
1382 1572 1405 1597 e
1427 1558 1573 1615 longa,

124 1623 173 1656 et
192 1615 360 1657 duabus
380 1617 597 1669 brevibus,
622 1618 656 1658 si
678 1626 744 1658 est
765 1616 991 1672 proximus
1013 1630 1038 1656 a
1069 1624 1302 1671 postremO,
1326 1630 1476 1671 parum
1499 1631 1575 1658 vo-

122 1670 319 1714 lubiliter
349 1675 547 1730 pervenit
579 1675 633 1716 ad
665 1683 924 1725 extremum,
956 1673 991 1714 si
1023 1683 1088 1714 est
1122 1682 1341 1714 extremus
1378 1673 1574 1726 choreus,

125 1738 203 1771 aut
239 1732 470 1788 spondeus.
509 1747 746 1788 numquam
778 1732 894 1773 enim
916 1731 1111 1782 interest,
1134 1740 1230 1771 uter
1261 1731 1316 1771 sit
1348 1745 1498 1782 eorum
1529 1733 1573 1773 in

122 1787 236 1844 pede
257 1799 470 1831 extremo.
531 1790 615 1831 Sed
637 1790 768 1831 iidem
791 1790 834 1831 hi
857 1798 942 1830 tres
958 1789 1088 1846 pedes
1108 1789 1218 1829 male
1233 1788 1514 1840 concludunt,
1537 1790 1572 1831 si

123 1845 221 1901 quis
248 1861 398 1888 eorum
433 1848 476 1889 in
509 1858 705 1889 extremo
733 1848 900 1890 locatus
936 1856 1015 1898 est,
1051 1847 1133 1887 nisi
1167 1861 1266 1887 cum
1300 1862 1378 1902 pro
1408 1848 1572 1890 cretico

123 1914 371 1960 postremus
393 1915 459 1946 est
479 1905 690 1963 dactylus.
715 1905 823 1947 nihil
844 1905 960 1947 enim
982 1905 1175 1956 interest,
1198 1904 1393 1960 dactylus
1418 1906 1473 1946 sit
1493 1920 1571 1947 ex-

126 1969 305 2014 tremus,
318 1978 372 2004 an
396 1963 604 2006 creticus:
628 1964 731 2020 quia
749 1972 968 2020 postrema
985 1962 1163 2018 syllaba,
1185 1962 1340 2013 brevis,
1363 1977 1417 2003 an
1440 1963 1571 2020 longa

123 2019 195 2070 sit,
227 2034 282 2061 ne
313 2021 358 2062 in
389 2036 513 2062 versu
545 2023 721 2078 quidem
751 2021 897 2063 refert.
959 2020 1106 2068 Quare
1139 2020 1267 2061 etiam
1307 2035 1463 2076 paeona
1494 2023 1657 2077 qui218

123 2077 239 2118 dixit
268 2080 494 2135 aptiorem,
517 2080 562 2121 in
591 2095 677 2136 quo
710 2089 822 2121 esset
850 2079 981 2134 longa
1004 2088 1237 2134 postrema,
1259 2078 1368 2119 vidit
1390 2093 1567 2135 parum:

123 2137 332 2190 quoniam
366 2137 474 2178 nihil
496 2138 549 2179 ad
579 2153 668 2179 rem
703 2147 782 2188 est,
810 2140 1058 2192 lpostrema
1090 2151 1144 2177 an
1181 2136 1312 2192 longa
1337 2136 1407 2178 sit.
1465 2136 1568 2179 Jam

122 2207 268 2249 paeon,
290 2195 406 2250 quod
440 2195 581 2251 plures
604 2196 763 2237 habeat
791 2194 990 2251 syllabas,
1023 2209 1152 2249 quam
1188 2203 1287 2246 tres,
1310 2208 1513 2236 numerus
1545 2210 1571 2236 a

121 2251 398 2306 quibusdam,
417 2268 505 2294 non
535 2268 611 2310 pes
644 2254 840 2294 habetur.
904 2251 982 2292 Est
1003 2252 1194 2308 quidem,
1216 2261 1264 2293 ut
1287 2252 1400 2293 inter
1419 2267 1567 2293 omnes

121 2318 296 2350 constat
318 2311 534 2366 antiquoS,
554 2311 848 2361 Aristotelem,
870 2309 1235 2366 Theophrastum,
1258 2308 1567 2362 Theodectem,
1581 2325 1611 2362 b,

115 2365 367 2423 Ephorum,
393 2378 499 2409 unus
521 2369 768 2425 aptissimus
799 2368 986 2410 orationi
1009 2368 1075 2409 vel
1105 2367 1277 2418 orienti,
1304 2367 1367 2408 vel
1390 2368 1568 2409 mediae:

115 2431 282 2480 'putant
308 2425 367 2466 illi
391 2426 521 2467 etiam
551 2427 744 2468 cadenti:
777 2441 863 2482 quo
881 2425 978 2468 loco
995 2425 1104 2466 mihi
1126 2425 1298 2465 videtur
1320 2425 1462 2482 aptior
1479 2439 1572 2467 cre-

123 2481 250 2524 ticus.
303 2483 582 2526 2Dochmius
605 2495 749 2525 autem
772 2499 795 2526 e
817 2484 1008 2540 quinque
1032 2483 1221 2540 syllabis,
1244 2483 1381 2534 brevi,
1404 2482 1570 2525 duabus

167 2641 227 2670 100
237 2640 429 2679 proximum
441 2640 654 2681 superiorem]
674 2641 824 2672 Scriben—
865 2640 929 2672 Ms.
944 2641 1012 2672 Vir.
1028 2640 1116 2672 unde
1128 2641 1248 2681 recepi.

122 2680 202 2712 dum
216 2682 256 2713 de
269 2692 358 2713 more
374 2684 541 2714 Ciceronis
555 2690 589 2714 et
604 2695 643 2714 ex
658 2684 825 2715 latinitate
908 2688 928 2714 2
939 2683 1133 2723 Doeltimus]
1148 2683 1408 2724 Capperonerins
1418 2681 1458 2713 ad
1469 2682 1575 2723 Quin·

123 2733 217 2755 vera:
238 2727 387 2764 proxime
400 2736 471 2766 sup.
867 2726 918 2757 til.
934 2727 996 2764 IX,
1013 2729 1046 2758 4.
1061 2726 1198 2765 corrigit
1211 2726 1378 2757 dochmius
1399 2735 1452 2765 ap.
1469 2725 1574 2765 Quin—

166 2769 180 2796 1
201 2772 368 2807 postrema
389 2779 490 2808 quam
514 2771 612 2808 longa
633 2769 690 2808 sit]
716 2768 825 2799 Immo
866 2768 920 2800 til.
957 2778 1035 2800 usus
1068 2769 1270 2800 testimoniis
1315 2767 1574 2808 Hephaestionis,

118 2809 239 2847 scribe,
260 2820 305 2840 an
327 2810 428 2850 longa
449 2813 504 2842 sit.
521 2822 599 2842 nam
613 2813 639 2842 si
656 2812 760 2842 brevis
775 2816 826 2842 est
868 2811 1039 2842 Diomedis
1060 2816 1096 2843 et
1118 2811 1258 2842 aliorum
1272 2810 1575 2842 Grammaticorum

121 2851 158 2881 in
179 2852 258 2890 fine,
284 2862 343 2894 pro
364 2853 465 2894 longa
492 2855 589 2885 valet.
635 2855 680 2885 Et
701 2856 746 2884 sic
775 2860 826 2884 est
867 2854 1064 2886 latinorum.
1109 2854 1233 2885 Favent
1253 2854 1284 2884 ei
1306 2853 1353 2884 rei
1381 2852 1482 2885 etiam
1508 2851 1575 2883 Ms.

121 2894 234 2936 paullo
260 2899 340 2928 ante
359 2896 395 2928 iu
417 2896 531 2931 eadem
552 2898 729 2930 sententia.
773 2897 826 2927 Sic
869 2897 909 2928 V.
932 2896 1004 2930 edd.
1028 2900 1110 2929 vett.
1135 2897 1302 2929 Ciceronis
1324 2895 1357 2930 h.
1378 2895 1400 2927 1.
1427 2900 1468 2927 ut
1487 2894 1573 2926 Ven.

786 2946 914 2984 002
