1945 3235
325 135 401 171 538
905 136 1188 176 ORATOR.

325 235 440 278 Dein
465 236 499 278 si
525 244 673 280 tenues
694 253 851 292 causae,
874 249 968 283 tum
992 242 1122 283 etiam
1145 241 1476 298 argumentandi
1501 247 1628 284 tenue
1652 243 1772 287 filum

322 305 366 336 et
402 295 446 336 in
479 296 690 348 docendo,
722 306 766 338 et
802 298 844 338 in
878 299 1137 350 refellend03
1176 299 1306 353 idque
1338 299 1399 339 ita
1436 300 1668 352 tenebitur,
1707 310 1771 352 ut,

235 374 308 408 125
321 362 484 410 quanta
507 354 560 395 ad
583 369 686 406 rem,
710 364 830 396 tanta
851 356 904 397 ad
927 358 1167 398 orationem
1192 355 1268 397 fiat
1289 356 1492 397 accessio.
1534 356 1645 399 Cum
1670 372 1770 400 vero

320 425 449 453 causa
478 425 529 453 ea
557 412 771 463 inciderit,
803 413 846 453 in
877 428 963 468 qua
994 415 1057 455 vis
1086 414 1345 469 eloquentiae
1378 413 1517 469 possit
1544 416 1769 471 expromi:

320 479 412 510 tum
443 484 486 510 se
518 469 645 512 latius
677 470 830 511 fundet
861 481 1019 522 orator,
1054 482 1147 512 tum
1179 481 1301 527 reget
1332 481 1376 513 et
1409 471 1555 512 flectet
1586 473 1770 524 animos,

317 535 362 567 et
383 527 445 569 sic
466 527 642 579 afficiet,
665 537 713 568 ut
735 526 863 577 volet,
887 527 928 568 id
952 540 1030 580 est,
1050 538 1097 570 ut
1118 544 1260 571 causae
1282 539 1448 579 natura,
1463 538 1505 570 et
1527 530 1637 570 ratio
1661 539 1770 571 tem-

273 593 304 626 b.
317 584 433 641 poris
467 584 718 641 postulabit.
780 584 864 625 Sed
893 585 976 626 erit
1005 586 1167 642 duplex
1197 587 1337 627 omnis
1369 586 1461 641 ejus
1491 597 1667 628 ornatus
1698 587 1769 629 ille

315 642 596 693 admirabilis,
618 650 794 699 propter
814 656 942 698 quem
966 644 1159 685 ascendit
1188 644 1232 685 in
1256 654 1424 685 tantum
1447 644 1656 686 honorem
1677 644 1766 687 elo-

313 701 504 754 quentia.
567 699 683 741 Nam
705 714 804 741 cum
827 700 967 740 omnis
994 715 1090 756 pars
1115 702 1322 742 orationis
1345 717 1436 743 esse
1458 702 1588 744 debet
1617 702 1765 744 lauda-

314 757 426 808 bilis,
450 758 510 798 sic
533 766 581 798 ut
605 758 781 799 verbum
805 757 984 809 nullum,
1008 759 1089 799 nisi
1120 768 1196 799 aut
1226 774 1371 815 grave,
1395 769 1470 801 aut
1492 760 1666 816 elegans
1687 774 1764 802 ex-

312 815 453 867 cidat3
486 823 577 855 tum
601 824 701 856 sunt
724 815 914 856 maxime
936 815 1177 867 luminosae,
1200 827 1244 857 et
1264 817 1386 872 quasi
1407 827 1598 860 actuosae
1621 827 1763 876 partes

311 872 435 915 duae:
466 888 649 928 quarum
670 873 845 914 alteram
881 873 923 913 in
946 874 1133 914 universi
1165 874 1334 930 generis
1357 876 1597 930 quaestione
1629 890 1763 933 p0n0‚

309 945 438 985 quam
459 935 528 983 (ut
552 946 681 987 supra
701 931 812 981 dixi)
836 930 982 972 Graeci
1012 931 1232 988 appellant
1260 935 1365 972 Sia-m:
1402 932 1579 974 alteram
1611 933 1655 975 in
1686 948 1762 975 au-

309 988 475 1043 gendis,
509 988 911 1045 amplificandisque
945 989 1087 1040 rebus,
1117 1004 1215 1045 quae
1252 989 1307 1030 ab
1336 989 1497 1031 eisdem
1529 993 1663 1041 ιιὶίξηο-ις
1695 999 1763 1033 est

224 1047 296 1081 126
310 1047 544 1087 nominata.
607 1047 719 1093 Quae
759 1047 840 1086 etsi
883 1047 1154 1102 aequabiliter
1196 1055 1289 1088 toto
1330 1062 1511 1104 corpore
1551 1048 1759 1090 orationis

306 1104 403 1145 fusa
423 1119 514 1145 esse
536 1104 679 1156 debet,
703 1113 847 1145 tamen
870 1105 913 1145 in
936 1106 1240 1146 communibus
1266 1104 1373 1146 locis
1404 1105 1594 1146 maxime
1615 1105 1759 1147 excel-

304 1161 387 1204 let:
410 1163 483 1218 qui
504 1176 756 1204 communes
779 1162 999 1218 appellati,
1021 1163 1136 1217 quod
1157 1162 1357 1203 videntur
1377 1163 1610 1204 multarum
1626 1163 1757 1205 iidem

303 1234 393 1260 esse
414 1235 654 1272 causarum,
677 1223 715 1254 87
731 1220 804 1260 sed
828 1220 989 1276 proprii
1012 1220 1278 1276 singularum
1300 1234 1392 1263 esse
1412 1221 1648 1262 debebunt.
1695 1220 1758 1263 At

303 1292 403 1318 vero
426 1278 498 1319 illa
528 1293 624 1334 pars
648 1278 873 1329 orationis,
903 1293 1002 1333 quae
1033 1289 1099 1319 est
1129 1279 1181 1319 de
1212 1293 1370 1335 genere
1401 1279 1616 1330 universo,
1639 1287 1753 1321 totas

301 1350 451 1377 causas
474 1351 590 1392 saepe
611 1335 822 1377 continet.
844 1336 1055 1392 quidquid
1078 1346 1144 1377 est
1165 1337 1282 1377 enim
1313 1336 1433 1388 illud,
1455 1337 1500 1378 in
1521 1352 1609 1393 quo
1631 1337 1755 1393 quasi

300 1403 517 1435 certamen
549 1403 614 1435 est
640 1393 962 1444 controversiae,
985 1394 1102 1450 quod
1134 1408 1276 1450 graece
1306 1398 1478 1451 κςιιόμενον
1501 1395 1676 1446 dicitur,
1708 1395 1753 1437 id

298 1451 361 1492 ita
381 1452 467 1494 dici
491 1453 645 1509 placet,
670 1461 716 1493 ut
739 1451 988 1492 traducatur
1013 1451 1066 1492 ad
1090 1461 1342 1508 perpetuam
1362 1453 1665 1506 quaestionem,
1687 1464 1762 1494 at-

299 1523 383 1564 que
413 1510 466 1552 de
498 1511 698 1551 universo
721 1522 877 1564 genere
905 1509 1099 1551 dicatur:
1131 1509 1212 1551 nisi
1234 1524 1333 1550 cum
1356 1509 1408 1550 de
1432 1524 1532 1551 vero
1554 1511 1751 1565 ambige-

213 1576 392 1622 1‘27'tu1·;
424 1569 539 1625 quod
562 1567 696 1623 quaeri
722 1566 974 1621 conjectura
996 1566 1118 1607 solet.
1180 1566 1364 1608 Dicetur
1384 1576 1530 1609 autem
1552 1583 1638 1609 non
1667 1568 1750 1609 Pe-

296 1628 623 1685 ripateticorum
661 1638 781 1666 more
814 1627 898 1676 (est
934 1624 1050 1665 enim
1082 1623 1253 1665 illorum
1287 1624 1544 1666 exercitatio
1577 1625 1750 1682 elegans

279 1687 385 1742 ‘jam
408 1685 507 1727 inde
537 1685 591 1725 ab
616 1682 850 1724 Aristotele
871 1682 1128 1732 constituta)
1151 1682 1223 1723 sed
1255 1682 1477 1737 aliquanto
1499 1685 1749 1727 nervosius:

294 1753 339 1786 et
361 1745 423 1785 ita
444 1743 497 1784 de
521 1757 563 1783 re
585 1740 834 1784 communia
855 1740 1067 1791 dicentur,
1091 1750 1139 1781 ut
1160 1749 1204 1781 et
1235 1754 1313 1796 pro
1336 1740 1417 1781 reis
1440 1740 1576 1782 multa
1595 1740 1749 1784 leniter

292 1802 506 1852 dicantur,
529 1810 572 1841 et
593 1800 639 1841 in
661 1798 926 1841 adversarios
948 1813 1110 1854 aspere.
1171 1797 1398 1854 Augendis
1418 1813 1518 1840 vero
1541 1799 1683 1851 rebus,
1703 1809 1749 1841 et

292 1869 444 1901 contra
474 1858 745 1915 abjiciendis,
767 1856 877 1897 nihil
898 1865 978 1907 est,
1000 1856 1115 1910 quod
1139 1871 1224 1897 non
1259 1855 1464 1912 perficere
1494 1856 1632 1913 possit
1653 1872 1749 1899 ora-

292 1918 378 1959 tio:
411 1917 528 1973 quod
550 1926 594 1957 et
617 1917 727 1957 inter
750 1914 892 1955 media
914 1923 1171 1969 argumenta
1189 1913 1436 1954 faciendum
1455 1925 1534 1965 est,
1552 1915 1745 1969 quoties—

290 1990 475 2031 cumque
509 1974 682 2016 dabitur
715 1973 781 2014 vel
813 1971 1124 2028 amplificandi,
1159 1972 1226 2012 vel
1260 1971 1483 2013 minuendi
1526 1971 1661 2025 locus,
1697 1981 1742 2015 et

290 2037 329 2064 83
344 2048 469 2089 paene
490 2032 660 2073 infinite
683 2032 728 2072 in
751 2030 1006 2087 perorando.

203 2090 273 2143 37
349 2091 449 2132 Duo
486 2099 600 2141 sunt,
635 2105 732 2146 quae
769 2089 876 2129 bene
907 2095 1092 2128 tractata
1131 2087 1186 2128 ab
1220 2096 1404 2138 oratore,
1440 2086 1738 2129 admirabilem

202 2162 274 2195 128
288 2148 577 2205 eloquentiam
601 2147 777 2193 faciant.
801 2159 984 2201 quorum
1010 2144 1191 2185 alterum
1213 2154 1292 2195 est,
1315 2145 1429 2199 quod
1455 2145 1600 2187 Graeci
1630 2150 1739 2190 ἠθικὸν

285 2217 459 2257 vocant,
481 2206 535 2247 ad
556 2215 745 2256 naturas,
768 2213 810 2245 et
835 2203 888 2243 ad
910 2217 1066 2254 οἶοι-85,
1088 2212 1130 2243 et
1162 2202 1214 2243 ad
1238 2217 1410 2243 omnem
1434 2203 1534 2244 vitae
1558 2216 1740 2245 consue-

285 2264 480 2313 tudinem
504 2263 907 2311 accommodatum3
936 2260 1133 2310 alterum,
1150 2260 1266 2315 quod
1295 2260 1424 2301 iidem
1446 2264 1631 2304 παθητικὸν
1655 2276 1732 2303 no-

279 2315 462 2373 minant,
485 2337 571 2377 quo
594 2321 902 2376 perturbantur
933 2318 1065 2360 animi
1095 2327 1139 2358 et
1160 2317 1450 2368 concitantur,
1472 2318 1514 2357 in
1539 2332 1626 2372 quo
1649 2334 1736 2360 uno

277 2391 432 2435 regnat
454 2379 607 2420 oratio.
672 2378 781 2419 Illud
806 2376 1014 2432 superius,
1038 2374 1454 2430 come‚jucundum‚
1477 2374 1530 2415 ad
1556 2376 1735 2418 benivo-

276 2436 453 2478 lentiam
485 2435 802 2479 conciliandam
836 2443 1058 2490 paratum:
1091 2434 1189 2484 hoc,
1215 2433 1460 2483 vehemens,
1493 2433 1732 2486 incensum,

277 2494 522 2546 incitatum,
548 2510 634 2550 quo
657 2508 798 2536 causae
831 2491 1099 2547 eripiuntur:
1132 2492 1370 2547 quodcum
1402 2490 1550 2546 rapide
1582 2489 1733 2544 fertur,

192 2561 264 2596 1<29
278 2553 477 2593 sustineri
509 2552 624 2593 nullo
648 2561 777 2608 pacto
809 2559 966 2606 potest.
1030 2549 1132 2595 Quo
1164 2564 1320 2605 genere
1351 2563 1443 2598 nOS‚
1473 2547 1730 2600 mediocres,

276 2618 350 2651 aut
383 2609 520 2650 multo
559 2610 689 2650 etiam
727 2609 889 2649 minus:
924 2606 996 2647 sed
1036 2621 1196 2662 magno
1230 2620 1397 2662 semper
1438 2605 1501 2645 usi
1546 2605 1728 2661 impetu,

274 2682 390 2723 saepe
423 2667 688 2708 adversarios
720 2667 772 2707 de
806 2676 918 2706 statu
953 2664 1072 2705 omni
1101 2664 1354 2719 dejecimus.
1417 2662 1558 2703 Nobis
1594 2667 1634 2697 '69
1649 2679 1728 2720 pro

312 2785 351 2816 87
368 2783 425 2813 sed
430 2783 558 2822 proprii
572 2782 785 2819 singularum
806 2790 870 2810 esoe
889 2778 975 2817 deb]
1021 2783 1084 2815 tes,
1111 2782 1144 2808 et
1167 2778 1238 2808 nati
1265 2788 1282 2808 e
1307 2786 1416 2814 causa,
1439 2787 1506 2807 nou
1527 2777 1611 2808 illati
1638 2778 1727 2809 vide·

268 2826 290 2855 i.
305 2837 333 2855 e.
357 2827 404 2855 ita
425 2825 576 2861 tractari,
599 2832 639 2853 ut
660 2824 708 2853 illi
724 2832 831 2853 causa!
853 2822 976 2862 proprii
1021 2826 1131 2852 antur.

268 2878 348 2903 ‹js-c,
378 2878 445 2898 non
468 2862 532 2897 loci
561 2875 754 2896 communes
787 2865 974 2900 videantur,
1063 2867 1102 2893 88
1121 2872 1214 2902 poene
1225 2862 1368 2901 infinite]
1395 2872 1425 2893 v.
1442 2862 1533 2894 Clav.
1552 2862 1584 2892 in
1600 2862 1634 2892 h.
1651 2873 1680 2893 ν.

267 2913 377 2949 imque
392 2911 524 2941 contexi
541 2920 617 2939 curn
632 2917 742 2945 causa,
759 2914 795 2938 ut
810 2908 878 2948 ejus
901 2917 974 2947 par-
1059 2909 1102 2939 89
1119 2915 1182 2946 pro
1197 2904 1371 2946 J'cwnilfare'
1392 2904 1461 2945 reo]
1489 2905 1508 2935 i.
1532 2905 1646 2944 Verre,
1668 2905 1724 2945 qui
