1945 3235
391 145 470 180 830
899 145 980 184 DE
1014 146 1302 185 ORATORE

362 277 365 280 <
392 248 483 289 sine
514 247 761 305 pigmentiS‚
789 249 974 306 fucoque
1004 251 1170 307 puerili,
1193 260 1240 292 ut
1269 250 1374 293 mihi
1407 265 1489 294 non
1522 251 1657 294 solum
1690 262 1734 294 tu
1759 253 1823 294 in-

392 305 572 346 cendere
587 306 796 360 judicem,
817 307 890 349 sed
913 309 1004 363 ipse
1024 308 1171 349 ardere
1192 308 1387 349 videaris.

307 367 379 402 189
452 362 604 418 Neque
636 362 725 405 fieri
760 373 915 420 potest,
945 374 992 406 ut
1011 365 1155 407 doleat
1185 365 1234 416 is,
1254 365 1328 420 qui
1359 364 1492 415 audit,
1519 373 1566 406 ut
1593 365 1746 418 oderit,
1776 376 1822 407 ut

390 419 593 470 invideat,
624 430 670 461 ut
704 421 978 477 pertimescat
1009 422 1184 478 aliquid,
1224 432 1272 462 ut
1308 422 1361 462 ad
1401 422 1548 463 fletum
1582 423 1819 465 misericor-

387 476 588 532 diamque
617 477 878 529 deducatur3
911 477 990 520 nisi
1022 493 1168 520 omnes
1203 479 1230 519 ii
1264 488 1418 529 motuS,
1440 493 1547 534 quos
1573 489 1718 521 orator
1743 479 1818 524 ad-

388 532 535 575 hibere
560 534 672 576 volet
695 535 852 589 judici,
876 535 917 576 in
951 535 1043 590 ipso
1065 547 1233 577 oratore
1263 536 1456 591 impressi
1479 550 1569 578 esse
1594 545 1723 592 atque
1753 536 1817 579 in-

389 591 471 632 usti
488 591 760 632 videbuntur.
794 592 959 638 Quodsi
980 591 1104 634 lictus
1126 593 1278 648 aliquis
1300 593 1422 634 dolor
1443 592 1738 649 suscipiendus
1755 607 1820 640 es-

387 659 466 699 set,
488 659 531 689 ct
562 649 595 689 si
630 649 671 688 in
694 648 906 704 ejusmodi
938 663 1093 705 genere
1124 649 1328 691 orationis
1360 649 1465 690 nihil
1486 659 1612 702 esset,
1640 650 1723 692 nisi
1744 650 1821 692 fal-

387 711 496 755 sum,
519 716 648 760 atque
671 705 911 747 imitatione
932 706 1194 756 simulatum,
1216 707 1354 761 major
1384 721 1451 747 ars
1481 706 1624 762 aliqua
1644 705 1822 749 forsitan

386 771 497 802 essct
529 762 793 817 requirenda.
826 777 939 804 nuuc
969 778 1066 819 ego,
1097 763 1199 818 quid
1229 765 1323 814 tibi,
1347 763 1514 815 Crasse,
1543 764 1646 819 quid
1669 764 1821 810 ceteris

385 818 567 869 aecidat,
590 819 759 861 nescio:
791 820 843 861 de
874 834 941 860 me
962 831 1105 861 autem
1127 835 1256 861 causa
1278 821 1392 862 nulla
1410 830 1489 873 est,
1511 836 1587 863 cur
1608 822 1720 878 apud
1745 821 1821 868 ho-

386 876 522 924 mines
546 876 898 932 prudentissimos
920 886 1049 932 atque
1078 877 1360 919 amicissimos
1391 879 1586 920 mentiar.
1616 893 1700 920 non
1733 892 1822 926 me-

386 932 557 974 hercule
583 947 780 988 umquam
815 933 927 989 apud
950 934 1136 989 judices,
1158 943 1233 975 aut
1253 934 1458 989 dolorem,
1480 943 1555 985 aut
1581 935 1820 983 misericor,-

384 989 517 1040 diam,
559 1001 632 1031 aut
673 991 895 1042 invidiam,
936 1000 1011 1031 aut
1050 991 1197 1032 odium
1233 992 1423 1033 excitare
1458 992 1641 1034 dicendo
1677 992 1818 1044 volui3

387 1047 492 1102 quin
523 1048 614 1103 ipse
644 1047 685 1088 in
709 1048 1032 1090 commovendis
1053 1048 1291 1103 judicibus,
1323 1048 1373 1090 iis
1404 1049 1508 1105 ipsis
1539 1048 1746 1100 sensibus,
1767 1049 1820 1099 ad

304 1111 495 1160 190quos
527 1105 618 1147 illos
651 1106 861 1147 adducere
890 1105 1055 1156 vellem,
1086 1119 1370 1162 permoverer.
1430 1106 1582 1162 Neque
1613 1106 1727 1148 enim
1759 1105 1820 1148 fa-

385 1161 467 1203 cile
498 1170 562 1203 est
594 1162 812 1218 perficere,
845 1172 892 1204 ut
927 1163 1145 1214 irascatur,
1177 1163 1247 1204 cui
1285 1172 1329 1204 tu
1364 1162 1482 1215 velis,
1511 1163 1665 1219 judex,
1700 1164 1734 1205 si
1771 1173 1817 1212 tu

385 1219 476 1274 ipse
507 1219 549 1260 id
581 1219 692 1261 lente
722 1219 832 1262 ferre
854 1219 1046 1262 videare:
1079 1235 1216 1275 neque
1248 1229 1295 1261 ut
1315 1220 1453 1262 oderit
1481 1235 1594 1273 eum,
1615 1235 1743 1277 quem
1774 1230 1819 1262 tu

385 1277 504 1328 velis,
536 1277 616 1318 nisi
643 1278 827 1333 teipsum
859 1278 1113 1334 flagrantem
1139 1278 1238 1319 odio
1260 1287 1360 1319 ante
1392 1277 1570 1326 viderit:
1601 1292 1739 1334 neque
1769 1278 1821 1322 ad

385 1334 720 1376 misericordiam
743 1335 992 1386 adducetur,
1014 1335 1095 1375 nisi
1117 1335 1156 1376 ei
1179 1344 1225 1376 tu
1257 1335 1382 1391 signa
1400 1335 1558 1377 doloris
1580 1335 1643 1376 tui
1665 1335 1819 1387 verbis,

387 1391 625 1444 sententiis,
649 1407 768 1444 voce,
790 1391 926 1441 vultu,
951 1391 1328 1447 collacryinatione
1357 1392 1542 1448 denique
1569 1392 1819 1441 ostenderis.

254 1462 287 1492 P·
306 1452 373 1482 126.
389 1448 449 1490 Ut
477 1448 591 1490 enim
625 1450 739 1490 nulla
767 1449 966 1491 materies
998 1459 1086 1490 tam
1117 1449 1254 1490 facilis
1284 1449 1337 1490 ad
1358 1449 1722 1492 exardescendum
1742 1458 1820 1500 est,

343 1505 497 1561 a’quae,
528 1506 609 1548 nisi
640 1507 815 1548 admoto
851 1506 957 1562 igni,
988 1506 1133 1562 ignem
1163 1506 1390 1562 concipere
1422 1506 1582 1563 possit:
1613 1506 1674 1549 sic
1705 1506 1820 1548 nulla

387 1577 507 1604 mens
538 1573 603 1604 est
633 1573 720 1604 tam
758 1565 810 1605 ad
843 1563 1288 1619 comprehendendam
1327 1564 1414 1604 vim
1446 1563 1625 1606 oratoris
1660 1574 1821 1620 parata,

387 1636 484 1676 quae
509 1622 643 1676 possit
666 1621 851 1672 incendi,
873 1622 954 1661 nisi
979 1621 1269 1662 inflammatus
1291 1620 1382 1676 ipse
1403 1620 1455 1663 ad
1477 1635 1586 1672 eam,
1607 1630 1650 1662 et
1669 1621 1820 1663 ardens

304 1669 423 1724 46⁴¹
439 1679 682 1720 accesseris.
742 1677 821 1728 Ac,
854 1692 906 1718 ne
937 1678 1046 1719 forte
1080 1678 1160 1719 hoc
1191 1692 1394 1734 magnum
1428 1692 1478 1719 ac
1507 1677 1701 1719 mirabile
1730 1692 1821 1719 esse

302 1749 369 1782 191
388 1735 595 1786 videatur,
627 1735 844 1777 hominem
873 1735 1000 1776 toties
1034 1735 1170 1786 irasci,
1202 1737 1328 1776 toties
1359 1735 1515 1786 dolere,
1546 1735 1673 1776 toties
1703 1736 1819 1776 omni

386 1793 518 1835 animi
556 1804 673 1834 motu
710 1792 932 1843 concitari,
963 1793 1200 1847 praesertim
1236 1792 1277 1833 in
1313 1793 1437 1834 rebus
1475 1792 1637 1843 alienis,
1666 1806 1824 1849 magna

386 1850 451 1891 vis
490 1861 556 1892 est
585 1864 729 1891 earum
763 1849 1084 1900 sententiarum,
1123 1861 1251 1905 atque
1288 1864 1435 1890 eorum
1474 1849 1680 1900 locorum,
1715 1864 1822 1905 quos

386 1922 488 1963 agas
529 1917 767 1963 tractesque
797 1907 994 1957 dicendo,
1025 1907 1132 1947 nihil
1162 1915 1209 1947 ut
1240 1922 1348 1963 opus
1383 1907 1438 1948 sit
1473 1906 1744 1948 simulatione
1778 1917 1822 1948 et

385 1964 580 2006 fallaciis.
603 1966 697 2021 ipsa
715 1965 830 2006 enim
854 1974 1005 2005 natura
1026 1964 1231 2005 orationis
1253 1964 1361 2020 ejus,
1383 1979 1480 2019 quae
1507 1962 1740 2019 suscipitur
1768 1964 1820 2005 ad

386 2022 566 2064 aliorum
587 2023 753 2064 animos
776 2021 1101 2078 permovendOS,
1119 2033 1332 2063 oratorem
1355 2022 1495 2077 ipsum
1515 2021 1652 2077 magis
1673 2021 1819 2072 etiam,

300 2091 514 2134 192quam
544 2093 802 2136 quemquam
843 2093 1006 2129 eorum,
1042 2078 1115 2133 qui
1155 2078 1348 2130 audiunt,
1381 2087 1618 2134 permovet.
1679 2077 1736 2119 Et
1769 2092 1824 2119 ne

386 2136 470 2178 hoc
492 2137 535 2177 in
558 2136 711 2188 causis,
733 2138 776 2177 in
792 2135 986 2192 judiciis,
1009 2134 1052 2176 in
1076 2135 1311 2176 amicorum
1343 2134 1556 2191 periculis,
1579 2135 1622 2175 in
1644 2149 1827 2176 concur·

385 2208 433 2234 su
464 2193 704 2244 hominum,
736 2193 780 2234 in
812 2193 1004 2243 civitate,
1037 2192 1079 2232 in
1114 2191 1208 2233 foro
1244 2192 1437 2233 accidere
1467 2191 1686 2244 miremur,
1723 2206 1824 2234 cum

382 2251 528 2307 agitur
558 2266 645 2292 non
679 2251 816 2292 solum
848 2249 1010 2306 ingenii
1042 2250 1173 2290 nostri
1207 2249 1471 2291 existimatio
1498 2253 1617 2302 (nam
1649 2249 1690 2290 id
1713 2258 1825 2290 esset

380 2307 540 2350 levius:
573 2322 848 2364 quamquam,
879 2321 978 2347 cum
1010 2305 1225 2362 professus
1257 2307 1327 2358 sis,
1360 2315 1401 2347 te
1431 2306 1474 2348 id
1508 2320 1633 2362 posse
1667 2305 1822 2358 facere,

380 2366 497 2420 quod
529 2366 670 2422 pauci,
700 2379 754 2405 ne
785 2365 827 2408 id
855 2364 1027 2420 quidem
1059 2363 1366 2420 negligendum
1386 2364 1469 2414 est)
1504 2363 1576 2405 sed
1611 2362 1694 2404 alia
1722 2372 1822 2405 sunt

381 2421 548 2477 majora
579 2422 728 2473 multo,
751 2422 871 2471 fides,
893 2421 1100 2471 officium,
1127 2420 1374 2477 diligentia:
1407 2421 1562 2476 quibus
1593 2420 1718 2461 rebus
1749 2420 1823 2461 ad-

383 2479 517 2530 ducti,
540 2481 669 2521 etiam
693 2494 790 2520 cum
822 2477 1103 2519 alienissimos
1134 2478 1417 2530 defendimus,
1444 2486 1585 2518 tamen
1618 2491 1690 2518 eos
1721 2476 1822 2518 alie-

384 2550 478 2585 nos,
501 2538 535 2577 si
567 2537 649 2593 ipsi
678 2536 758 2577 viri
790 2535 893 2577 boni
916 2535 1111 2576 volumus
1142 2534 1306 2587 haberi,
1328 2533 1574 2576 existimare
1604 2549 1690 2576 non
1723 2549 1823 2590 pos-

300 2603 372 2638 193
386 2607 546 2634 sumus.
607 2593 705 2644 Sed,
729 2604 776 2634 ut
797 2593 905 2643 dixi,
927 2606 980 2633 ne
1003 2592 1084 2633 hoc
1107 2592 1150 2632 in
1179 2592 1304 2634 nobis
1325 2591 1481 2633 mirum
1500 2605 1592 2632 esse
1613 2591 1822 2643 videatur,

426 2709 463 2737 41
481 2707 664 2747 accesseris]
696 2707 846 2738 Pearcius
873 2716 946 2737 cum
975 2706 1078 2736 Gron.
1123 2709 1174 2736 est
1199 2704 1230 2735 id
1252 2703 1428 2742 sufficiens,
1447 2713 1508 2735 nec
1530 2715 1569 2735 ea
1588 2703 1750 2735 correctio
1765 2711 1822 2741 ne·

383 2759 401 2779 e
415 2748 495 2779 Mss.
519 2749 711 2790 quibusdam
729 2755 762 2779 et
785 2748 855 2780 edd.
871 2749 1013 2779 correxit
1027 2757 1080 2778 ac·
1124 2747 1272 2779 cessaria.
1301 2756 1378 2778 nam
1406 2756 1466 2778 nec
1495 2746 1688 2787 simpliciter
1711 2744 1825 2780 orator

381 2792 523 2830 cesserit,
539 2797 577 2823 ut
591 2791 690 2823 habet
705 2790 805 2822 etiam
820 2791 884 2821 Ms.
900 2790 940 2821 E.
965 2799 1081 2830 nempe
1124 2790 1229 2820 dictus
1247 2794 1310 2826 est,
1333 2789 1388 2820 sed
1410 2789 1457 2820 vis
1476 2789 1636 2827 oratoris3
1659 2790 1694 2819 et
1714 2787 1750 2819 in
1769 2796 1821 2818 co-

381 2840 505 2872 orator,
529 2835 620 2874 eujus
644 2841 723 2864 ante
747 2834 883 2864 mentio.
927 2832 990 2863 Sed
1013 2842 1080 2863 non
1123 2832 1203 2863 teris
1217 2835 1267 2863 est
1282 2839 1420 2872 persona
1434 2829 1586 2863 secunda.
