1945 3235
401 143 478 178 313
920 143 995 181 DE
1028 143 1319 182 ORATORE

405 243 518 298 leges
539 244 706 286 licuisse
731 245 900 287 Decius.
962 247 1116 288 Veniet
1144 247 1274 302 igitur
1298 247 1338 286 in
1357 244 1586 300 judicium,
1609 243 1831 286 licueritne

403 315 457 341 cx
483 304 866 352 senatusconsulto,
889 306 1104 345 servandae
1130 304 1375 359 reipublicae
1398 316 1539 342 causa.
1602 301 1831 357 Perspicua

405 368 503 398 sunt
538 358 630 400 liatc
663 361 849 414 quidem,
879 372 921 401 et
956 362 994 402 in
1035 362 1195 415 vulgari
1233 364 1250 390 ὃ
1267 359 1492 416 prudentia
1526 358 1628 408 sita3
1660 359 1732 399 sed
1760 358 1832 400 illa

404 416 656 468 quaerenda:
687 432 783 471 quae
813 419 866 457 ab
891 430 1139 458 accusatore
1167 429 1211 457 et
1233 417 1454 457 defensore
1482 425 1747 470 argumenta,
1776 414 1830 456 ad

321 473 385 520 31
407 471 462 520 id,
483 474 597 527 quod
619 474 658 513 in
675 474 889 527 judiciuin
914 476 1042 524 venit,
1066 475 1316 530 spectantia,
1338 473 1522 514 debeant
1543 472 1700 512 afferri.
1749 471 1830 512 At-

319 543 485 582 133que
509 530 576 570 liic
595 530 694 570 illud
717 531 942 571 videndum
964 542 1040 581 est,
1064 533 1105 571 in
1128 546 1212 586 quo
1233 545 1421 571 suminus
1437 540 1500 569 est
1519 543 1634 569 error
1653 529 1830 569 istorum

401 586 719 640 magistrorum,
738 587 788 627 ad
809 603 914 641 quos
937 589 1090 628 liberos
1111 598 1274 628 nostros
1296 587 1520 636 mittimus,
1540 599 1623 626 non
1643 600 1729 640 quo
1750 585 1831 626 hoc

400 643 571 697 quidem
605 644 656 683 ad
693 644 919 684 dicendum
955 659 1212 700 magnopere
1249 645 1472 699 pertineat,
1504 643 1575 683 sed
1611 652 1750 683 tamen
1784 650 1833 682 ut

401 700 595 747 videatis,
626 715 750 754 quain
777 702 829 740 sit
853 715 986 756 genus
1011 702 1090 742 hoc
1112 716 1273 747 eorum,
1303 703 1375 755 qui
1400 700 1480 740 sibi
1502 699 1657 740 eruditi
1681 699 1829 740 viden-

402 765 483 805 tur,
517 757 644 796 hebes
672 767 799 812 atque
823 757 1079 813 impolitum.
1141 758 1422 798 Constituunt
1443 756 1554 797 enim
1581 757 1621 796 in
1647 756 1833 812 partien-

401 813 465 852 dis
489 813 729 854 orationum
752 815 888 854 modis
908 815 992 854 duo
1017 829 1171 870 genera
1189 827 1425 855 causarum.
1448 828 1578 854 unum
1601 812 1833 869 appellant,

404 869 445 909 in
480 884 579 924 quo,
614 871 703 910 sine
741 871 929 926 personis
971 881 1098 926 atque
1132 872 1410 926 temporibus,
1440 870 1492 910 de
1525 870 1723 910 universo
1759 883 1833 925 ge-

400 940 498 966 nere
531 936 767 981 quae1·atUi·;
798 928 991 977 alterum,
1022 929 1134 982 quod
1169 928 1359 983 personis
1391 927 1518 968 certis
1550 936 1592 968 et
1628 927 1832 982 tempori-

406 983 482 1024 bus
504 983 755 1024 definiatur:
790 985 942 1039 ignari,
965 999 1111 1025 omnes
1135 984 1444 1025 controversias
1476 984 1529 1024 ad
1551 983 1734 1024 universi
1759 998 1832 1039 ge·-

318 1049 391 1082 134
405 1040 514 1080 neris
539 1041 620 1080 vim
645 1051 687 1081 et
711 1050 903 1082 naturam
927 1042 1084 1082 referri.
1137 1042 1248 1082 Nam
1270 1042 1311 1081 in
1336 1055 1385 1081 ea
1404 1041 1495 1096 ipsa
1512 1055 1653 1090 causa,
1675 1040 1728 1080 de
1748 1055 1833 1095 qua

402 1107 500 1137 ante
522 1097 628 1146 dixi,
652 1098 756 1146 nihil
781 1098 964 1153 pertinet
993 1099 1046 1139 ad
1079 1099 1258 1140 oratoris
1292 1098 1407 1138 locos
1441 1097 1606 1152 Opimii
1638 1111 1831 1153 persona,

400 1153 506 1194 nihil
532 1153 670 1195 Decii.
726 1154 791 1195 De
814 1155 906 1210 ipso
929 1156 1042 1196 enim
1064 1156 1261 1196 universo
1285 1168 1438 1210 genere
1460 1154 1629 1195 infinita
1649 1155 1832 1209 quaestio

399 1222 476 1261 est,
498 1226 597 1252 num
620 1226 751 1266 poena
772 1212 964 1252 videatur
985 1227 1075 1252 esse
1096 1212 1358 1262 afficiendus,
1380 1210 1452 1266 qui
1475 1211 1612 1252 civem
1635 1226 1687 1252 ex
1712 1225 1832 1252 sena-

401 1269 666 1309 tusconsulto
701 1270 847 1323 patriae.
876 1270 1178 1310 conservandae
1205 1284 1332 1310 causa
1356 1269 1631 1319 interemerit,
1660 1282 1759 1309 cum
1788 1268 1831 1310 id

272 1337 301 1367 Ρ·
321 1329 476 1380 ¹⁶2¹-per
498 1325 610 1379 leges
633 1340 714 1365 non
740 1326 895 1366 liceret.
961 1326 1088 1366 Bulla
1117 1327 1299 1381 denique
1324 1336 1387 1366 est
1418 1340 1559 1374 causa,
1582 1326 1625 1366 in
1654 1341 1738 1381 qua
1772 1325 1829 1375 id,

359 1380 513 1435 a'quod
549 1384 590 1422 in
615 1382 826 1437 judicium
854 1383 983 1433 venit,
1013 1396 1066 1424 ex
1101 1398 1263 1424 reorum
1292 1383 1496 1438 personis,
1518 1397 1602 1423 non
1628 1396 1830 1438 generum

315 1439 589 1494 135ipsorum
614 1443 810 1479 universa
836 1440 1126 1495 disputatione
1150 1450 1379 1495 quaeratur.
1440 1440 1688 1486 Quinetiam
1715 1440 1757 1481 in
1781 1440 1832 1481 iis

402 1495 518 1550 ipsis,
539 1496 609 1536 ubi
624 1496 675 1536 de
698 1496 812 1536 facto
835 1497 1084 1552 ambigitur,
1097 1499 1314 1552 ceperitne
1329 1506 1478 1537 contra
1499 1496 1614 1553 leges
1630 1497 1832 1552 pecunias

401 1552 451 1592 P.
471 1552 643 1602 Decius,
663 1564 914 1608 argumenta
926 1565 968 1594 et
987 1554 1214 1594 criminum
1233 1565 1275 1594 et
1296 1553 1556 1594 defensionis
1579 1563 1831 1595 revocentur

394 1620 565 1664 oportet
587 1610 638 1650 acl
663 1624 811 1665 genus,
845 1620 888 1650 et
918 1611 968 1651 ad
998 1621 1192 1651 naturam
1223 1611 1487 1652 universam:
1520 1611 1635 1665 quod
1665 1620 1829 1652 sumtu-

394 1681 506 1715 osus‚
536 1667 588 1707 (le
621 1666 813 1707 luxuria:
845 1668 957 1721 quod
987 1668 1112 1708 alieni
1146 1679 1366 1723 appetens,
1399 1667 1450 1708 de
1477 1668 1680 1709 avaritia:
1711 1669 1828 1722 quod

395 1724 635 1773 seditiosus,
657 1724 709 1763 de
743 1725 998 1764 turbulentis
1023 1735 1066 1765 et
1101 1726 1221 1765 malis
1251 1725 1445 1766 civibus:
1475 1726 1590 1779 quod
1625 1740 1650 1766 a
1680 1724 1827 1766 multis

394 1781 602 1836 arguitur,
633 1781 684 1821 de
706 1795 860 1836 genere
884 1782 1080 1823 testium:
1113 1792 1361 1836 contraque,
1380 1796 1477 1837 quae
1497 1796 1574 1837 pro
1593 1796 1664 1823 reo
1681 1782 1828 1823 dicen-

397 1846 476 1887 tur,
499 1838 644 1878 onmia
664 1839 898 1878 necessario
918 1854 941 1879 a
959 1850 1149 1894 tempore
1167 1850 1236 1894 atq
1245 1853 1295 1879 ue
1314 1839 1487 1879 homine
1507 1839 1559 1879 ad
1578 1853 1826 1880 communes

308 1900 381 1933 136
394 1908 530 1935 rerum
553 1905 596 1935 et
617 1909 820 1950 generum
843 1910 1028 1935 summas
1050 1896 1332 1936 revolventur.
1368 1895 1513 1950 Atque
1534 1895 1825 1937 haecforsitan

393 1951 573 2001 homini,
595 1966 679 1992 non
700 1952 858 2001 omnia,
880 1967 975 2007 quae
1001 1964 1099 1993 sunt
1121 1953 1161 1993 in
1182 1963 1332 1993 natura
1351 1967 1504 2003 rerum,
1527 1953 1719 1994 celeriter
1734 1953 1825 1994 ani-

391 2022 464 2048 mo
485 2008 880 2064 comprehendenti,
903 2010 1113 2063 permulta
1134 2010 1369 2060 videantur,
1389 2024 1484 2064 quae
1505 2010 1678 2051 veniant
1695 2010 1736 2050 in
1751 2010 1824 2065 ju-

392 2065 550 2106 dicium
583 2076 688 2115 tum,
713 2080 808 2106 curn
835 2065 886 2105 de
915 2065 1030 2106 facto
1062 2077 1301 2121 quaeratur:
1334 2067 1406 2106 sed
1429 2075 1569 2106 tamen
1593 2066 1821 2107 criminum

308 2109 376 2155 32
392 2131 455 2161 est
480 2121 722 2172 multitudo,
745 2137 830 2162 non
852 2121 1148 2163 defensionum
1173 2134 1245 2163 aut
1270 2124 1474 2173 locorum,
1494 2122 1676 2164 infinita.
1709 2123 1821 2170 Quae

306 2180 376 2218 137
393 2192 506 2227 vero,
529 2193 626 2219 cuin
649 2179 701 2219 de
720 2179 835 2219 facto
860 2192 944 2219 non
976 2180 1226 2235 ambigitur,
1254 2190 1519 2234 quaeruntur,
1549 2180 1692 2234 qualia
1713 2181 1820 2232 sint;

388 2249 438 2275 ea
460 2236 491 2275 si
516 2250 569 2275 ex
594 2235 672 2275 reis
696 2250 904 2285 numeres,
927 2246 969 2276 et
992 2237 1318 2277 innumerabilia
1339 2246 1452 2286 sunt,
1474 2246 1518 2277 et
1545 2237 1752 2278 obscura:
1785 2237 1819 2277 si

387 2306 441 2332 ex
476 2293 616 2342 rebus,
651 2292 771 2333 valde
804 2301 847 2332 et
880 2293 1062 2343 modica,
1093 2303 1136 2333 et
1160 2293 1352 2334 illustria.
1415 2293 1527 2335 Nam
1561 2294 1594 2334 si
1622 2293 1819 2334 Mancini

386 2363 555 2389 causam
581 2350 622 2389 in
647 2364 733 2390 uno
759 2348 968 2390 Mancino
991 2350 1204 2405 ponimus,
1234 2352 1589 2405 quotiescumque
1616 2350 1665 2400 is,
1691 2364 1818 2404 quem

385 2415 698 2461 paterpatratus
732 2406 955 2456 dediderit,
978 2417 1173 2462 receptus
1205 2422 1290 2448 non
1324 2408 1418 2457 erit,
1442 2408 1568 2448 toties
1590 2421 1718 2447 causa
1743 2421 1820 2447 no-

387 2476 439 2501 va
462 2473 670 2503 nascetur.
723 2463 827 2504 ⁴Sin
851 2462 895 2504 in
925 2463 995 2504 illa
1016 2465 1304 2505 controversia
1333 2479 1504 2505 causam
1531 2463 1650 2513 facit,
1676 2463 1820 2504 videa-

386 2528 509 2559 turne
527 2520 580 2569 ei,
601 2535 727 2574 quem
745 2529 1058 2576 paterpatratus
1077 2521 1302 2571 dediderit,
1321 2521 1353 2561 si
1377 2521 1410 2561 is
1431 2535 1513 2561 non
1535 2520 1590 2560 sit
1609 2530 1819 2576 receptus,

423 2649 441 2676 3
459 2646 639 2686 prudentia
660 2650 743 2681 sita,-
766 2648 821 2678 sed
845 2649 905 2678 illa
931 2658 1074 2688 qnoeren-
1118 2649 1339 2679 controversia
1367 2659 1431 2679 non
1469 2658 1599 2678 caueam
1638 2647 1732 2684 facit,
1761 2648 1819 2679 sed

378 2688 454 2728 deu]
480 2689 532 2719 Sic
547 2689 751 2729 interpunxi:
776 2691 801 2719 si
824 2691 883 2720 icta
899 2692 1075 2720 referretur
1117 2692 1287 2729 (jurentur,
1309 2691 1385 2729 quid
1401 2692 1434 2720 iu
1450 2691 1671 2721 controversia
1685 2700 1817 2720 causam

377 2730 417 2760 ad
443 2736 655 2769 argumenta,
679 2732 811 2761 deberet
833 2739 906 2771 post
931 2742 999 2763 esse
1021 2735 1073 2763 de·
1118 2734 1228 2769 faciat,
1252 2734 1431 2762 contineat.
1476 2732 1604 2762 Excidit
1628 2733 1662 2762 in
1685 2732 1726 2762 ob
1747 2741 1818 2762 ver-

375 2771 457 2802 bem.
502 2772 566 2802 MS.
587 2772 624 2803 E.
641 2783 711 2812 quoe
727 2778 756 2803 εί
773 2774 814 2803 ab
827 2784 893 2804 arc.
906 2778 948 2804 et.
1117 2775 1193 2805 burn
1211 2775 1405 2815 prm-edens.
1441 2771 1556 2805 lu‘hnc
1570 2774 1732 2805 evidentia
1749 2783 1817 2804 no-

416 2817 436 2844 4
457 2816 506 2844 sin
531 2815 591 2844 illa
615 2815 846 2854 controversia]
873 2816 949 2845 Sine
974 2815 1072 2846 dubio
1116 2816 1260 2848 dubitavi
1277 2817 1322 2846 sic
1337 2816 1441 2847 edere.

372 2855 547 2895 legendum
563 2862 629 2886 est:
654 2858 704 2888 ein
719 2858 753 2887 in
766 2858 826 2887 illa
846 2863 948 2888 contr.
985 2858 1070 2888 Nam
