1945 3235
676 135 863 176 LIBER
888 136 1127 174 PRIMUS.
1548 143 1618 178 133

191 254 326 292 mum,
365 241 480 298 quod
507 241 576 284 ille
612 242 856 298 nuperrime
889 240 1070 282 dixerit:
1120 250 1194 281 aut
1230 241 1499 285 dubitatione
1543 246 1620 296 uti,

191 297 296 353 quid
327 300 514 355 primum
551 299 682 350 dicas,
715 309 790 341 aut
818 299 887 340 cui
915 298 1188 354 potissimum
1222 298 1315 339 loco
1351 302 1620 355 respondeaS,

191 354 610 399 cffmadmiratione'.
672 356 787 397 Nam
806 356 976 397 auditor
997 369 1095 396 cum
1115 369 1227 405 eum,
1245 370 1371 410 quem
1391 357 1618 399 adversarii

191 414 490 469 perturbatum
511 422 667 471 putant
685 414 893 465 oratione,
907 413 1024 454 videt
1042 413 1185 453 animo
1208 412 1452 453 firmissimo
1472 424 1621 456 contra

189 469 333 512 dicere
370 479 580 528 paratum,
616 471 866 527 plerumque
908 484 952 511 se
999 470 1142 526 potius
1184 479 1343 511 temere
1380 471 1621 523 assensisse,

191 542 322 583 quam
344 528 461 569 illum
492 528 581 569 sine
611 543 739 569 causa
768 528 983 569 confidere
1013 528 1257 568 arbitratur.
1318 527 1393 568 Sin
1416 528 1622 570 auditoris

191 586 380 626 studium
413 585 668 641 defatigatio
691 585 951 626 abalienavit
981 600 1005 626 a
1038 599 1179 636 causa,
1202 594 1244 626 te
1277 585 1463 636 brevius,
1493 601 1623 641 quam

190 652 363 698 paratus
386 642 530 694 fueris,
549 657 640 684 esse
658 643 889 693 dicturum,
912 643 1186 683 commodum
1210 650 1273 683 est
1287 642 1504 698 polliceri;
1537 658 1624 687 non

189 699 456 741 imitaturum
480 700 783 742 adversarium.
844 701 921 741 Sin
943 715 1009 741 res
1031 700 1167 751 dabit,
1190 714 1275 741 non
1301 700 1450 740 inutile
1471 708 1549 751 est,
1569 702 1624 742 ab

191 756 334 811 aliqua
362 771 407 798 re
438 773 552 799 nova
580 766 655 799 aut
687 758 866 800 ridicula
898 758 1101 813 incipere,
1128 765 1202 798 aut
1222 772 1275 798 ex
1307 766 1500 813 tempore
1526 773 1623 813 quae

188 822 291 855 nata
325 814 405 867 sit3
438 818 477 846 55
492 816 607 871 quod
647 831 798 872 genus,
839 815 1079 871 strepitum,
1129 814 1508 858 acclamationem:
1552 824 1626 857 aut

183 870 279 927 jam
314 880 477 928 parata,
499 888 596 928 quae
624 873 692 915 vel
724 873 971 930 apologum,
1007 872 1073 914 vel
1105 871 1309 924 fabulam,
1343 872 1408 913 vel
1439 872 1625 928 aliquam

189 928 411 971 contineat
452 930 717 972 irrisionem:
758 940 845 983 aut,
883 931 916 971 si
950 931 1009 971 rei
1032 930 1221 985 dignitas
1260 930 1421 971 adimet
1445 930 1626 986 jocandi

189 984 454 1039 facultatem,
496 987 657 1044 aliquid
707 989 840 1040 triste,
872 1002 1048 1039 novum,
1095 988 1313 1039 horribile,
1352 988 1498 1027 statim
1540 1003 1627 1029 non

190 1043 514 1086 incommodum
546 1054 611 1086 est
631 1045 821 1101 injicere.
852 1060 952 1087 nam
975 1054 1022 1086 ut
1040 1045 1126 1086 cibi
1147 1046 1318 1086 satietas
1340 1054 1382 1085 et
1406 1045 1627 1086 fastidium

189 1109 265 1141 aut
286 1103 514 1143 subamara
535 1103 677 1159 aliqua
707 1118 751 1144 re
781 1102 1005 1153 relevatur,
1030 1110 1103 1143 aut
1136 1102 1248 1143 dulci
1288 1102 1543 1157 mitigatur:-
1568 1103 1628 1145 sic

189 1158 358 1200 animus
410 1159 600 1201 defessus
652 1160 879 1212 audiendo,
931 1168 1006 1200 aut
1047 1159 1330 1200 admiratione
1374 1159 1627 1216 integratur,

190 1215 232 1246 56
243 1225 318 1256 aut
336 1217 421 1258 risu
440 1226 638 1259 novatur.

244 1271 310 1314 Ac
340 1274 568 1331 separatim
597 1275 786 1331 quidem,
816 1289 913 1330 quae
947 1274 999 1315 de
1032 1274 1246 1330 principio
1276 1283 1318 1315 et
1340 1274 1628 1316 insinuatione
1645 1275 1710 1323 18

187 1328 371 1372 dicenda
402 1332 673 1384 videbantur,
702 1333 798 1374 haec
820 1333 909 1374 fere
931 1341 1045 1372 sunt.
1107 1332 1236 1372 Nunc
1258 1332 1463 1387 quiddam
1487 1333 1627 1373 brevi-

189 1395 252 1428 ter
272 1396 316 1429 et
333 1389 620 1432 communiter
637 1390 689 1431 de
708 1398 891 1446 utroque
912 1389 1252 1446 praecipiendum
1273 1389 1455 1430 videtur.
1489 1388 1629 1431 Exor-

186 1444 322 1496 dium,
345 1447 654 1490 sententiarum
673 1457 717 1489 et
735 1448 960 1504 gravitatis
987 1447 1221 1503 plurimum
1244 1447 1372 1488 debet
1391 1447 1564 1499 habere,
1587 1458 1630 1489 et

188 1503 367 1545 omnino
390 1505 550 1556 onmia,
573 1520 670 1561 quae
705 1505 922 1561 pertinent
954 1505 1006 1545 ad
1029 1505 1302 1561 dignitatem,
1336 1504 1381 1545 in
1415 1520 1457 1546 se
1492 1506 1631 1546 conti-

189 1572 304 1611 nere,
336 1570 562 1618 propterea
591 1563 707 1618 quod
739 1563 781 1603 id
817 1563 980 1619 optime
1008 1561 1254 1603 faciendum
1289 1570 1366 1613 est,
1389 1563 1505 1618 quod
1535 1578 1631 1604 ora-

189 1625 326 1659 torem
360 1619 545 1661 auditori
568 1623 606 1655 57
621 1620 812 1661 maxime
834 1620 1108 1662 commendet
1128 1637 1137 1662 z
1172 1619 1423 1676 splendoriS,
1445 1630 1488 1660 et
1511 1619 1630 1661 festi-

189 1675 350 1726 vitatis,
384 1686 429 1718 et
467 1678 833 1719 concinnitudinis
872 1678 1116 1729 minimum,
1151 1686 1379 1733 propterea
1417 1678 1533 1733 quod
1574 1692 1629 1719 ex

188 1730 255 1773 his
275 1734 463 1790 suspicio
481 1735 681 1791 quaedam
712 1735 1004 1792 apparationis
1027 1744 1156 1790 atque
1178 1734 1423 1776 artificiosae
1446 1735 1629 1791 diligen-
1641 1749 1671 1779 1‘·
1688 1742 1739 1772 43-

186 1789 260 1831 tiae
294 1792 509 1834 nascitur:
544 1807 642 1848 quae
684 1793 873 1833 maxime
903 1792 1088 1834 orationi
1122 1792 1266 1843 fidem,
1291 1793 1451 1833 oratori
1475 1793 1670 1833 adimita·

187 1848 507 1890 auctoritatem.
568 1849 686 1890 Vitia
716 1864 816 1891 vero
840 1851 934 1891 haec
958 1850 1319 1901 suntlcertissima
1335 1850 1627 1901 exordiorum,

189 1918 287 1959 quae
307 1908 578 1963 summopere
597 1907 731 1948 vitare
751 1907 997 1963 oportebit3
1030 1907 1219 1963 vulgare,
1242 1921 1486 1958 commune,
1510 1922 1629 1948 com-
1639 1907 1689 1942 26

187 1963 409 2014 mutabile,
428 1963 622 2020 longum,
647 1973 905 2021 separatum,
928 1964 1196 2014 translatum,
1226 1972 1377 2004 contra
1398 1975 1629 2021 praecepta.

190 2020 228 2049 53
245 2019 431 2076 Vulgare
463 2030 541 2072 est,
564 2021 679 2077 quod
712 2022 754 2063 in
786 2022 926 2078 plures
956 2037 1104 2063 causas
1133 2031 1276 2077 potest
1297 2023 1631 2073 accommodari,

187 2083 236 2116 ut
253 2079 483 2121 convenire
503 2078 713 2120 videatur.
775 2080 1017 2121 Commune
1040 2089 1118 2130 est,
1137 2078 1253 2134 quod
1275 2078 1410 2119 nihilo
1430 2080 1572 2120 minus
1586 2080 1632 2121 in

190 2131 318 2186 hanc,
340 2150 469 2191 quam
500 2136 545 2177 in
575 2137 836 2178 contrariam
859 2146 1025 2192 partem
1044 2151 1200 2187 causae,
1220 2145 1364 2191 potest
1382 2138 1630 2178 convenire.

197 2189 518 2234 Commutabile
549 2202 628 2246 est,
651 2194 764 2250 quod
785 2195 839 2235 ab
871 2194 1113 2236 adversario
1136 2202 1293 2250 potest,
1312 2193 1463 2235 leviter
1493 2203 1631 2236 muta-

229 2308 269 2336 55
284 2306 381 2348 Quod
397 2317 515 2346 genus,
528 2308 715 2348 strepitum,
729 2310 894 2339 acclama-
940 2309 1020 2339 tius.

186 2347 330 2388 tionem]
358 2348 422 2380 Hic
437 2350 554 2381 vitium
576 2360 658 2388 esse,
681 2351 807 2381 clarum
822 2355 890 2381 est:
979 2354 1017 2386 57
1046 2351 1196 2382 Maxime
1224 2351 1447 2390 commendet]
1488 2350 1540 2380 Sic
1565 2360 1633 2382 esse

185 2398 264 2420 nam
298 2391 346 2422 nil
374 2396 436 2429 est,
464 2392 551 2423 unde
577 2393 785 2424 substantiva
819 2393 892 2424 haec
935 2392 1043 2431 debet,
1059 2403 1127 2424 non
1149 2394 1365 2429 commendat,
1385 2394 1460 2433 quia
1479 2394 1633 2433 praecedit

187 2432 365 2472 pendeant.
410 2434 526 2466 Lamb.
550 2434 652 2466 edidit
666 2437 817 2476 strepitu,
834 2446 889 2466 ac·
923 2436 1123 2477 fcteiendmn
1135 2440 1191 2466 est.
1222 2435 1266 2465 Et
1280 2436 1326 2466 sic
1341 2436 1376 2466 M
1379 2446 1418 2466 ss.
1434 2435 1526 2465 Voss.
1540 2435 1632 2466 Leid.

187 2475 394 2513 clamatione,
410 2477 498 2517 quod
512 2477 634 2508 arridet
643 2478 889 2518 OudendorpiO,
932 2488 1133 2518 quamquam
1146 2479 1181 2508 in
1195 2477 1258 2508 hoc
1271 2482 1321 2508 est
1336 2478 1521 2508 commodet.

187 2519 229 2545 ut
252 2517 394 2556 pendeat
422 2530 442 2550 a
467 2519 698 2560 praepositione
725 2522 777 2551 ab.
807 2521 889 2551 Edd.
977 2523 1015 2552 58
1041 2521 1190 2558 Vulgare
1212 2520 1283 2558 est]
1311 2520 1375 2551 Hic
1394 2521 1496 2551 sexies
1515 2524 1562 2551 est
1583 2530 1632 2550 re-

190 2558 368 2592 Mediolan.
401 2564 491 2596 1498.
533 2562 630 2592 Junt.
661 2562 785 2593 addunt
812 2564 890 2593 dici·
934 2564 1069 2603 petitur.
1114 2562 1154 2592 In
1182 2562 1244 2592 ΜΒ.
1270 2562 1358 2593 Cass.
1387 2566 1503 2602 quater
1529 2563 1632 2593 abest.

190 2608 282 2630 mus:
303 2603 390 2641 quod
413 2604 496 2634 mihi
519 2604 648 2635 videtur
670 2616 687 2635 e
708 2606 815 2645 glossa
834 2615 891 2636 na·
936 2606 975 2636 In
985 2605 1055 2635 aliis
1070 2604 1257 2635 Mss.modo
1272 2603 1403 2636 diversis
1418 2605 1509 2635 locis.
1536 2604 1634 2636 Unde

188 2645 283 2680 tum3
307 2654 502 2686 quamquam
513 2652 546 2677 et
556 2647 617 2677 Ms.
630 2648 774 2688 optimus
784 2648 886 2678 Gron.
930 2648 1077 2688 suspicor
1096 2647 1197 2677 etiam
1214 2647 1329 2677 ceteris
1353 2648 1433 2678 locis
1453 2647 1563 2678 abesse
1578 2647 1633 2677 de-

190 2683 307 2715 habuit
321 2687 473 2720 dicemus.
488 2688 570 2719 illud
586 2690 713 2720 melius.
738 2691 822 2730 quod
831 2701 889 2730 ge·
931 2691 1022 2721 bere:
1047 2694 1086 2720 nt
1099 2699 1198 2730 supra
1214 2691 1285 2729 jam
1301 2688 1377 2720 dixi.
1403 2689 1633 2730 Inter-punctio

189 2735 253 2756 nus
266 2731 329 2765 est,
343 2731 487 2771 exempli
501 2741 624 2762 caussa.
932 2733 1062 2769 vitiosa,
1086 2731 1172 2771 quod
1195 2742 1311 2772 nempe
1326 2737 1401 2772 post
1414 2741 1633 2771 unamquam-

230 2769 272 2800 56
284 2771 354 2800 Aut
365 2773 434 2802 risu
447 2775 613 2814 novatur]
639 2774 724 2805 Dedi
737 2785 796 2815 pro
817 2785 892 2806 aar,
935 2785 998 2815 que
1026 2775 1254 2805 definitionem
1282 2781 1445 2815 punctum
1473 2775 1633 2814 scriptum

187 2814 375 2844 renovatur.
419 2815 471 2846 Sic
494 2817 582 2846 enim
609 2817 688 2847 Mss.
716 2818 823 2848 Graev.
852 2822 888 2848 et
928 2818 1006 2854 fuit,
1020 2817 1078 2847 has
1092 2817 1302 2858 repetitiones
1318 2818 1478 2857 peperisse
1492 2816 1632 2852 videtur,

189 2852 261 2883 edd.
275 2855 391 2895 primae
404 2866 506 2897 usque
519 2859 560 2889 ad
573 2859 708 2897 Aldum,
724 2860 780 2899 qui
796 2870 889 2891 reno·
931 2864 969 2890 ut
984 2860 1048 2891 alia
1062 2859 1154 2890 vitia.
1349 2873 1355 2877 ·

189 2898 292 2927 <vatur
305 2897 416 2929 edidit.
462 2900 505 2930 Et
527 2905 578 2932 est
596 2906 736 2933 novatur
750 2903 890 2943 exquisi-

870 2951 949 2987 ΚΒ
