1945 3235
367 103 418 139 66
845 100 925 156 AD,
961 99 1342 142 HERENNIUM

285 211 355 261 24
428 203 573 256 Nunc,
596 218 651 246 ne
673 205 784 250 forte
806 206 1036 248 verborum
1058 206 1328 258 memoriam,
1346 212 1422 248 aut
1438 204 1568 248 nimis
1581 205 1819 260 difficilem,

369 269 445 304 aut
476 276 628 319 parum
655 263 805 306 utilem
831 266 867 294 ¹0
880 265 1102 316 arbitrere,
1136 274 1181 306 et
1211 265 1401 320 ipsarum
1434 263 1644 314 memoria
1674 279 1819 307 rerum

369 328 601 361 contentus
625 322 697 374 sis,
727 319 843 377 quod
866 329 910 363 et
932 321 1126 364 utiliores
1159 321 1259 373 sint,
1281 330 1326 363 et
1347 321 1442 378 plus
1463 319 1654 363 habeant
1673 321 1819 364 facili-

370 376 498 428 tatis3
528 377 824 422 admonendus
855 392 914 428 cs,
936 393 1068 434 quare
1094 380 1326 421 verborum
1351 378 1606 421 memoriam
1628 393 1716 420 non
1738 379 1822 420 im-

369 435 617 533 probemus·
681 437 794 478 Nam
819 446 1019 491 putamus
1041 447 1241 494 oportere
1263 451 1352 488 eos,
1374 436 1448 492 qui
1467 435 1603 478 velint
1625 450 1690 478 res
1712 434 1820 477 faci-

387 492 496 534 iores
529 493 620 534 sine
649 494 796 536 labore
834 503 878 535 et
917 493 1116 537 molestia
1155 494 1282 537 facile
1320 493 1586 545 meminisse,
1617 493 1662 535 in
1680 493 1821 537 ,rebus

370 549 689 593 difficilioribus
722 566 814 592 esse
844 560 944 593 ante
972 553 1250 594 exercitatos.
1312 552 1408 594 Nec
1430 566 1509 593 nos
1531 551 1645 593 hanc
1667 550 1823 592 verbo·

372 621 469 650 rum
491 610 745 650 memoriam
776 608 1035 660 inducimus,
1057 619 1108 651 ut
1136 624 1281 661 versus
1314 609 1563 652 meminisse
1589 607 1823 665 possimuS,

374 666 448 707 sed
470 675 519 707 ut
541 666 621 707 hae
644 662 971 717 exercitatione,
1001 667 1074 709 illa
1095 682 1236 709 rerum
1265 667 1490 717 memoria,
1511 681 1610 722 quae
1633 665 1824 723 pertinet

312 722 364 756 40
375 723 428 764 ad
456 722 703 776 utilitatem,
726 723 1032 779 confirmetur3
1055 735 1104 766 ut
1132 726 1187 767 ab
1210 724 1291 767 hac
1318 724 1486 767 difficili
1508 722 1824 765 consuetudine

374 781 467 821 sine
489 780 635 823 labore
657 782 710 823 ad
729 781 845 823 illam
869 781 1122 824 facilitatem
1135 783 1316 824 transire
1338 782 1568 839 possimus.
1617 780 1703 822 Sed
1721 794 1823 822 cum

375 838 419 881 in
450 838 569 879 omni
603 838 833 896 disciplina
861 838 1034 881 infirma
1053 850 1120 882 est
1140 840 1243 882 artis
1266 840 1504 897 praeceptio
1532 839 1624 880 sine
1654 851 1825 880 summa

374 894 628 937 assiduitate
660 896 1001 948 exercitationis,
1024 907 1118 939 tum
1145 912 1247 939 vero
1280 898 1324 939 in
1352 905 1559 951 μνημονικοῒς
1592 895 1825 938 minimum

377 952 492 994 valet
510 953 722 1004 doctrina,
742 954 824 995 nisi
846 954 1070 1006 industria,
1093 955 1252 1006 studio,
1273 954 1436 1006 labore,
1457 953 1687 1012 diligentia
1705 967 1826 995 com-

376 1011 598 1066 probetur.
661 1012 807 1059 Quam
842 1011 1048 1068 plurimos
1074 1012 1193 1054 locos
1223 1021 1273 1054 ut
1301 1011 1478 1063 habeas,
1500 1021 1544 1053 et
1572 1026 1703 1068 quam
1733 1024 1825 1052 ma-

376 1067 496 1109 xime
518 1068 571 1109 ad
595 1078 816 1126 praecepta
829 1070 1197 1122 accommodatos,
1219 1084 1370 1112 curare
1385 1069 1580 1112 debebis.
1643 1068 1696 1110 In
1718 1068 1826 1109 ima·

374 1125 551 1181 ginibus
565 1126 828 1169 collocandis
850 1128 1042 1170 exerceri
1061 1128 1258 1184 quotidie
1276 1126 1522 1170 conveniet.
1584 1125 1688 1168 Non
1708 1125 1826 1169 enim

375 1183 489 1224 sicut
511 1198 536 1224 a
558 1185 710 1226 ceteris
735 1184 886 1227 studiis
909 1185 1167 1227 abducimur
1187 1199 1501 1241 nonnunquam
1519 1183 1825 1241 occupatione,

376 1241 438 1282 ita
459 1242 514 1283 ab
538 1241 618 1283 hac
641 1257 686 1284 re
708 1258 786 1283 nos
810 1252 955 1299 potest
976 1258 1107 1286 eausa
1127 1243 1341 1286 deducere
1364 1243 1523 1299 aliqua.
1585 1240 1825 1298 Nunquam

375 1308 440 1339 est
470 1300 601 1351 enim,
632 1300 737 1355 quin
770 1300 931 1356 aliquid
963 1301 1186 1344 memoriae
1220 1302 1388 1343 tradere
1427 1299 1625 1351 velimus,
1654 1307 1700 1340 et
1730 1306 1824 1340 tum

374 1357 581 1408 maxime,
615 1372 715 1399 cum
746 1358 890 1414 aliquo
932 1359 1098 1415 majore
1136 1359 1316 1416 negotio
1355 1359 1616 1400 detinemur.
1679 1356 1828 1404 Quare

375 1428 476 1455 cum
499 1415 555 1455 sit
578 1415 697 1467 utile,
719 1415 846 1458 facile
868 1417 1130 1468 meminisse,
1141 1432 1229 1458 non
1248 1426 1292 1458 te
1310 1415 1435 1468 fallit,
1456 1414 1574 1472 quod
1597 1422 1826 1472 tantopere

377 1471 482 1514 utile
504 1473 574 1523 sit,
593 1482 756 1528 quanto
775 1473 922 1516 labore
942 1475 998 1516 sit
1015 1474 1334 1532 appetendum:
1358 1473 1476 1530 quod
1499 1472 1661 1530 poteris
1675 1471 1829 1514 existi-

374 1544 507 1581 mare,
530 1530 719 1572 utilitate
741 1532 933 1587 cognita.
995 1532 1199 1574 Pluribus
1225 1532 1368 1574 verbis
1401 1531 1456 1573 ad
1479 1544 1575 1572 eam
1597 1539 1640 1570 te
1662 1527 1827 1572 hortari

373 1599 461 1628 non
493 1597 558 1629 est
589 1589 817 1640 sententia,
853 1593 885 1621 ll
907 1605 962 1631 ne
993 1598 1069 1632 aut
1099 1599 1175 1632 tuo
1206 1589 1351 1632 studio
1382 1588 1529 1639 diffisi,
1562 1595 1638 1629 aut
1665 1586 1827 1638 minus,

372 1659 503 1699 quam
523 1660 588 1687 res
609 1646 812 1702 postulat,
836 1646 998 1690 dixisse
1020 1648 1259 1691 videamur.
1322 1646 1392 1690 De
1413 1646 1567 1702 quinta
1588 1653 1709 1702 parte
1727 1643 1826 1687 rhe-

373 1702 524 1745 toricae
547 1703 751 1761 deinceps
782 1704 1000 1749 dicemus:
1025 1714 1072 1748 tu
1102 1706 1263 1762 primas
1284 1719 1478 1761 quasque
1501 1711 1644 1761 partes
1666 1703 1713 1745 in
1734 1701 1828 1743 ani-

372 1775 446 1801 mo
463 1760 717 1859 fifrequenta,
751 1772 809 1814 et,
838 1764 955 1819 quod
987 1764 1180 1806 maxime
1202 1777 1377 1806 necesse
1402 1771 1482 1814 est,
1511 1759 1828 1807 exercitatione

375 1832 457 1859 con
495 1833 601 1861 rma.

419 1936 457 1964 lo
468 1934 664 1975 Arbita-ra]
683 1936 747 1966 Pro
756 1936 928 1967 arbitreris
935 1935 1083 1968 dedimus
1125 1936 1226 1977 Vulg.
1251 1945 1293 1967 ne
1305 1940 1367 1967 aut
1382 1939 1419 1967 tu
1436 1939 1558 1972 nostro,
1576 1938 1638 1966 aut
1653 1943 1712 1964 mn·
1724 1936 1780 1964 tuo
1791 1935 1834 1963 st.

372 1986 390 2006 e
406 1975 488 2007 Mss.
502 1982 536 2007 et
551 1977 623 2008 edd.
640 1980 731 2013 1474.
745 1978 881 2010 Mediol.
894 1979 1012 2020 prima.
1125 1979 1196 2010 Aut
1210 1983 1248 2010 tu
1259 1982 1368 2010 nostro
1381 1979 1484 2009 etiam
1498 1977 1584 2010 Oud.
1597 1974 1733 2009 resecari
1745 1973 1833 2013 vult,

419 2022 452 2049 11
475 2020 531 2050 Ne
543 2024 605 2051 aut
614 2025 669 2051 tuo
681 2021 813 2062 studia]
830 2021 883 2052 Sic
892 2021 1052 2052 edidimus
1065 2032 1083 2053 e
1125 2022 1182 2054 sed
1196 2021 1283 2054 male
1295 2026 1405 2052 servat
1418 2030 1485 2052 nos.

373 2061 454 2093 Mss.
468 2066 503 2094 et
515 2062 566 2094 ed.
590 2065 678 2097 1474.
701 2073 776 2103 quoe
794 2063 893 2105 plane
911 2063 958 2095 sie
970 2064 1081 2096 habet.
1515 2085 1520 2088 -
1576 2065 1592 2075 ¹*
