1945 3235
332 118 409 165 5¹74
817 123 896 161 AD
933 121 1292 161 TREBATIUM

329 226 383 268 ad
416 226 623 282 parietem
647 240 922 269 communem
954 228 1205 284 adjungere,
1228 227 1294 268 vei
1327 225 1526 277 solidum,
1550 225 1615 267 vel
1645 224 1783 270 forni'-

329 293 491 325 catum.
515 294 557 325 at
582 284 615 325 si
638 284 733 340 quis
757 286 799 326 in
814 286 989 342 ‘pariete
1011 285 1231 327 communi
1253 284 1526 326 demoliendo
1547 284 1692 326 damni
1716 286 1782 326 in-

329 342 434 383 fecti
471 342 732 398 promiserit,
766 358 853 384 non
892 344 1069 385 debebit
1104 352 1323 400 praestare,
1353 342 1470 398 quod
1506 340 1652 383 fornix
1685 342 1782 384 vitii

331 399 497 441 fecerit.
529 415 613 441 non
637 401 753 441 enim
777 401 870 456 ejus
897 402 1018 453 vitio,
1042 403 1115 457 qui
1138 401 1367 442 demolitus
1389 409 1468 450 est,
1491 399 1696 441 damnum
1719 399 1783 441 fa-

331 467 451 499 ctum
486 467 564 510 est,
595 459 667 499 sed
700 458 793 513 ejus
827 459 968 514 operis
1004 460 1124 509 vitio,
1157 458 1273 514 quod
1304 459 1365 498 ita
1403 457 1668 499 aedificatum
1702 466 1782 508 est,

268 517 318 550 523
332 519 372 546 2⁰
385 525 431 557 ut
453 516 654 573 suspendi
678 531 762 556 non
787 525 946 571 posset.
1007 517 1128 558 2'1Ab
1149 516 1314 558 effectis
1345 516 1486 566 rebus,
1508 515 1593 556 hoc
1623 515 1782 556 modo:

282 566 315 597 b.
333 572 446 615 Cum
475 574 628 615 mulier
650 573 741 613 viro
763 573 807 614 iu
839 588 1014 615 manum
1037 575 1257 625 convenit,
1279 572 1439 624 omnia,
1462 588 1560 628 quae
1590 572 1782 614 mulieris

329 630 520 683 fuerunt,
545 631 623 671 viri
654 630 766 671 fiunt
788 630 903 671 dotis
934 632 1123 673 nomine.
1187 632 1255 673 Ex
1280 631 1606 688 comparatione
1637 640 1783 672 autem

329 690 478 730 omnia
505 688 663 739 valent,
686 703 783 743 quae
816 697 916 730 sunt
946 689 1185 744 ejusmodi:
1247 692 1288 721 22
1303 689 1435 736 Quod
1465 689 1510 729 in
1543 703 1588 730 re
1617 688 1783 744 majore

328 747 458 798 valet,
480 746 619 787 valeat
641 746 685 786 in
708 746 898 788 minore:
931 757 994 797 ut,
1019 747 1053 787 si
1076 747 1120 788 in
1143 747 1248 787 urbe
1269 747 1374 788 fines
1396 761 1482 788 non
1503 749 1543 778 23
1557 755 1781 803 reguntur,

330 816 410 846 nec
443 818 554 860 aqua
582 804 627 845 iu
658 805 764 846 urbe
793 806 833 835 24
846 815 1056 846 arceatur.
1119 803 1230 845 Item
1253 815 1428 847 contra:
1462 805 1593 851 Quod
1625 805 1670 846 in
1700 804 1783 846 mi-

329 876 435 903 nore
459 861 584 913 valet,
608 862 747 903 valeat
778 862 820 902 in
853 862 1032 918 majore.
1063 862 1166 903 licet
1195 862 1309 903 idem
1331 862 1580 918 exemplum
1601 876 1783 904 conver-

329 926 433 961 tere.
495 919 634 962 Item:
668 920 798 966 Quod
822 919 866 961 in
897 936 942 961 re
964 920 1056 977 pari
1079 920 1207 971 valet,
1229 919 1369 960 valeat
1390 919 1434 960 in
1456 919 1553 970 hac,
1575 934 1671 975 quae
1704 934 1782 977 par

326 987 415 1020 est:
448 986 510 1029 ut,
533 979 573 1007 25
585 978 805 1024 Quoniam
836 994 937 1020 usus
968 978 1203 1019 auctoritas
1224 977 1347 1018 fundi
1378 976 1601 1018 biennium
1624 986 1704 1029 est,
1726 978 1782 1019 sit

326 1036 454 1077 etiam
481 1035 656 1077 aedium.
678 1044 724 1077 at
747 1037 788 1076 in
811 1035 907 1093 lege
930 1037 1042 1078 aedes
1062 1050 1148 1077 non
1171 1035 1456 1092 appeilantur,
1477 1035 1519 1066 26
1531 1043 1575 1076 et
1593 1044 1693 1076 sun-t
1711 1050 1781 1077 ce-

328 1101 515 1135 terarum
551 1107 694 1135 rerum
726 1094 936 1146 omnium,
969 1109 1151 1150 quarum
1189 1108 1356 1135 annuus
1389 1101 1454 1134 est
1489 1108 1606 1134 usus.
1642 1092 1783 1135 valeat

264 1159 315 1196 24
329 1151 526 1207 aequitas,
548 1166 646 1207 quae
669 1152 842 1208 paribus
867 1153 909 1193 in
933 1152 1073 1193 causis
1096 1151 1332 1208 pa1·iajura
1353 1151 1580 1192 desiderat.
1610 1153 1650 1185 27
1666 1151 1780 1198 Qua-'3

326 1219 472 1251 autem
501 1211 771 1251 extrinsecus
805 1219 1095 1262 assumuntur,
1126 1225 1176 1251 ea
1209 1209 1400 1251 maxime
1435 1223 1489 1250 ex
1523 1209 1783 1250 auctoritate

323 1268 557 1309 ducuntur.
590 1268 735 1323 itaque
768 1268 915 1310 Graeci
948 1268 1052 1309 tales
1086 1268 1499 1324 argumentationes,
1531 1270 1671 1320 ἀτέχνες
1703 1281 1781 1309 vo-

323 1335 439 1377 cant,
464 1326 504 1367 id
530 1335 609 1376 est,
632 1327 735 1367 artis
758 1335 983 1383 expertes:
1017 1337 1079 1378 ut,
1100 1327 1133 1366 si
1157 1327 1218 1367 ita
1237 1326 1523 1382 respondeas:
1558 1324 1781 1372 Quoniam

324 1383 376 1425 P.
402 1383 599 1425 Scaevola
629 1384 671 1424 id
706 1383 844 1425 solum
865 1399 957 1426 esse
988 1383 1177 1425 ambitus
1209 1384 1370 1425 aedium
1393 1383 1568 1435 dixerit,
1597 1382 1781 1438 28quod‚

321 1442 499 1498 parietis
530 1442 774 1483 communis
807 1442 983 1498 tegendi
1017 1456 1159 1492 causa,
1192 1450 1357 1483 tectum
1394 1440 1694 1497 projiceretur,
1723 1454 1779 1483 ex

322 1515 410 1555 quo
441 1500 484 1540 in
517 1509 680 1540 tectum
712 1499 821 1553 ejus,
854 1500 967 1541 aedes
997 1499 1071 1555 qui
1102 1499 1381 1556 protexisset,
1413 1514 1527 1555 aqua
1555 1498 1782 1551 deflueret,

321 1560 364 1592 2⁷9
377 1558 421 1599 id
445 1557 524 1598 tibi
541 1557 616 1612 jus
640 1556 792 1599 videri.

1073 1708 1215 1729 mannus
1231 1684 1367 1738 corrigit
1382 1698 1516 1729 biennis.
1527 1696 1607 1730 obs.
1621 1697 1669 1736 11,
1685 1700 1717 1730 2.

320 1698 474 1736 solidum,
489 1697 717 1740 fornicatum,
749 1709 817 1730 non
847 1699 889 1731 ad
915 1699 1030 1740 parie-

1116 1742 1157 1773 26
1179 1746 1210 1772 et
1232 1745 1310 1772 sunt
1334 1745 1521 1772 ceterarum
1540 1750 1655 1772 rerum
1678 1742 1782 1772 omni-

322 1747 388 1773 tem
401 1751 618 1774 communem.

365 1785 406 1816 20
428 1789 466 1815 ut
491 1786 644 1826 suspendi
665 1795 730 1815 non
744 1785 797 1826 μ]
823 1795 854 1816 v.
877 1785 970 1816 Ciav.
995 1786 1030 1816 in

320 1828 526 1868 suspendere.
552 1828 616 1858 ΜΒ.
633 1827 683 1859 ed.
695 1828 778 1859 Ven.
789 1829 903 1868 possit,
920 1827 1016 1859 male.

365 1873 402 1901 21
438 1870 488 1901 Ab
515 1869 655 1912 qff'ectis]
697 1870 895 1911 Exemplum
924 1872 1030 1911 subje-

322 1917 413 1943 ctum
429 1923 498 1944 esse
520 1915 630 1944 alieno
651 1914 724 1944 loco
746 1914 906 1944 Boethius
927 1915 1030 1945 tradi-

320 1956 381 1986 dit.
404 1962 439 1986 et
463 1957 644 1988 assentitur
667 1957 806 1987 Hotom.
830 1957 907 1987 obs.
929 1956 959 1994 Ι,
977 1960 1029 1988 24.

320 2003 410 2030 extr.

363 2043 405 2072 2⁶2
420 2041 521 2083 ‚Quod
532 2043 568 2072 in
581 2052 618 2072 re
631 2039 757 2083 majore
765 2041 812 2081 zu]
830 2041 894 2072 Ms.
908 2042 944 2072 in
958 2053 1029 2074 ma-

311 2082 396 2124 jori.
442 2085 678 2116 Hotomannus
701 2090 814 2115 autem
836 2085 872 2114 in
888 2091 1030 2125 utroque

317 2127 471 2157 membro
487 2127 561 2158 addi
577 2128 649 2158 vult
671 2137 746 2163 non,
770 2133 810 2157 ut
823 2133 857 2157 et
873 2127 944 2158 aliis
960 2128 1030 2168 pla-

321 2170 402 2201 cuit.
417 2170 440 2201 l.
456 2181 485 2200 c.
502 2173 554 2202 25.
574 2170 619 2201 Et
631 2169 681 2201 ed.
697 2170 785 2201 Med.
802 2171 902 2201 habet
916 2171 951 2201 in
964 2172 1029 2211 pri-

321 2221 378 2242 mo
391 2214 553 2250 membro,
568 2213 666 2252 idque
689 2214 856 2244 consentit
868 2213 1030 2244 Aristote-

320 2253 356 2285 li.
369 2255 425 2286 sed
441 2265 501 2287 nec
523 2256 558 2286 in
581 2256 748 2287 contrario
763 2261 840 2297 post
860 2260 911 2287 est
931 2266 1030 2297 nega-

319 2302 381 2328 tio.

364 2343 404 2371 23
425 2345 604 2379 reguntur,
621 2341 737 2381 neque]
770 2341 834 2373 ΜΞ.
851 2346 1029 2381 regantur,

319 2392 390 2415 nec.
437 2383 511 2415 Hoc
524 2384 647 2424 placet,
664 2393 730 2414 non
744 2384 838 2415 illud.
884 2385 933 2415 Ut
946 2393 1024 2416 ante

315 2431 372 2456 est
393 2428 494 2464 valet,
517 2429 650 2460 valeat,·
678 2427 724 2457 sic
747 2427 780 2459 h.
802 2427 823 2458 l.
846 2432 1025 2466 reguntur,

321 2474 499 2500 arceatur:
536 2475 571 2500 at
598 2479 700 2510 neque
724 2480 813 2511 aqua
838 2469 964 2507 durius,
991 2476 1026 2501 et

320 2510 400 2541 alias
425 2512 459 2542 in
473 2512 534 2542 tali
550 2513 658 2543 forma
671 2517 721 2543 est
735 2523 803 2544 nec.
848 2514 1027 2544 Consentit

316 2552 370 2584 ed.
384 2554 468 2585 Ven.
514 2554 630 2595 Itaque
646 2565 703 2585 nec
717 2556 835 2596 recepi.

362 2598 403 2627 ‘24
425 2598 598 2638 arceatur]
628 2599 648 2629 i.
672 2607 713 2629 ne
728 2599 819 2630 intra
832 2598 916 2629 fines
936 2608 1026 2629 meos

319 2639 488 2670 mittatur.

362 2683 403 2712 25
425 2682 580 2721 quoniam
605 2693 685 2714 usus
705 2683 888 2714 auctoritas
900 2682 1024 2723 fundi]

1073 1784 1146 1824 um]
1171 1784 1301 1816 Rerum
1322 1783 1430 1815 addidi
1445 1793 1462 1814 e
1477 1784 1542 1814 Ms.
1565 1784 1653 1823 quod
1677 1791 1781 1825 genus

1073 1827 1108 1857 in
1123 1831 1309 1858 ceterarum
1331 1826 1480 1867 requirit.
1525 1827 1646 1857 Sensus
1668 1832 1731 1865 est,
1746 1831 1783 1859 et

1073 1876 1154 1900 sunt
1179 1870 1215 1901 in
1244 1879 1383 1900 numero
1415 1879 1531 1900 earum
1565 1879 1688 1908 rerum,
1718 1871 1782 1902 &m

1079 1913 1236 1944 Omnium
1251 1922 1319 1942 non
1331 1912 1450 1953 placet.

1115 1958 1155 1989 27
1191 1965 1262 1995 quae
1304 1956 1507 1987 carim-ecus
1543 1954 1779 1996 assumuntur]

1073 1998 1138 2029 ΜΞ.
1155 1997 1256 2029 habet
1275 2002 1468 2036 sumuntur,
1486 2002 1520 2029 et
1535 1997 1649 2029 ordine
1671 1998 1780 2029 inver-

1072 2051 1121 2079 so,
1135 2045 1317 2072 minantur
1329 2041 1540 2072 extrinsecus.

1115 2086 1155 2114 28
1177 2085 1263 2124 quod
1277 2085 1419 2124 parietis
1437 2094 1554 2115 comm.
1577 2083 1709 2122 tegendi
1732 2083 1777 2124 c.]

1074 2127 1310 2158 Hotomannus
1323 2126 1402 2158 Obs.
1413 2126 1441 2164 Ι,
1453 2126 1504 2158 26.
1514 2126 1651 2166 corrigit
1661 2128 1780 2167 quoad.

1072 2186 1138 2217 Ms.
1156 2175 1186 2248 <3-
1205 2186 1227 2216 i.
1240 2196 1269 2217 e.
1286 2196 1353 2226 qua
1367 2185 1419 2217 vel
1435 2190 1610 2227 quantum,
1624 2189 1664 2216 ut
1677 2185 1780 2217 habet

1072 2256 1124 2286 ed.
1140 2257 1224 2288 Ven.
1241 2255 1329 2287 Med.
1342 2255 1442 2286 Junt.
1463 2254 1630 2286 Melanth.
1645 2259 1680 2286 et
1693 2256 1780 2287 Boe-

1073 2299 1174 2330 thius.
1221 2299 1283 2330 Sed
1300 2298 1333 2328 id
1345 2299 1448 2329 etiam
1463 2299 1549 2339 quod
1561 2308 1630 2329 esse
1653 2302 1777 2339 potest,

1072 2352 1102 2372 v.
1120 2342 1210 2372 Clav.
1234 2341 1520 2381 Significationem
1537 2340 1668 2381 quidem
1690 2340 1778 2372 hanc

1069 2394 1119 2414 res
1143 2384 1302 2425 postulat.
1347 2384 1411 2414 Sed
1424 2384 1563 2426 praefero
1582 2384 1676 2424 quod,
1700 2384 1778 2423 quia

1068 2437 1107 2458 eo
1123 2428 1264 2459 refertur
1278 2437 1356 2457 mox
1368 2427 1415 2457 id.
1460 2427 1563 2457 Porro
1574 2435 1634 2467 pro
1645 2426 1778 2464 tegendi

1067 2469 1118 2500 ed.
1134 2471 1183 2501 M.
1197 2470 1298 2501 habet
1311 2469 1460 2508 regendi,
1476 2469 1599 2500 usitata
1610 2469 1777 2499 confusio-

1069 2523 1123 2549 ne,
1139 2518 1173 2543 et
1195 2517 1317 2543 tectum
1338 2517 1413 2552 post
1434 2521 1537 2542 causa
1557 2511 1645 2542 delet
1669 2511 1778 2542 Hoto-

1071 2565 1225 2592 manuus,
1238 2555 1261 2586 1.
1277 2566 1306 2585 c.

1113 2601 1153 2633 29
1174 2599 1210 2628 z‘d
1223 2599 1281 2628 cibi
1293 2596 1328 2638 j.
1349 2596 1395 2637 v.]
1420 2598 1541 2627 Sensus
1555 2599 1619 2633 est,
1639 2595 1776 2637 ideojus

1070 2650 1151 2678 esse,
1181 2643 1339 2681 projicere
1364 2644 1493 2670 tectum
1531 2643 1682 2675 eatenus,
1711 2648 1777 2679 qua

1069 2688 1286 2714 communem·
1309 2682 1469 2722 parietem
1489 2686 1595 2721 tegat.
1637 2682 1689 2712 An
1715 2692 1775 2723 pro

317 2723 488 2764 Intellige,
510 2725 537 2754 si
562 2735 640 2756 vera
663 2730 715 2756 est
731 2726 844 2763 lectio,
867 2726 945 2766 quia
968 2736 1026 2757 au-
1063 2727 1258 2766 profecisset
1279 2724 1455 2764 legendum
1471 2723 1690 2765 projecisset?
1714 2734 1777 2755 nec

318 2768 457 2798 etos-itas
483 2767 577 2799 fundi
604 2777 645 2798 ex
670 2769 871 2808 usucapione
899 2769 1025 2799 biennii

319 2815 468 2849 paratur.
489 2810 553 2841 Sed
565 2816 615 2840 est
624 2815 738 2841 tamen
752 2816 942 2851 suspectum
953 2821 1025 2842 ver-

314 2851 399 2882 *burn
422 2853 643 2890 auctoritatis,
659 2854 737 2892 quia
760 2854 922 2885 redundat
945 2864 1026 2893 quo-

310 2893 510 2932 dnmmodo,
525 2903 588 2926 nec
599 2896 699 2926 estin
712 2895 796 2937 lege.
813 2895 905 2928 Tum
919 2896 1027 2931 Hoto-

1068 2769 1161 2799 video
1181 2778 1246 2808 quo
1262 2767 1456 2808 protexisset
1478 2768 1654 2808 pertineat.
1678 2767 1726 2798 ita
1739 2771 1778 2798 et

1067 2816 1189 2842 tectum
1204 2810 1325 2841 servari
1344 2814 1476 2840 mutato
1497 2810 1570 2840 loco
1583 2814 1711 2850 potest:
1735 2818 1777 2840 et

1068 2855 1179 2894 quoin
1200 2852 1271 2894 ejus
1293 2852 1386 2890 aedes,
1409 2856 1533 2885 tectum
1553 2851 1776 2895 qutprojocis-

1068 2900 1128 2936 eei,
1140 2906 1229 2938 aqua
1243 2895 1413 2938 deflueret.
