1945 3235
292 146 367 186 172
759 141 841 182 DE
874 140 1266 183 INVENTIONE

295 247 444 298 riores,
466 261 542 290 nos
579 247 703 290 nobis
725 263 888 300 omnes,
910 248 1052 304 quoad
1075 248 1254 291 facultas
1284 245 1396 298 tulit,
1417 249 1733 304 proposuimuS,

293 310 337 345 et
376 319 431 346 ex
474 313 619 346 nostro
660 321 832 362 quoque
869 305 1065 347 nonnihil
1100 306 1144 347 in
1182 318 1411 347 commune
1453 307 1728 349 contulimus.

258 361 431 409 9Quod
457 362 489 403 si
518 377 581 414 ea,
616 378 714 419 quae
745 365 788 405 in
823 363 887 404 his
919 363 1037 404 libris
1069 371 1361 419 exponuntur,
1396 369 1620 419 tantopeie
1652 364 1728 407 eli-

295 419 437 476 genda
464 418 651 471 fueiunt,
684 429 845 476 quanto
875 420 1017 461 studio
1047 420 1182 462 electa
1215 430 1329 471 sirit,
1365 419 1560 485 profecto
1593 436 1731 478 neque

293 491 388 528 nos,
419 491 558 533 neque
588 478 692 518 alios
724 477 946 518 industriae
977 485 1133 519 nostrae
1167 477 1415 533 poenitebit
1477 477 1555 521 Sin
1585 488 1730 521 autem

292 543 452 575 temere
482 534 642 589 aliquid
673 534 854 589 alicujus
885 534 1138 590 praeterisse,
1161 545 1235 576 aut
1265 549 1352 576 non
1383 535 1484 575 satis
1514 534 1732 591 eleganter

290 592 427 633 secuti
450 591 705 642 videbimur,
727 591 845 633 docti
868 592 921 632 ab
952 591 1110 647 aliquo,
1132 591 1258 634 facile
1279 601 1323 633 et
1344 592 1528 634 libenter
1561 602 1733 635 senten·

288 649 397 690 tiam
426 647 804 690 commutabimus.
867 648 968 690 Non
999 649 1113 690 enim
1147 664 1298 706 parum
1331 663 1556 706 cognosse,
1583 650 1697 691 sed
1686 665 1732 693 m

290 721 442 763 parum
473 706 650 762 cognito
682 705 809 747 stulte
840 715 883 747 et
914 706 987 747 diu
1019 721 1321 762 perseverasse,
1355 715 1479 763 turpe
1510 715 1601 749 est:
1633 721 1732 764 pro-

291 772 438 819 pterea
469 763 584 818 quod
614 763 794 805 alterum
829 778 1049 805 commum
1083 764 1307 806 hominum
1336 764 1592 815 infirmitati,
1626 764 1731 806 alte·

230 825 385 861 lorum
418 820 622 876 singulari
656 821 992 877 uniuscujusque
1022 821 1129 862 vitio
1159 831 1224 862 est
1253 821 1524 863 attiibutum.
1586 822 1732 869 Quare

292 892 369 918 nos
401 878 574 933 quidem
607 878 696 918 sine
728 878 813 919 ulla
844 878 1144 930 affirmatione,
1169 879 1294 920 simul
1327 887 1581 934 quaerenteS,
1605 879 1731 921 dubi-

290 942 432 976 tanter
473 935 860 999 llunumquodque
902 935 1108 987 dicemus,
1143 950 1210 987 ne,
1249 936 1352 977 dum
1385 937 1609 1001 parvulum
1647 937 1732 979 hoc

290 1006 607 1048 consequimur,
641 1002 688 1032 ut
722 993 823 1033 satis
854 993 1082 1034 commode
1120 992 1214 1034 haec
1253 993 1549 1049 perscripsisse
1587 994 1731 1036 videa-

287 1063 399 1100 mur,
431 1049 534 1091 illud
563 1049 825 1100 amittamus,
860 1050 976 1105 quod
1009 1050 1251 1091 maximum
1280 1059 1358 1102 est,
1394 1059 1443 1091 ut
1478 1066 1532 1092 ne
1561 1052 1630 1092 cui
1671 1052 1730 1094 rei

291 1117 600 1163 temeie·1tque
621 1116 874 1163 arrog'antel
896 1107 1213 1148 assenserimus.
1266 1106 1426 1148 Verum
1448 1107 1532 1150 hoc
1553 1110 1728 1164 quidem

290 1179 385 1215 nos,
407 1174 451 1206 et
483 1166 525 1205 in
550 1165 632 1205 boc
656 1173 863 1220 tempoie,
887 1174 930 1205 et
952 1165 995 1205 in
1019 1164 1136 1205 omni
1160 1165 1249 1206 vita
1279 1165 1482 1216 studiose,
1504 1167 1645 1222 quoad
1669 1167 1732 1208 fa-

287 1221 425 1263 cultas
449 1222 570 1273 f·,e1et
593 1237 918 1278 consequemur.
982 1222 1110 1263 Nunc
1134 1231 1293 1274 autem,
1316 1237 1368 1263 ne
1398 1222 1569 1279 longius
1591 1224 1729 1265 oratio

289 1294 516 1336 progressa
546 1279 754 1331 videatur,
787 1280 839 1321 de
870 1279 1058 1336 leliquiS‚
1090 1294 1186 1335 quae
1219 1257 1510 1336 praecipienda
1532 1279 1733 1323 videntur

291 1351 397 1388 esse,
421 1337 628 1379 dicemus.

231 1395 275 1429 11
349 1394 490 1451 Igitur
520 1395 681 1451 primus
710 1394 831 1445 liber,
865 1394 1122 1451 expositot>
1099 1408 1252 1435 ‹renere
1279 1394 1408 1450 hujus
1440 1396 1556 1447 aitis,
1592 1404 1635 1437 et
1665 1396 1730 1438 of-

291 1452 406 1517 ficio,
445 1462 489 1494 et
522 1452 620 1503 fine,
654 1461 697 1493 et
738 1453 931 1503 mateiia,
962 1460 1005 1492 et
1047 1452 1255 1508 partibus,
1295 1467 1453 1508 genera
1483 1462 1731 1496 controver-

247 1510 520 1561 b-sia1um,et
540 1510 823 1560 inventiones,
837 1519 879 1550 et
898 1510 1245 1560 constitutiones,
1259 1518 1302 1551 et
1316 1510 1609 1565 judicationes
1627 1527 1731 1553 con-

292 1568 473 1619 tinebat,
511 1567 666 1608 deinde
708 1576 849 1622 partes
888 1567 1109 1631 orationis,
1148 1576 1191 1608 et
1223 1567 1267 1608 in
1300 1581 1370 1608 eas
1404 1582 1551 1609 omnes
1584 1569 1732 1611 omnia

289 1633 523 1690 plſtraecepta..
585 1625 731 1672 Quare
769 1639 867 1665 cum
906 1625 949 1665 in
980 1639 1030 1665 eo
1062 1624 1213 1666 ceteris
1242 1625 1294 1665 de
1326 1626 1452 1666 rebus
1485 1626 1732 1668 distinctius

289 1683 455 1723 dictum
488 1683 556 1734 sit,
587 1682 776 1738 disperse
809 1691 954 1722 autem
988 1682 1040 1723 de
1071 1681 1399 1724 confilmatione
1432 1690 1475 1723 et
1507 1684 1560 1724 de
1580 1698 1731 1748 reprc-

289 1738 521 1782 hensione:
554 1754 668 1781 nunc
688 1748 827 1780 certos
850 1739 1133 1781 confiimandi
1153 1749 1196 1780 et
1218 1739 1587 1796 reprehendendi
1578 1755 1622 1782 ln
1644 1741 1730 1783 sin-

289 1797 391 1853 gula
412 1812 635 1839 causarum
659 1811 816 1853 genera
837 1797 954 1839 locos
977 1797 1206 1838 tradendos
1229 1797 1503 1840 arbitlamur.
1535 1797 1592 1839 Et
1613 1799 1730 1853 quia,

288 1870 375 1911 quo
417 1866 545 1911 pacto
587 1854 761 1896 tractaii
800 1855 1050 1895 conveniret
1092 1855 1504 1910 aigumentationes,
1542 1855 1586 1897 in
1619 1855 1730 1897 libro

285 1912 428 1967 piimo
451 1927 536 1953 non
568 1911 843 1968 indiligenter
865 1912 1113 1968 expositum
1134 1921 1213 1964 est,
1237 1911 1308 1953 hic
1340 1921 1510 1954 tantum
1540 1913 1634 1969 ipsa
1662 1914 1728 1955 in-

286 1979 416 2011 venta
444 1984 791 2025 unamquamque
823 1969 867 2010 in
898 1984 987 2011 rem
1021 1978 1307 2034 exponentur
1343 1969 1608 2026 simpliciter,
1639 1971 1730 2012 sine

285 2027 372 2068 ulla
390 2027 687 2078 exoinatione,
709 2036 757 2068 ut
786 2041 841 2068 ex
875 2027 959 2068 hoc
991 2026 1165 2067 inventa
1192 2026 1298 2082 ipsa,
1321 2041 1374 2068 ex
1408 2027 1624 2083 superiore
1654 2043 1729 2069 au-

286 2093 374 2125 tem
395 2085 606 2149 expolitio
628 2085 903 2125 inventorum
935 2093 1120 2139 petatui.
1184 2083 1330 2130 Quare
1361 2083 1470 2135 haec,
1492 2099 1590 2140 quae
1612 2099 1728 2127 nunc

285 2143 608 2198 praecipientur,
638 2142 699 2182 ad
738 2140 1079 2182 confirmationis
1112 2148 1156 2181 et
1198 2141 1541 2197 repiebensionis
1584 2151 1726 2200 partes

285 2198 442 2240 referie
467 2199 703 2256 oportebit.

238 2265 275 2313 4
344 2256 499 2299 Omnis
535 2265 580 2297 et
619 2256 972 2320 demonstrativa,
1010 2263 1054 2296 et
1094 2255 1387 2307 deliberativa,
1426 2264 1471 2297 et
1504 2256 1726 2312 judicialis

227 2336 273 2370 12
288 2329 429 2365 causa,
451 2328 623 2356 necesse
643 2322 708 2355 est
729 2315 773 2355 in
802 2313 946 2369 aliquo
965 2327 1128 2365 eorum,
1151 2329 1247 2369 quae
1271 2323 1370 2354 ante
1391 2314 1591 2371 exposita
1612 2325 1725 2368 sunt,

286 2372 609 2413 constitutionis
633 2385 803 2427 genere,
827 2386 912 2412 uno
935 2371 1198 2427 pluribusve,
1218 2380 1422 2412 versetur.
1456 2371 1556 2413 Hoc
1575 2387 1725 2427 quam-

284 2444 414 2494 quarn
443 2430 506 2470 ita
533 2438 612 2480 est,
635 2438 778 2470 tamen
800 2443 900 2470 cum
921 2429 1209 2469 communiter
1229 2429 1428 2484 quaedam
1450 2429 1502 2469 de
1523 2429 1724 2471 omnibus

284 2487 463 2542 p1aecipi
484 2487 664 2542 possint,
689 2486 917 2542 separatim
936 2500 1107 2541 quoque
1129 2486 1225 2527 aliae
1249 2495 1348 2527 sunt
1369 2501 1622 2550 quusquet>
1598 2501 1726 2529 ovene-

284 2558 357 2607 rm,
380 2553 423 2585 et
444 2544 623 2586 diversae
646 2543 975 2600 praeceptiones.
1008 2543 1140 2584 Aliud
1162 2542 1277 2584 enim
1299 2543 1389 2585 laus
1411 2552 1486 2584 aut
1508 2553 1677 2600 vitupei
1680 2560 1725 2586 a·

283 2601 360 2652 tio,
392 2601 505 2642 aliud
538 2601 762 2642 sententiae
795 2600 944 2651 dictio,
977 2600 1092 2641 aliud
1123 2601 1356 2651 accusatio,
1387 2609 1461 2642 aut
1495 2602 1723 2666 recusatio,

282 2657 494 2699 conficere
517 2659 658 2699 debet.
720 2658 772 2699 In
796 2657 993 2712 judiciis,
1015 2658 1119 2714 quid
1142 2672 1315 2714 aequum
1343 2657 1412 2710 sit,
1435 2658 1656 2713 quaeritur,
1678 2659 1723 2701 in

281 2714 735 2767 demonstrationibus,
767 2715 870 2770 quid
902 2715 1146 2767 honestum,
1177 2715 1222 2756 in
1252 2715 1648 2768 deliberationibus,
1675 2725 1725 2757 ut

282 2787 360 2814 nos
382 2772 653 2824 arbitramur,
672 2772 775 2828 quid
799 2772 1030 2814 honestum
1052 2773 1121 2824 sit,
1140 2782 1184 2813 et
1204 2772 1307 2828 quid
1330 2772 1449 2814 utile.
1472 2787 1573 2814 nam
1591 2773 1722 2815 ceteri

396 2907 428 2935 11
454 2902 736 2946 Unumquodque]
760 2903 813 2933 Sic
827 2902 908 2934 Mes.
923 2903 1068 2944 plerique
1083 2909 1118 2935 et
1132 2903 1203 2935 edd.
1218 2913 1267 2945 pr.
1282 2913 1350 2934 non
1363 2904 1618 2945 unumquidque.
