1945 3235
372 110 444 145 102
848 105 927 144 AD
954 102 1329 145 HERENNIUM

370 209 474 259 vita,
493 216 537 250 et
556 209 703 251 odium
726 209 769 251 in
798 211 1006 262 oratione,
1033 212 1068 252 si
1092 211 1405 253 inconsiderate
1428 216 1597 252 tractes.
1629 210 1792 262 Quare,

369 267 730 320 quemadmodum
753 268 793 300 86
807 268 971 309 ratione
1000 268 1042 309 in
1067 269 1250 309 vivendo
1280 267 1444 324 fugitur
1465 266 1641 318 invidia,
1662 268 1724 310 sic
1745 269 1791 310 in

370 323 569 376 dicendo,
591 324 771 365 consilio
793 325 953 366 vitatur
969 325 1131 366 odium.
1195 319 1200 326 ⁸

287 387 367 442 39·
430 379 676 437 Descriptio
696 381 957 432 nominatur,
979 397 1075 437 quae
1100 395 1238 424 rerum
1271 379 1623 437 consequentium
1649 382 1794 424 contii-

311 431 446 492 grjlnet
467 439 735 494 perspicuam
768 447 811 478 ct
839 438 1070 480 dilucidam
1101 454 1198 480 cum
1229 439 1440 494 gravitate
1461 437 1794 493 expositionem,

369 494 455 537 hoc
471 496 625 537 modo:
651 495 818 541 Quodsi
850 495 993 545 istum,
1014 496 1199 550 judices,
1219 496 1368 537 vestris
1390 493 1612 537 sententiis
1638 493 1793 536 libera-

368 551 529 603 veritis,
548 552 693 592 statim
716 551 827 593 sicut
846 566 870 592 e
887 567 1018 593 cavea
1037 553 1100 594 leo
1123 553 1289 604 missus,
1311 561 1385 593 aut
1398 553 1540 607 aliqua
1558 551 1792 594 taeterrima
1812 567 1819 574 ’

371 608 510 650 bellua
543 609 682 649 soluta
717 623 771 649 ex
806 609 984 660 catenis,
1018 610 1217 651 volitabit
1257 619 1301 652 et
1344 610 1570 666 vagabitur
1595 608 1646 649 -in
1684 606 1797 660 foro,

365 667 405 699 8⁷
420 679 575 706 acuens
587 666 735 706 dentes
756 666 928 717 multos,
952 666 995 706 in
1008 666 1216 722 cujusque
1234 667 1441 717 fortunas,
1457 668 1497 708 in
1517 679 1666 707 omnes
1689 665 1797 723 ami—

366 736 440 762 cos
462 732 590 776 atque
614 722 825 773 inimicos,
849 731 974 765 notos
996 733 1124 779 atque
1147 725 1318 780 ignotos
1346 726 1591 775 incursans3
1613 721 1795 764 aliorum

367 778 526 819 famam
557 779 828 835 depeculans,
859 780 1035 820 aliorum
1060 791 1189 836 caput
1218 795 1489 838 oppugnans,
1513 779 1694 821 aliorum
1714 778 1794 821 do-

366 849 485 875 mum
508 844 637 890 atque
657 850 829 876 omnem
844 837 1048 878 familiam
1064 837 1346 895 perfringens,
1366 837 1674 894 rempublicam
1695 835 1795 878 fun-

364 892 482 932 ditus
505 892 784 934 labefactans.
846 894 1005 944 Quare,
1027 894 1211 949 judices,
1234 895 1380 950 ejicite
1399 909 1498 936 eum
1520 895 1574 936 de
1602 892 1795 945 civitate,

365 948 545 990 liberate
583 964 730 990 omnes
772 949 1025 1002 formidine;
1056 952 1179 992 vobis
1220 952 1403 1008 denique
1434 952 1538 1008 ipsis
1567 949 1794 992 consulite.

365 1020 466 1046 nam
496 1007 528 1046 si
552 1007 681 1047 istum
711 1007 972 1063 impunitum
993 1008 1254 1059 dimiseritis,
1278 1009 1321 1049 in
1342 1017 1510 1050 vosmet
1535 1008 1667 1064 ipsos,
1683 1006 1793 1048 mihi

366 1062 543 1115 credite,
562 1064 695 1105 feram
716 1073 759 1104 et
782 1065 1064 1106 truculentam
1084 1068 1123 1097 88
1138 1066 1318 1106 bestiam
1341 1064 1617 1106 immiseritis.
1666 1063 1794 1115 Item,

369 1119 483 1160 Nam
511 1121 544 1161 si
575 1122 628 1162 de
659 1121 758 1172 hoc,
774 1121 959 1177 judices,
991 1137 1165 1178 gravem
1200 1123 1456 1164 sententiam
1489 1120 1686 1173 tuleritis,
1707 1132 1796 1162 uno

359 1176 529 1230 judicio
553 1179 677 1219 simul
699 1179 856 1219 multos
875 1179 1193 1235 jugulaveritis.
1217 1180 1390 1237 grandis
1409 1187 1511 1220 natu
1530 1191 1698 1235 parens,
1719 1191 1796 1219 eu-

360 1233 434 1287 jus
464 1249 559 1290 spes
582 1236 813 1277 senectutis
844 1236 983 1277 omnis
1014 1237 1057 1277 in
1087 1237 1216 1292 hujus
1238 1237 1525 1278 adolescentia
1545 1235 1688 1292 posita
1713 1241 1794 1286 est,

366 1295 497 1345 quare
519 1292 621 1333 velit
643 1294 685 1334 in
716 1293 806 1334 vita
833 1308 1018 1346 manere,
1047 1308 1134 1335 non
1159 1294 1359 1336 habebit:
1383 1293 1459 1335 filii
1480 1292 1616 1349 parvi,
1637 1291 1794 1349 privati

366 1348 498 1402 patris
521 1349 698 1400 auxilio,
722 1349 906 1392 ludibrio
928 1359 972 1391 et
993 1352 1213 1407 despectui
1244 1351 1431 1408 paternis
1463 1349 1648 1391 inimicis
1668 1356 1796 1391 erunt

323 1420 353 1449 b.
368 1407 556 1461 oppositi
574 1423 582 1448 :
607 1415 698 1448 tota
719 1407 870 1448 domus
893 1408 1021 1463 hujus
1041 1408 1220 1464 indigna
1240 1409 1439 1450 concidet
1460 1407 1728 1450 calamitate:
1751 1414 1797 1447 at

368 1462 532 1504 inimici
567 1465 712 1505 statim
746 1465 1074 1521 sanguinolenta
1112 1466 1266 1521 palma,
1294 1465 1586 1507 crudelissima
1613 1462 1799 1505 victoria

361 1520 512 1575 potiti,
535 1524 575 1556 89
589 1521 855 1562 insultabunt
877 1523 921 1563 in
944 1522 1097 1563 horum
1120 1523 1325 1573 miserias,
1348 1531 1392 1563 et
1410 1521 1582 1578 superbi
1605 1534 1650 1562 re
1667 1519 1796 1561 simul

366 1585 411 1616 et
432 1576 573 1617 verbis
604 1578 873 1620 invehentur.
936 1579 1062 1631 Item,
1086 1580 1199 1621 Nam
1221 1586 1262 1616 90
1274 1580 1490 1620 neminem
1517 1577 1708 1619 vestrum
1728 1575 1798 1618 fu-

366 1632 447 1688 git,
481 1634 688 1686 Quirites,
719 1644 846 1691 capta
875 1636 994 1688 urbe,
1027 1651 1124 1692 quae
1157 1637 1342 1678 miseria:
1375 1635 1580 1691 consequi
1607 1634 1794 1676 soleant:

364 1704 484 1730 arma
509 1692 582 1746 qui
613 1700 763 1733 contra
794 1693 981 1745 tulerint,
1013 1694 1159 1735 statim
1187 1693 1478 1735 crudelissime
1505 1692 1795 1733 trucidantur:

365 1749 527 1799 caeteri,
546 1750 619 1804 qui
643 1759 823 1805 possunt
844 1765 919 1806 per
941 1758 1113 1792 aetatem
1135 1759 1179 1792 et
1201 1750 1310 1792 vires
1331 1750 1522 1792 laborem
1541 1749 1664 1800 ferre,
1682 1748 1798 1805 rapi-

365 1813 495 1844 untur
517 1806 560 1846 in
591 1807 862 1849 servitutem:
886 1808 959 1862 qui
989 1823 1075 1849 non
1108 1817 1300 1864 possunt,
1322 1808 1413 1849 vita
1442 1807 1685 1864 privantur:
1708 1818 1796 1846 uno

365 1861 550 1917 denique
563 1872 692 1918 atque
705 1864 855 1905 eodem
875 1873 1068 1921 tempore
1085 1866 1237 1906 domus
1257 1864 1401 1906 hostili
1423 1868 1460 1900 91
1478 1864 1634 1921 flagrat
1651 1863 1799 1904 incen-

359 1917 452 1969 dio,
474 1928 518 1960 et
541 1935 648 1975 quos
669 1930 834 1973 natura,
857 1931 931 1963 aut
950 1922 1145 1964 voluntas
1171 1922 1499 1974 necessitudine,
1521 1929 1597 1962 aut
1617 1919 1796 1961 benivo-

1102 2068 1159 2098 bat
1173 2067 1350 2098 redundare
1365 2076 1432 2097 non
1445 2067 1538 2098 bene.

1103 2112 1185 2182 buzi)
1200 2109 1436 2149 Insulcabmzt]
1461 2109 1524 2140 Ms.
1544 2107 1635 2150 Lips.
1654 2109 1800 2141 exsulta-

406 2064 446 2094 86
462 2063 601 2094 Ratione
613 2066 647 2095 in
669 2065 825 2105 vivenda]
850 2066 991 2097 Restitui
1007 2078 1059 2097 ve-

363 2109 467 2135 terem
481 2112 513 2136 et
525 2107 816 2137 vcran11‹·ctionem
827 2118 844 2136 c
855 2108 933 2138 Mss.
944 2113 977 2139 et
988 2109 1058 2139 edd.

362 2153 444 2178 vett.
474 2149 527 2178 cui
553 2148 712 2179 Gruterus
738 2150 910 2180 substituit
935 2152 1061 2181 ratione

362 2190 504 2227 vivendI,
532 2189 686 2231 deceptus
714 2191 928 2223 adsuetudine
962 2193 1060 2230 hujus

363 2231 488 2261 fonuae.
508 2233 636 2262 ratione
651 2235 684 2263 in
699 2235 831 2264 viz-endo
844 2240 878 2264 et
892 2236 1060 2265 eonsilium

362 2273 398 2303 in
412 2273 541 2303 dicendo
555 2275 715 2306 concinne
729 2275 789 2306 sibi
803 2277 1008 2316 respondent.

406 2318 445 2349 87
473 2316 600 2346 Aeaeus
623 2319 740 2348 multos
766 2318 899 2359 dentes]
937 2319 1061 2350 Multos

362 2357 433 2387 sine
448 2357 546 2387 dubio
561 2359 714 2389 vitiosum
730 2365 789 2390 est.
836 2360 944 2391 Unam
968 2361 1059 2391 lecti-

361 2408 460 2429 onem
483 2400 605 2430 variam
632 2402 734 2441 reperi
756 2403 790 2432 in
816 2401 906 2433 libris
928 2404 1060 2441 inultos,

362 2441 448 2479 quod
470 2441 569 2472 habet
589 2442 638 2472 ed.
655 2443 788 2474 Mediol.
810 2445 935 2484 prima;
955 2446 1060 2476 venit-

362 2492 425 2521 que
442 2484 610 2514 nonnullis
622 2485 655 2515 in
667 2492 812 2516 mentem
826 2497 883 2527 per
895 2489 1061 2527 conjectu-

364 2534 445 2554 ram.
494 2525 556 2555 Sed
581 2526 614 2556 id
639 2536 706 2557 non
729 2528 829 2558 habet
851 2530 1061 2560 commodum

361 2575 502 2596 sensum.
547 2568 718 2608 Optimum
733 2570 869 2601 fortasse
884 2571 985 2602 fuerit
1004 2572 1058 2602 de-

364 2608 431 2638 lere
446 2609 594 2645 verbum,
607 2617 647 2640 ut
659 2611 738 2641 fecit
750 2611 940 2644 Lambinus.
969 2613 1059 2650 Infra

361 2661 391 2680 c.
410 2653 464 2684 49.
478 2656 557 2682 sunt
575 2653 684 2683 dentes
702 2654 842 2684 adunci.-
862 2655 917 2686 sed
935 2655 970 2686 hi
993 2665 1059 2686 non

361 2693 440 2723 satis
452 2694 519 2732 apti
537 2694 634 2724 verbo
648 2696 782 2726 acuendi
796 2696 976 2728 videantur.
1013 2729 1017 2733 ,

360 2751 363 2754 -
404 2737 444 2765 88
458 2735 609 2766 Bestiam
617 2737 842 2778 immisentis]
861 2739 1057 2781 Auctoribus

361 2775 452 2807 libris
475 2787 536 2807 scr.
551 2782 586 2808 et
603 2777 674 2809 edd.
698 2778 801 2810 delevi
821 2781 965 2812 medium
987 2792 1058 2813 ver-

361 2817 591 2859 bumjudices:
606 2821 693 2860 quod
707 2831 764 2852 sua
786 2827 903 2863 sponte
924 2833 1058 2865 appare-

1143 2197 1185 2228 90
1212 2193 1388 2224 Neminem
1413 2197 1559 2225 vestrum
1570 2191 1685 2235 fugit,
1711 2193 1796 2235 ‚Qu-J

1102 2235 1165 2266 Pro
1186 2240 1333 2266 nostrum
1353 2235 1434 2266 Mss.
1456 2236 1565 2276 plures
1587 2240 1622 2266 et
1647 2234 1718 2266 edd.
1745 2245 1797 2276 pr.

1102 2287 1214 2308 omnes
1229 2277 1352 2308 habent
1365 2282 1526 2311 vestrum,-
1541 2277 1626 2318 quod
1645 2278 1717 2309 sine
1737 2277 1798 2309 du·

1102 2319 1156 2349 bio
1169 2320 1277 2361 aptius
1291 2324 1351 2351 est.

1144 2365 1181 2395 91
1200 2362 1345 2401 Flagrat
1358 2361 1527 2402 incendio]
1553 2362 1605 2392 Sic
1621 2361 1800 2392 latinitatis

1102 2403 1174 2443 lege
1182 2403 1304 2435 dudum
1314 2412 1529 2441 correxeram,
1542 2413 1618 2435 cum
1631 2403 1718 2435 inter
1727 2413 1797 2435 var.

1103 2445 1195 2477 Lect.
1209 2446 1397 2477 Graevianas
1411 2445 1498 2476 idem
1511 2446 1798 2487 reperi,tanquam

1103 2498 1143 2518 ex
1158 2488 1227 2519 edd.
1243 2492 1407 2519 sumtum:
1423 2497 1502 2528 quas
1515 2487 1597 2528 egoi

1104 2530 1192 2569 quod
1215 2530 1415 2562 Lambinum
1442 2530 1546 2570 reperi
1571 2540 1590 2561 e
1612 2529 1708 2561 idisse
1724 2528 1799 2572 sta-

1097 2577 1214 2610 gromt,
1234 2571 1446 2613 reprehensus
1459 2576 1666 2613 propterea-a
1678 2572 1799 2603 Grute-

1100 2624 1148 2645 ro.
1192 2614 1367 2646 Sciendum
1381 2617 1444 2651 est,
1457 2614 1493 2644 in
1514 2613 1565 2645 his
1584 2613 1723 2645 licenter
1741 2623 1798 2644 va·
1834 2643 1838 2646 ,
1888 2614 1893 2625 ”

1102 2657 1199 2687 riasse
1213 2656 1362 2688 librarios
1375 2668 1382 2686 ε
1398 2655 1536 2686 velutin
1548 2655 1613 2687 Ms.
1626 2655 1716 2697 Lips.
1731 2655 1795 2687 hoe

1103 2699 1172 2739 ipso
1191 2699 1226 2729 in
1245 2699 1318 2729 loco
1337 2701 1387 2729 est
1407 2697 1510 2728 etiam
1531 2698 1796 2729 trucidabam.

1101 2741 1216 2781 ltaque
1231 2742 1292 2772 nisi
1304 2741 1409 2781 legem
1419 2739 1596 2771 latinitatis
1608 2747 1796 2780 sequamur,

1100 2783 1149 2814 nil
1163 2783 1245 2815 certi
1258 2783 1331 2815 erit.
1375 2781 1659 2824 Vulg.flagrabit.

1645 2487 1799 2519 oroznisi
1860 2502 1894 2530 w:
