1945 3235
349 168 421 205 14⁸
811 166 892 205 DE
924 163 1310 206 INVENTIONE

343 268 528 326 populus
548 269 779 313 Thebanus
811 271 852 313 id
884 271 1125 328 patieturne
1152 272 1272 313 fieri?
1303 269 1498 328 profecto
1520 285 1607 313 non
1638 270 1775 335 patie-

278 365 285 374 ,
344 334 426 367 tur.
473 329 604 375 Quod
625 343 728 385 ergo
749 329 933 371 adscribi
956 330 1009 370 ad
1033 330 1170 385 legem
1193 328 1310 370 nefas
1332 338 1410 379 est,
1434 328 1477 370 id
1495 328 1629 384 sequi,
1651 327 1774 384 quasi

341 383 605 442 adscriptum
631 387 700 437 sit,
719 390 940 428 93rectum
963 386 1085 427 vobis
1105 385 1325 427 videatur?
1358 386 1474 427 Novi
1496 394 1680 427 vestram
1709 386 1774 427 in-

343 440 638 498 telligentiam,
657 459 744 485 non
768 452 908 499 potest
930 444 989 484 ita
1008 443 1156 493 videri,
1172 443 1357 498 judices.
1411 443 1542 490 Quod
1564 443 1598 484 si
1621 442 1771 484 litteris

339 500 499 556 corrigi
522 515 690 556 neque
679 501 734 542 ab
758 501 843 551 illo,
866 513 1004 555 neque
1025 515 1050 540 a
1071 500 1193 542 vobis
1216 501 1436 556 scriptoris
1458 500 1654 541 voluntas
1676 507 1774 556 pot-

340 564 430 608 est;
462 558 602 599 videte
634 572 686 599 ne
717 557 853 598 multo
885 557 1104 613 indignius
1135 557 1203 608 sit,
1233 558 1278 599 id
1307 572 1351 599 re
1372 567 1416 598 et
1438 557 1609 614 judicio
1631 566 1773 598 vestro

339 615 510 665 mutari,
540 615 655 670 qnod
679 629 731 655 ne
758 615 888 668 verbo
918 614 1092 679 quidem
1121 615 1377 656 commutari
1409 622 1566 671 potest.
1626 613 1691 655 Ac
1721 612 1774 655 de

278 668 326 706 57
340 670 588 712 inductione
609 671 782 727 quidem
806 666 906 712 satis
930 673 973 712 in
993 672 1221 727 praesentia
1240 673 1404 713 dictum
1425 672 1607 713 videtur.
1644 671 1772 713 Nunc

337 727 538 784 deinceps
561 729 901 770 ratiocinationis
925 729 1012 770 vim
1032 737 1076 769 et
1097 737 1293 770 naturam
1313 729 1647 771 consideremus.

253 775 326 825 34
396 785 690 827 Ratiocinatio
709 794 773 827 est
795 786 932 827 oratio
954 801 1009 827 ex
1033 786 1125 842 ipsa
1155 801 1199 827 re
1228 787 1451 851 probabile
1470 787 1632 843 aliquid
1653 786 1771 828 elici-

335 856 424 892 enS,
447 843 562 897 quod
592 843 840 899 expositum
862 853 906 884 et
936 858 1012 900 per
1041 858 1084 884 se
1114 845 1354 900 cognitum,
1377 859 1454 885 sua
1483 858 1527 885 se
1560 844 1600 885 vi
1630 852 1675 884 et
1702 858 1770 885 ra-

335 899 452 941 tione
475 900 858 941 confi1n1et.Hoc
880 901 932 941 de
952 915 1107 956 genere
1129 901 1202 956 qui
1224 901 1472 958 diligentius
1495 901 1768 942 consideran-

331 956 433 997 dum
466 965 738 1013 putaverunt,
760 971 859 998 cum
890 958 1004 998 idem
1033 972 1111 998 usu
1133 935 1328 999 dicendiC>
1335 968 1625 1014 sequerentur,
1648 957 1768 1014 paul-

330 1011 491 1055 lulum
482 1029 525 1055 ιιι
547 1015 825 1071 praecipiendi
843 1015 1009 1055 ratione
1026 1014 1331 1056 dissenserunt.
1346 1030 1445 1056 nam
1464 1016 1620 1072 partim
1640 1016 1766 1071 quin-

221 1081 252 1112 Ρ·
267 1071 316 1099 54.
285 1084 411 1142 aque
429 1071 521 1126 ejus
543 1081 684 1128 partes
705 1086 810 1112 esse
807 1071 1031 1122 dixerunt,
1051 1071 1207 1128 partim
1232 1086 1318 1112 non
1337 1073 1444 1128 plus,
1467 1087 1596 1128 quam
1616 1073 1659 1114 in
1682 1082 1765 1114 tres

285 1123 470 1183 apartes
509 1144 632 1185 posse
663 1129 861 1170 distribui
902 1137 1174 1185 putavelunt.
1236 1128 1398 1170 Eorum
1427 1130 1765 1171 controversiam

325 1200 411 1226 non
443 1186 766 1228 incommodum
798 1186 967 1227 videtur
996 1201 1095 1227 cum
1127 1195 1404 1249 utrorumque
1435 1187 1601 1228 ratione
1628 1201 1765 1243 expo-

324 1256 439 1284 ner.e
473 1258 571 1285 nam
593 1253 637 1285 et
668 1244 807 1285 brevis
829 1252 907 1295 est,
929 1253 974 1285 et
1002 1258 1088 1284 non
1112 1243 1340 1298 ejusmodi,
1365 1252 1412 1285 ut
1442 1244 1563 1285 alteri
1590 1256 1762 1310 prorsus

325 1299 433 1341 nihil
454 1301 596 1342 dicere
617 1309 835 1358 putentur,
857 1310 902 1341 et
922 1301 1040 1342 locus
1072 1300 1143 1342 hic
1166 1302 1322 1342 nobis
1313 1316 1356 1342 ιιι
1378 1301 1562 1343 dicendo
1583 1301 1762 1343 minime

326 1357 608 1414 negligendus
631 1359 813 1399 videtur.

265 1435 313 1469 53
383 1390 471 1461 Qui
494 1425 582 1471 put·
575 1425 648 1457 int
668 1416 740 1451 94
732 1431 774 1456 ιιι
796 1416 987 1471 quinque
1008 1415 1208 1456 distribui
1228 1423 1369 1472 partes
1388 1426 1601 1473 oportere,
1623 1416 1762 1482 ajunt,

321 1471 511 1568 primum
540 1474 771 1514 convenire
799 1487 1015 1529 exponere
1042 1487 1253 1514 summam
1283 1474 1684 1530 argumentationi5‚
1705 1474 1760 1515 ad

337 1543 437 1570 lunc
467 1530 668 1571 modum:
712 1530 861 1571 melius
895 1538 1164 1581 accurantur,
1196 1545 1293 1586 quae
1324 1518 1504 1572 consilio
1535 1539 1758 1587 geruntur,

320 1601 449 1641 quam
468 1602 565 1643 quae
588 1589 679 1628 sine
702 1588 881 1629 consilio
904 1588 1271 1629 administrantur.
1304 1587 1434 1629 Hanc
1455 1588 1639 1645 primam
1660 1602 1758 1644 par-

319 1651 407 1684 tem
427 1653 676 1686 numerant:
700 1659 795 1686 eam
817 1645 1019 1701 deinceps
1042 1645 1281 1686 rationibus
1304 1645 1445 1696 variis,
1468 1653 1512 1686 et
1532 1659 1663 1701 quam
1683 1659 1760 1686 co-

320 1700 572 1755 piosissimis
606 1703 746 1743 verbis
781 1703 1010 1758 approbari
1046 1711 1201 1758 putant
1233 1713 1446 1767 opoimteie,
1480 1702 1564 1743 hoe
1596 1702 1752 1744 modo.

320 1756 488 1799 Domus
515 1774 565 1800 ea
584 1775 681 1815 quae
704 1760 869 1800 latione
900 1760 1077 1815 regitur,
1100 1760 1301 1801 omnibus
1324 1759 1576 1801 instructior
1599 1767 1665 1800 est
1689 1773 1756 1801 re·

320 1815 411 1866 bns,
442 1824 485 1856 et
517 1816 778 1873 apparatior,
801 1831 930 1872 quam
956 1831 1020 1868 ea,
1043 1832 1141 1872 quae
1165 1827 1324 1858 temere
1357 1826 1400 1859 et
1431 1817 1549 1858 nullo
1573 1816 1759 1859 consilio

315 1872 651 1915 administratur.
714 1873 975 1916 Exercitus
964 1889 1014 1925 1S‚
1037 1874 1105 1915 cui
1131 1875 1390 1930 praepositus
1414 1882 1480 1916 est
1512 1874 1687 1939 sapiens
1708 1881 1754 1916 et

313 1929 491 1971 callidus
525 1930 772 1988 imperator,
808 1931 1007 1973 omnibus
1042 1933 1236 1996 partibus
1269 1931 1541 1973 commodius
1573 1931 1751 1988 regitur,

314 2001 443 2040 quam
473 1988 523 2038 is,
550 2004 624 2053 qui
652 1989 835 2030 stultitia
863 2000 906 2030 et
939 1990 1180 2030 temeritate
1207 1989 1388 2053 alicujus
1413 1989 1749 2030 administratur.

317 2042 476 2085 Eadem
500 2046 664 2102 navigii
687 2047 795 2087 ratio
817 2056 895 2087 est.
926 2061 1026 2087 nam
1048 2047 1168 2087 navis
1191 2046 1355 2109 optime
1377 2060 1550 2087 cursum
1570 2045 1749 2087 conficit

253 2108 378 2151 59ea,
401 2116 498 2156 quae
523 2103 808 2144 scientissimo
839 2104 1127 2158 gubernatore
1150 2104 1299 2143 utitur.
1364 2103 1477 2144 Cum
1507 2102 1750 2166 propositio

314 2157 371 2197 sit
392 2157 475 2200 hoc
497 2169 624 2214 pacto
654 2161 907 2216 approbata,
929 2170 973 2201 et
993 2161 1091 2201 duae
1120 2168 1262 2216 partes
1291 2160 1539 2201 transierint
1572 2159 1748 2201 ratioci-

313 2215 514 2267 nationis,
538 2217 664 2257 tertia
694 2232 736 2257 in
770 2227 888 2273 parte
921 2217 1059 2272 ajunt,
1082 2217 1196 2272 quod
1228 2217 1453 2258 ostendere
1485 2216 1603 2268 velis,
1626 2217 1670 2258 id
1692 2230 1749 2258 ex

311 2271 353 2312 vi
379 2273 686 2328 propositionis
706 2285 904 2330 oportere
921 2288 1149 2324 assumere,
1175 2274 1258 2315 hoe
1282 2283 1434 2330 pacto:
1468 2273 1576 2314 nihil
1601 2283 1745 2315 autem

309 2330 504 2371 omnium
525 2344 665 2372 rerum
688 2331 853 2396 melius,
873 2346 1003 2387 quam
1025 2332 1164 2372 omnis
1182 2331 1384 2382 mundus,
1406 2331 1744 2373 administratur.

311 2384 456 2441 Hujus
477 2389 752 2430 assumtionis
776 2399 929 2444 quarto
953 2389 996 2430 in
1019 2388 1115 2430 loeo
1136 2389 1264 2430 aliam
1288 2403 1415 2444 porro
1437 2389 1649 2430 inducunt
1669 2402 1744 2443 ap-

307 2444 621 2498 probationem,
644 2445 727 2487 hoc
750 2447 904 2488 modo:
948 2446 1062 2487 Nam
1085 2455 1127 2487 et
1149 2447 1371 2502 signorum
1394 2454 1512 2487 ortus
1532 2454 1577 2486 et
1598 2445 1743 2486 obitus

305 2500 530 2542 definitum
553 2503 782 2558 quemdam
804 2504 999 2545 ordinem
1019 2511 1203 2554 ser-,vant
1225 2512 1269 2545 et
1290 2517 1444 2544 annuae
1465 2502 1743 2544 commutati-

306 2570 423 2607 ones,
445 2572 532 2599 non
550 2561 680 2602 modo
699 2561 823 2616 quad·
815 2576 884 2602 rm
905 2576 960 2602 ex
978 2562 1233 2602 necessitate
1256 2574 1423 2616 semper
1440 2559 1593 2601 eodem
1610 2559 1741 2600 modo

306 2612 440 2665 flunt;
473 2630 618 2658 verum
643 2617 696 2658 ad
724 2618 929 2659 utilitates
957 2633 1129 2674 quoque
1156 2632 1294 2659 rerum
1323 2617 1517 2658 omnium
1545 2624 1645 2658 sunt
1670 2631 1741 2658 ac-

757 2747 774 2754 x

341 2783 384 2816 9³
404 2779 546 2813 Rectum
557 2783 644 2814 vobis
656 2783 837 2824 videatur]
851 2785 904 2815 Sic
918 2785 998 2816 Mss.
1084 2788 1126 2819 94
1159 2785 1201 2816 In
1235 2785 1374 2825 qumque
1407 2783 1558 2814 distribui
1585 2781 1638 2823 μ]
1674 2781 1743 2812 Me.

297 2823 400 2857 etiam
414 2823 721 2856 cass.Gu.1.2.et
741 2826 813 2857 edd.
826 2831 908 2858 vett.
932 2837 999 2859 non
1041 2826 1135 2858 Leia,
1162 2828 1251 2858 Cass
1274 2828 1388 2866 tribui,
1415 2826 1503 2868 quod
1528 2824 1741 2892 praetulerim-

297 2869 506 2937 recfumnev.
520 2867 661 2900 videtur.
675 2867 771 2909 idque
782 2870 882 2901 etiam
902 2878 1000 2902 sensu
1043 2879 1074 2901 v.
1089 2869 1180 2902 Clav.
1194 2868 1275 2901 inb.
1290 2878 1322 2900 v.

299 2917 350 2938 me
366 2917 415 2938 ius
