1945 3235
308 163 384 197 384
834 163 915 202 DE
946 164 1234 203 ORATORE

311 274 397 304 tam
421 265 542 315 bene,
561 281 688 322 quarn
712 267 899 310 suaviter
918 268 1146 324 loquendo,
1166 268 1289 309 facile
1313 267 1545 323 superabit.
1595 265 1750 311 Nostri·

311 322 450 362 minus
468 323 639 365 student
658 324 823 375 litteris,
842 341 968 381 quatu
997 326 1152 367 Latini,
1176 335 1315 367 tamen
1335 339 1387 364 ex
1413 324 1520 374 istis,
1543 338 1650 379 quos
1669 337 1745 364 no-

309 378 400 428 stis,
431 380 616 430 urbanis,
646 381 687 422 in
709 383 864 437 quibus
889 383 1110 423 minimum
1141 393 1206 423 est
1233 383 1484 430 litterarum,
1513 395 1637 422 nemo
1667 390 1750 430 est,

310 435 414 489 quin
438 435 791 479 litteratissimum
827 450 1071 494 togatorum
1103 440 1311 489 omnium,
1344 440 1401 484 Q.
1428 437 1642 478 Valerium
1665 436 1744 478 So-

311 506 476 543 ranum,
494 494 667 536 lenitate
688 497 803 537 vocis
821 508 949 552 atque
969 497 1061 552 ipso
1076 497 1160 538 oris
1179 511 1318 552 pressu
1334 506 1377 536 et
1391 509 1496 535 sono
1511 494 1636 536 facile
1653 494 1747 534 vin·

232 542 294 589 12
310 560 394 590 cat.
455 552 597 597 Quare
615 567 712 593 cum
737 554 789 593 sit
808 554 1004 608 quaedam
1024 566 1140 594 certa
1165 569 1248 595 vox
1278 552 1462 593 Romani
1487 551 1654 608 generis
1678 565 1754 591 ur·-v

248 615 297 646 —14
314 606 460 662 bisque
486 610 670 665 propria,
703 611 743 649 in
774 625 859 664 qua
895 610 999 651 nihil
1030 610 1204 660 offendi,
1234 610 1339 651 niliil
1368 609 1608 664 displicere,
1641 606 1748 649 nihil

309 665 589 706 animadverti
611 667 757 721 possit,
780 667 883 707 nihil
909 682 1058 708 sonare
1079 680 1153 708 aut
1171 668 1284 708 olere
1305 667 1603 723 peregrinum3
1635 665 1746 706 hanc

311 736 556 776 sequamur:
591 738 727 778 neque
746 723 881 764 solum
902 725 1103 765 rusticam
1123 725 1410 780 asperitatem,
1433 724 1504 764 sed
1524 723 1651 764 etiam
1673 736 1747 778 pe-

247 779 522 834 451·egrinam
544 781 812 825 insolentiam
833 780 980 837 fugere
998 781 1226 822 discamus.
1269 780 1478 835 Equidem
1501 794 1597 821 cum
1618 779 1746 820 audio

310 849 478 876 socrum
503 851 638 878 meam
674 837 849 879 Laeliam
873 838 1060 890 (facilius
1090 838 1203 879 enim
1235 838 1431 878 mulieres
1452 838 1744 893 incorruptam

309 893 611 947 antiquitatem
630 907 899 944 conservant,
917 895 1030 950 quod
1049 895 1278 936 multorum
1303 895 1507 935 sermonis
1529 902 1744 950 expertes,

176 959 209 991 P·
227 953 294 983 ¹⁴7·
309 964 357 989 ea
383 959 528 991 teuent
549 965 728 1006 semper,
751 966 846 1006 quae
869 953 1005 1008 prima
1017 952 1298 1001 didicerunt3)
1322 952 1394 992 sed
1412 965 1504 992 eam
1522 952 1582 993 sic
1600 951 1745 999 audio,

265 1004 294 1023 ³·
310 1016 356 1046 ut
382 1006 580 1048 Plautum
600 1008 722 1059 mihi,
745 1020 817 1050 aut
851 1009 1052 1050 Naevium
1077 1010 1221 1050 videar
1242 1009 1403 1050 audire.
1427 1023 1532 1049 sono
1555 1008 1650 1064 ipso
1671 1022 1746 1049 vo-

311 1063 372 1104 cis
407 1064 468 1104 ita
503 1075 619 1106 recto
655 1077 697 1106 et
729 1065 910 1122 simplici
949 1075 1026 1116 est,
1057 1075 1103 1106 ut
1137 1065 1292 1107 3611ihil
1331 1065 1632 1106 ostentationis
1667 1073 1742 1106 aut

310 1119 563 1163 imitationis
596 1122 746 1163 afferre
780 1124 995 1164 videatur:
1033 1137 1087 1164 ex
1117 1137 1204 1178 quo
1237 1124 1297 1164 sic
1319 1123 1510 1164 locutum
1533 1135 1624 1163 esse
1647 1122 1741 1177 ejus

309 1187 473 1232 patrem
505 1179 674 1234 judico,
717 1181 777 1221 sic
818 1181 1024 1236 majores;
1077 1195 1160 1222 non
1203 1195 1365 1236 aspere,
1404 1188 1452 1220 ut
1488 1178 1573 1230 ille,
1611 1193 1741 1234 quem

308 1234 416 1285 dixi,
455 1250 540 1277 non
580 1247 711 1287 vaste,
753 1252 839 1279 non
879 1238 1049 1288 rustice,
1091 1252 1175 1278 non
1214 1238 1369 1288 hiulce,
1411 1237 1483 1278 sed
1516 1250 1672 1293 presse,
1701 1245 1746 1277 et

245 1292 591 1347 ⁴6aequabiliter,
612 1304 655 1335 et
686 1294 850 1335 leniter.
912 1296 1057 1341 Quare
1091 1294 1224 1335 Cotta
1254 1305 1411 1345 noster,
1447 1294 1571 1350 cujus
1601 1302 1647 1334 tu
1675 1292 1748 1335 illa

306 1347 405 1399 lata,
429 1350 609 1406 Sulpici,
632 1365 955 1406 nonnumquam
989 1352 1185 1403 imitaris,
1209 1362 1256 1392 ut
1275 1352 1365 1392 iota
1386 1351 1573 1393 litteram
1604 1349 1744 1402 tollas,

304 1415 348 1446 et
385 1405 421 1447 E
451 1407 745 1463 plenissimum
774 1409 906 1458 dicas,
940 1423 1024 1449 non
1059 1408 1163 1449 mihi
1198 1418 1387 1450 oratores
1425 1409 1639 1464 antiquos,
1671 1408 1744 1450 sed

303 1476 509 1505 messores
531 1468 570 1499 ³7
585 1465 751 1506 videtur
774 1466 947 1506 imitari.
1010 1465 1098 1506 Hic
1117 1481 1215 1506 cum
1249 1466 1459 1506 arrisisset
1480 1466 1570 1521 ipse
1601 1464 1745 1521 Sulpi-

303 1519 410 1571 cius,
435 1522 506 1562 Sic
537 1537 662 1577 agam
694 1524 932 1573 vobiscum,
963 1523 1104 1577 inquit
1136 1522 1330 1573 Crassus,
1349 1532 1410 1572 ut,
1443 1522 1644 1578 quoniam
1676 1535 1743 1563 me

304 1575 421 1632 loqui
458 1578 664 1629 voluistis,
688 1579 847 1635 aliquid
880 1580 932 1620 de
965 1580 1116 1619 vestris
1149 1580 1264 1620 vitiis
1303 1580 1500 1620 audiatis.
1561 1578 1738 1621 Utinam

304 1635 502 1687 quidem!
537 1635 676 1690 inquit
695 1635 786 1678 ille:
822 1637 863 1678 id
882 1636 995 1677 enim
1016 1637 1156 1692 ipsum
1181 1637 1391 1686 volumus,
1414 1636 1542 1692 idque
1563 1636 1596 1677 si
1629 1635 1742 1677 fece-

241 1691 375 1742 sssis,
399 1692 531 1732 multa
549 1696 617 1744 (ut
647 1693 849 1744 arbitror)
880 1694 949 1735 hic
974 1693 1100 1735 hodie
1131 1694 1236 1734 vitia
1262 1707 1484 1750 ponemus.
1544 1691 1604 1734 At
1625 1693 1740 1733 enim

302 1761 386 1790 non
412 1749 501 1790 sine
523 1763 617 1790 meo
648 1750 853 1806 periculo,
886 1750 1063 1792 Crassus
1095 1751 1250 1805 inquit,
1285 1764 1471 1806 possum,
1496 1749 1676 1806 Sulpici,
1701 1760 1743 1790 te

300 1807 623 1861 reprehendere,
645 1808 848 1862 quoniam
879 1807 1095 1849 Antonius
1128 1807 1232 1848 mihi
1257 1817 1298 1848 te
1332 1806 1596 1848 simillimum
1630 1807 1744 1848 dixit

300 1864 381 1905 sibi
404 1864 550 1904 videri.
610 1863 722 1905 Tum
740 1864 823 1915 ille,
847 1868 886 1896 38
899 1864 1011 1905 Tum
1031 1865 1145 1920 quod
1166 1865 1335 1906 monuit
1350 1865 1476 1915 idem,
1491 1873 1539 1905 ut
1559 1878 1624 1915 ea,
1643 1878 1741 1920 quae

300 1921 342 1961 in
366 1935 537 1976 quoque
569 1922 761 1962 maxima
786 1931 942 1972 essent,
977 1922 1262 1963 imitaremur:
1294 1936 1347 1962 ex
1379 1936 1466 1976 quo
1497 1935 1657 1971 vereor,
1687 1934 1743 1965 ne.

299 1978 406 2019 nihil
437 1979 515 2019 sini
549 1979 625 2029 tui,
657 1979 737 2019 nisi
775 1979 1095 2035 supplosionem
1129 1979 1263 2034 pedis,
1293 1979 1501 2029 imitatus,
1531 1988 1576 2019 et
1603 1992 1742 2035 pauca

298 2036 495 2091 quaedam
521 2037 663 2086 verba,
682 2046 726 2077 et
748 2036 949 2091 aliquem,
972 2037 1003 2077 si
1026 2037 1151 2086 forte,
1175 2046 1357 2077 motum.
1420 2035 1535 2092 Ergo
1558 2035 1654 2086 ista,
1677 2035 1741 2077 in-

297 2093 392 2148 quit
425 2091 618 2143 Crassus,
640 2108 738 2148 quae
772 2093 902 2134 habes
933 2108 959 2133 a
988 2107 1071 2144 me,
1109 2108 1192 2134 non
1225 2093 1506 2148 reprehendo,
1522 2095 1624 2133 39ne
1653 2106 1743 2133 me·

298 2150 439 2205 ipsum
463 2149 676 2190 irrideam.
699 2160 798 2190 sunt
816 2162 958 2191 autem
985 2164 1078 2191 mea
1100 2150 1235 2191 multo
1258 2159 1302 2190 et
1330 2149 1464 2205 plura,
1487 2158 1531 2190 et
1561 2148 1742 2204 majora,

299 2221 427 2262 quam
446 2207 568 2247 dicis,
588 2222 684 2261 quae
705 2217 848 2248 autem
871 2220 971 2248 sunt
992 2218 1066 2247 aut
1087 2217 1159 2248 tua
1174 2206 1312 2263 plane,
1331 2217 1405 2247 aut
1427 2206 1669 2247 imitatione
1685 2220 1739 2247 ex

299 2264 442 2318 aliquo
475 2277 692 2318 expressa,
718 2264 771 2305 de
805 2264 855 2304 iis
881 2274 936 2315 te,
965 2265 999 2304 si
1028 2264 1101 2319 qui
1135 2278 1203 2305 me
1227 2263 1338 2304 forte
1363 2263 1481 2305 locus
1509 2263 1743 2305 admonue-

221 2319 370 2372 13rit,
389 2322 690 2362 commonebo.
753 2321 1062 2362 Praetereamus
1094 2321 1226 2376 igitur
1258 2329 1475 2377 praecepta
1499 2320 1651 2362 Latine
1679 2320 1742 2361 loa

238 2378 474 2432 48quendi,
498 2392 595 2433 quae
620 2377 792 2433 puerilis
828 2378 1026 2419 doctrina
1060 2378 1204 2429 tradit,
1233 2388 1278 2418 et
1311 2377 1510 2419 subtilior
1545 2376 1740 2434 cognitio

342 2506 384 2535 36
405 2505 668 2547 nihil—qfferrc]
694 2507 841 2537 Offendit
868 2517 920 2537 me
943 2505 995 2546 af—
1040 2511 1134 2537 tante
1149 2506 1266 2537 Junta.

285 2547 397 2587 serre.
450 2550 732 2589 S³mp1i‹=is<2n1un=
760 2554 809 2579 est
835 2550 997 2587 ‹eom-igere
1082 2552 1122 2579 38
1145 2554 1215 2579 tum
1231 2548 1330 2588 quod]
1357 2548 1400 2578 Et
1417 2547 1570 2588 repetitio
1584 2553 1653 2578 tam
1667 2546 1742 2589 pross

299 2592 426 2620 habere.
473 2592 534 2621 Sed
557 2591 669 2622 malini
695 2592 996 2627 animadvertatur,
1039 2591 1164 2630 pinqua
1182 2591 1269 2621 verbi
1294 2595 1365 2621 tum
1382 2589 1519 2621 offendit
1541 2600 1606 2627 me,
1620 2596 1653 2621 et
1669 2600 1742 2621 sen-

297 2643 335 2662 ex
351 2642 415 2671 quo
429 2632 553 2673 qfferre
568 2634 718 2663 &deutur
733 2634 855 2664 factum
870 2634 923 2663 sit.
1040 2642 1112 2663 sum
1130 2633 1208 2663 satis
1223 2632 1433 2663 commodum
1450 2640 1516 2662 non
1532 2633 1670 2673 reperio.
1705 2633 1740 2664 Si

340 2678 377 2708 37
402 2675 531 2704 videtur
557 2675 698 2714 imitari]
736 2675 766 2705 H
772 2685 817 2704 εκ
844 2684 894 2705 est
923 2685 997 2705 vera
1039 2680 1089 2704 est
1101 2685 1159 2714 pro
1175 2679 1344 2714 praeterea,
1359 2674 1454 2704 debet
1467 2674 1557 2714 sequi
1571 2684 1611 2705 ex
1623 2684 1668 2705 eo.

296 2715 405 2746 lectio.
452 2716 538 2749 Nam
552 2718 695 2757 pertinet
710 2717 749 2746 ad
767 2718 914 2754 Cottam,
930 2726 997 2747 non
1083 2718 1122 2750 39
1146 2726 1186 2747 ne
1199 2726 1251 2746 me
1264 2718 1367 2755 ipsum
1385 2715 1560 2756 irrideam]
1587 2715 1740 2747 Pearciu·

295 2758 336 2788 ad
357 2757 552 2798 Sulpicium,
576 2759 615 2789 ad
636 2768 732 2798 quem
752 2759 905 2798 dirigitur
924 2769 997 2789 ora·
1039 2759 1175 2797 corz-igit
1199 2768 1248 2788 me
1263 2759 1337 2797 ipse.
1361 2757 1453 2789 bene.
1469 2759 1528 2789 nisi
1545 2758 1596 2789 hic
1617 2757 1742 2798 aliquid

294 2801 357 2830 ti0.
403 2799 446 2831 Et
463 2801 507 2831 sic
523 2800 643 2831 habent
661 2801 713 2831 vd.
728 2810 753 2830 s.
771 2801 791 2830 l.
813 2808 846 2831 et
863 2811 890 2830 a.
908 2800 994 2831 Med.
1039 2801 1255 2840 oppositionis
1267 2798 1452 2838 intelligere
1477 2800 1612 2830 velimus
1627 2810 1666 2831 ex
1682 2810 1740 2831 an-

294 2841 386 2882 Lips.
410 2841 538 2872 Videris
552 2853 590 2873 ex
606 2842 654 2872 ed.
679 2843 730 2872 W.
754 2843 915 2873 resonavit
939 2842 995 2873 Al·
1039 2842 1224 2879 tet-(dente,
1241 2842 1344 2877 velut,
1359 2851 1399 2871 ne
1416 2852 1479 2872 non
1496 2846 1566 2873 tam
1582 2846 1625 2880 te,
1641 2852 1741 2883 quam

295 2884 366 2922 dus,
394 2886 448 2925 qui
470 2890 503 2915 et
530 2885 643 2914 vitiose
673 2884 761 2914 dedit
785 2886 898 2921 iulum,
923 2885 995 2915 imi·
1040 2886 1212 2924 meipsum,
1225 2883 1352 2915 dictum
1368 2886 1422 2914 sit.

1908 2331 1930 2482 ’'mxu-
