1945 3235
317 165 393 199 344
832 162 912 201 DE
947 161 1236 200 ORATORE

319 265 446 314 dixit,
467 273 510 305 et
530 273 709 307 extento
732 265 908 308 brachio
940 265 1176 321 paullulum
1193 264 1324 305 etiam
1347 263 1400 304 de
1459 272 1552 304 estu
1574 263 1753 314 addidit,

320 321 615 363 vehementius
636 322 819 364 risimus.
873 322 940 364 Ex
962 322 1046 364 hoc
1069 335 1222 379 genere
1243 331 1308 362 est
1330 319 1399 361 illa
1425 319 1428 321 ’
1466 319 1640 362 osciana
1659 320 1756 362 imi-

323 379 429 420 tatio
451 379 588 421 senis:
622 379 718 421 Tibi
739 394 825 436 ego,
849 379 1051 435 Antiplm,
1073 381 1144 422 has
1163 392 1263 428 sero,
1287 377 1442 432 inquit.
1465 376 1665 418 ⁸5senium
1686 383 1755 428 est,

321 450 410 476 cum
431 435 570 478 audio.
619 436 764 492 Atque
786 437 846 478 ita
866 446 932 477 est
961 447 1100 478 totum
1123 435 1205 476 hoc
1222 435 1316 490 ipso
1340 447 1493 490 genere
1516 432 1756 484 ridiculum,

321 503 367 533 ut
390 493 636 534 cautissime
659 494 927 536 tractandum
959 494 1027 535 sit.
1090 492 1329 533 Mimorum
1362 499 1427 531 cst
1455 491 1569 531 enim
1591 489 1758 532 etholo-

322 564 490 605 gorum,
512 551 545 591 si
579 551 713 591 nimia
745 561 810 591 cst
843 550 1042 600 imitatio,
1073 549 1184 590 sicut
1206 547 1478 590 obscoenitas.
1501 556 1645 588 orator
1666 561 1758 588 sur-

322 607 450 663 ripiat
472 617 643 663 oportet
665 607 964 658 imitationem,
983 617 1030 647 ut
1049 607 1097 656 is,
1119 606 1158 637 86
1169 607 1241 661 qui
1259 605 1418 654 audiat,
1440 604 1605 660 cogitet
1623 602 1758 659 plura,

267 712 275 722 ι
322 678 450 719 quam
477 664 641 705 videat:
673 674 846 720 praestet
863 663 976 704 idem
995 663 1307 718 ingenuitatem
1329 674 1371 702 et
1394 662 1591 702 ruborem
1614 675 1754 712 suum,

240 712 312 766 60
326 722 550 763 verborum
573 721 839 776 turpitudine
860 730 904 762 et
925 734 1065 760 rerum
1086 720 1367 761 obscaenitate
1389 718 1577 759 vitanda.
1639 717 1755 773 Ergo

235 790 311 823 943
326 777 418 819 haec
440 778 524 819 duo
547 792 705 834 genera
725 787 824 819 sunt
845 777 937 832 ejus
963 775 1146 826 ridiculi,
1179 776 1295 831 quod
1325 776 1369 816 in
1392 790 1434 815 re
1457 775 1644 831 positum
1666 784 1757 816 est:

324 850 420 889 quae
457 844 555 875 sunt
586 836 760 891 propria
792 843 1094 890 perpetuarum
1125 833 1391 882 facetiarum,
1424 833 1466 873 in
1499 833 1654 888 quibus
1687 832 1761 874 de-

324 892 568 933 scribuntur
600 892 824 933 hominum
857 905 1012 941 mores,
1042 899 1085 930 et
1118 890 1177 930 ita
1209 889 1487 945 effinguntur,
1518 898 1565 930 ut
1595 898 1684 940 aut,
1714 903 1758 930 re

324 958 497 989 narrata
517 948 672 1003 aliqua,
703 952 741 982 87
756 948 900 1004 quales
923 948 1022 997 sint,
1055 946 1369 1001 intelligantur:
1401 954 1491 998 aut,
1517 946 1759 987 imitatione

327 1006 443 1046 brevi
467 1005 640 1060 injecta,
672 1006 714 1046 in'
737 1006 880 1060 aliquo
903 1004 1062 1059 insigni
1094 1004 1147 1044 ad
1181 1002 1442 1043 irridendum
1475 1002 1580 1043 vitio
1601 1003 1758 1059 reperi—

239 1072 465 1107 ‘344antur.
527 1062 578 1104 In
611 1063 729 1104 dicto
761 1071 905 1103 autem
938 1060 1164 1102 ridiculum
1188 1069 1252 1100 est
1284 1059 1342 1109 id,
1373 1059 1488 1114 qnod
1517 1060 1649 1111 verbi,
1684 1069 1759 1101 aut

329 1119 551 1160 sententiae
581 1121 767 1175 quodam
801 1118 997 1161 acumine
1028 1126 1238 1159 movetur.
1298 1116 1382 1159 Sed
1405 1125 1452 1156 ut
1474 1115 1516 1156 in
1538 1115 1610 1158 illo
1635 1131 1760 1172 supe-

328 1177 437 1218 riore
459 1191 614 1232 genere
636 1177 701 1218 vel
722 1175 992 1226 narrationis,
1015 1175 1081 1216 vel
1102 1173 1370 1224 imitationis,
1392 1173 1567 1214 vitanda
1592 1183 1657 1214 est
1679 1174 1759 1215 mi-

326 1248 495 1274 morum
517 1234 818 1290 ethologorum
840 1232 1098 1282 similitud03
1129 1231 1189 1272 sic
1212 1230 1256 1271 in
1278 1230 1375 1280 hoc,
1406 1233 1445 1260 88
1459 1230 1644 1272 scurrilis
1666 1244 1760 1271 ora-

281 1293 311 1322 b·
329 1291 409 1331 tori
431 1291 636 1332 dicacitas
667 1304 928 1347 magnopere
961 1288 1166 1345 fugienda
1196 1296 1274 1328 est.
1336 1287 1424 1333 Qui
1454 1287 1586 1344 igitur
1606 1287 1760 1329 distin-

326 1362 506 1403 guemus
534 1364 559 1388 a
592 1347 762 1399 Crasso,
795 1363 820 1388 a
852 1346 1023 1397 Catulo,
1046 1361 1071 1386 a
1098 1345 1250 1387 ceteris
1283 1343 1535 1385 familiarem
1558 1354 1760 1396 vestrum,

328 1405 555 1456 Granium,
577 1416 651 1446 aut
673 1404 920 1460 Vargulam,
938 1404 1124 1444 amicum
1145 1405 1314 1444 meum?
1345 1416 1433 1442 non
1453 1401 1694 1443 mehercule
1715 1402 1760 1444 in

326 1472 514 1504 mentem
552 1462 659 1502 mihi
697 1462 869 1516 quidem
908 1461 1048 1502 venit:
1081 1468 1179 1499 sunt
1219 1458 1333 1499 enim
1375 1458 1563 1510 dicaces;
1596 1458 1761 1500 Granio

327 1519 500 1573 quidem
523 1534 648 1560 nemo
670 1519 873 1560 dicacior.
935 1517 1049 1567 Hoc,
1073 1516 1240 1572 opinor,
1263 1516 1462 1571 primum,
1484 1529 1552 1567 ne,
1572 1516 1762 1570 quoties-

239 1587 315 1620 245
329 1590 511 1631 cumque
535 1577 721 1631 potuerit
739 1576 903 1616 dictum
919 1574 1020 1624 dici,
1043 1587 1213 1614 necesse
1233 1572 1463 1613 habeamus
1484 1573 1639 1613 dicere.
1673 1572 1760 1614 Pu-

328 1632 442 1673 sillus
485 1633 604 1673 testis·
647 1632 867 1688 processit.
935 1630 1060 1680 Licet,
1104 1629 1258 1685 inquit,
1300 1627 1472 1684 rogare?
1519 1629 1758 1685 Philippus.

325 1689 433 1730 Tum
458 1690 662 1743 quaesitor
685 1703 929 1745 properans,
962 1687 1092 1734 1110(Ζο
1115 1686 1300 1727 breviter.
1351 1686 1437 1727 Hic
1459 1685 1542 1736 ille,
1576 1685 1673 1727 Non
1690 1702 1761 1728 ac-

325 1746 494 1787 cambis.
527 1746 793 1801 perpusillum
815 1745 982 1801 rogabo.
1067 1743 1259 1784 tidicule.
1322 1743 1405 1784 Sed
1428 1743 1603 1784 sedebat
1623 1742 1762 1798 judex

329 1803 376 1843 L.
400 1803 598 1854 Aurifex,
630 1806 670 1838 89
686 1803 853 1844 brevior
873 1803 1018 1851 etiam,
1039 1815 1168 1856 quam
1191 1800 1309 1840 testis
1333 1801 1437 1856 ipse.
1459 1800 1598 1841 omnis
1619 1809 1685 1842 est
1706 1799 1762 1841 ri-

327 1875 396 1902 sus
420 1861 460 1900 in
478 1860 670 1914 judicem
694 1874 938 1901 conversus.
960 1862 1001 1893 90
1017 1858 1153 1899 visum
1175 1867 1240 1898 est
1264 1868 1403 1898 totum
1426 1857 1600 1898 scurrile
1621 1856 1761 1912 [judi-

326 1918 476 1970 cium].
511 1916 626 1971 Ergo
650 1917 757 1967 haec,
787 1931 884 1971 quae
907 1916 1056 1956 cadere
1080 1924 1257 1970 possunt
1279 1915 1322 1955 in
1341 1929 1448 1969 quos
1467 1913 1590 1964 nolis,
1611 1928 1762 1970 quam-

241 1982 316 2015 ‘246
331 1975 390 2017 vis
414 1975 499 2014 sint
523 1969 644 2024 bella,
666 1985 764 2014 sunt
784 1985 924 2014 tamen
947 1974 1040 2028 ipso
1063 1986 1217 2027 genere
1241 1971 1444 2012 scurrilia.
1487 1971 1549 2013 Ut
1569 1971 1664 2022 iste,
1685 1972 1760 2027 qui

328 2046 371 2071 se
405 2031 494 2071 vult
526 2031 732 2081 dicacem,
767 2041 810 2071 et
843 2029 1083 2070 mehercule
1118 2040 1196 2079 est,
1227 2028 1410 2084 Appius,
1441 2028 1512 2069 sed
1548 2042 1760 2069 nonnum-

326 2103 454 2142 quam
475 2089 515 2128 in
533 2088 614 2129 hoc
631 2088 784 2128 vitium
807 2086 980 2128 scurrile
1001 2086 1226 2127 delabitur.
1262 2084 1453 2135 Caembo,
1476 2085 1630 2141 inquit,
1651 2084 1764 2140 apud

327 2151 377 2195 te,
411 2144 510 2186 huic
532 2145 650 2186 lusco
668 2144 868 2185 familiari
892 2158 1002 2194 meo,
1035 2141 1086 2183 C.
1112 2142 1288 2183 Sextio:
1320 2142 1394 2183 uni
1413 2141 1518 2182 enim
1541 2140 1670 2183 locam
1684 2155 1760 2184 esse

368 2311 406 2339 25
429 2310 552 2338 senium
575 2314 633 2345 est,
658 2317 732 2337 cnm
755 2306 878 2345 audio]
927 2307 1020 2336 Pear-
1106 2307 1145 2339 89
1170 2305 1293 2335 brevior
1313 2307 1425 2342 etiam,
1448 2315 1547 2346 quam
1568 2306 1657 2336 testis
1676 2305 1757 2346 ipse]

326 2351 394 2379 vius
416 2354 511 2389 putat
530 2351 562 2380 in
581 2350 642 2380 hoc
657 2359 724 2380 esse
734 2349 896 2387 judicium
914 2349 1020 2379 Crassi
1064 2348 1116 2377 Sic
1131 2347 1201 2377 dedi
1217 2359 1255 2378 ex
1270 2348 1319 2378 cd.
1334 2358 1359 2378 s.
1376 2348 1397 2377 l.
1413 2352 1447 2377 ct
1461 2358 1491 2378 a.
1507 2347 1595 2387 Lips.
1612 2347 1673 2378 Ed.
1691 2347 1759 2384 W.‚

325 2392 364 2420 da.
384 2392 439 2422 illa
463 2393 646 2422 imitatione
663 2392 783 2427 Roscii,
801 2400 844 2420 sc.
858 2397 925 2420 tani
952 2390 1021 2419 feli·
1065 2390 1188 2419 brevior
1204 2391 1280 2429 ipse,
1295 2400 1394 2428 quam
1408 2391 1506 2420 testis.
1529 2389 1648 2429 Vulgo,
1660 2399 1762 2429 quam

327 2444 396 2463 (sein
414 2434 502 2463 illam
525 2435 635 2470 fnisse,
659 2440 697 2463 ut
712 2433 846 2462 audiens
868 2442 953 2468 cam,
974 2433 1021 2472 ip·
1066 2433 1132 2471 ipse
1146 2434 1245 2463 testis.
1289 2432 1353 2462 Ms.
1369 2432 1409 2462 E.
1426 2442 1492 2462 non
1506 2430 1605 2462 habet
1618 2432 1695 2471 ipse.

328 2485 398 2504 sum
415 2477 540 2506 senium
557 2475 681 2505 audisso
696 2474 854 2505 videatur.
902 2474 1022 2510 Immo,
1107 2476 1148 2506 90
1170 2475 1273 2504 visum
1308 2479 1354 2504 est
1383 2478 1487 2503 totum
1515 2474 1654 2503 scurrile
1681 2473 1758 2513 δια]

329 2523 376 2546 cst
393 2518 480 2547 alind
494 2517 679 2558 exemplum
697 2517 902 2546 imitationis.
1065 2515 1235 2545 (Iudicium
1257 2516 1420 2555 quomodo
1441 2515 1578 2546 scurrile
1599 2515 1662 2545 dici
1687 2520 1760 2555 pot-

372 2560 412 2588 86
433 2561 487 2597 qui
509 2559 639 2599 audiat]
668 2559 727 2590 Ed.
748 2559 800 2588 w.
822 2560 878 2598 quel
900 2558 1022 2588 audiet.
1065 2557 1134 2587 est?
1161 2557 1267 2588 lmmo
1280 2558 1404 2588 dictum
1423 2556 1558 2587 scurrile
1576 2556 1682 2587 visum
1695 2562 1756 2588 est.

331 2602 408 2632 item
425 2600 489 2630 ΜΞ.
506 2602 544 2631 E.
1063 2599 1214 2629 Pcarcius
1236 2600 1325 2630 dedit
1348 2601 1487 2630 scurrile
1511 2598 1701 2629 ridiculum.
1724 2599 1759 2630 id

372 2644 408 2675 87
433 2644 543 2681 qrmlrs
569 2642 648 2682 siut]
682 2642 745 2672 Pro
769 2641 902 2681 vulgato
931 2647 1020 2680 sune,
1063 2641 1147 2681 sapit
1163 2647 1390 2672 correctorem.
1434 2638 1716 2680 Immo-judicium
1739 2651 1760 2672 e

330 2684 414 2722 qnod
429 2692 478 2714 est
490 2690 605 2714 contra
619 2684 831 2714 latinitatem.
1066 2683 1212 2721 margine
1227 2686 1260 2713 'in
1274 2688 1401 2713 textum
1418 2683 1518 2712 venit.
1549 2681 1759 2722 Adscriptum

371 2729 409 2756 ‘dn
431 2727 579 2756 scum-ilis
601 2737 649 2755 or.
674 2726 842 2764 dicacitas]
874 2726 1023 2756 Pearcins
1065 2732 1136 2754 crat
1158 2726 1199 2755 ab
1219 2725 1325 2764 aliquo
1348 2725 1381 2757 in
1398 2725 1561 2763 margine:
1575 2722 1759 2763 judicium,

328 2767 417 2798 dedit
440 2770 585 2803 scurrili,
610 2768 777 2798 intellecto
801 2777 929 2805 genere.
953 2778 1018 2797 non
1062 2775 1106 2796 sc.
1125 2768 1266 2798 auctoris
1281 2767 1320 2797 de
1335 2766 1391 2797 illo
1410 2766 1520 2803 dict03
1544 2765 1655 2804 quales
1671 2770 1759 2798 notae

327 2810 421 2840 bene.
439 2819 503 2840 non
518 2810 556 2841 de
570 2818 686 2849 genere
701 2809 825 2839 scurrili
840 2819 944 2839 serino
957 2815 1016 2839 est.
1063 2809 1184 2839 centies
1207 2810 1240 2838 in
1265 2809 1343 2839 Μῦς.
1369 2808 1569 2848 marginibus
1591 2808 1755 2848 reperiun-

329 2861 402 2881 nam
418 2851 450 2882 id
463 2858 512 2884 est
527 2852 662 2882 omnino
678 2851 858 2887 vitandum,
875 2856 911 2882 ut
928 2852 1019 2882 Cice·
1061 2857 1127 2880 tur.
1175 2849 1288 2890 ltaque
1303 2850 1395 2881 unt-is
1411 2850 1539 2881 inclusi.

328 2903 362 2924 ro
376 2893 467 2923 dixit.
