1945 3235
551 138 736 176 LIBER
771 137 1104 177 SECUNDUS.
1465 139 1542 177 325

96 254 328 304 erumpat:
360 244 433 302 qui
455 242 513 285 illi
545 242 678 294 sedes,
709 251 752 284 et
777 251 981 297 tanquam
1010 241 1229 284 domicilia
1256 245 1449 286 omnium
1478 235 1543 285 ar-

105 312 409 359 gumentorum
427 309 750 352 commonstret,
768 309 811 341 et
832 314 882 340 ea
894 298 1082 340 breviter
1104 299 1299 351 illustret,
1315 303 1542 357 verbisque

107 359 299 402 definiat.
361 359 478 406 Quid
501 358 614 399 enim
636 367 715 408 est,
747 357 789 398 in
812 371 897 412 quo
918 357 1097 408 haereat,
1115 357 1187 412 qui
1212 357 1380 408 viderit,
1401 371 1543 411 omne,
1558 364 1630 398 163

103 418 222 473 ,quod
246 425 436 459 sumatur
457 416 499 457 in
523 415 716 456 oratione
748 424 822 455 aut
851 413 903 454 ad
933 414 1219 470 probandum,
1251 423 1325 455 aut
1346 415 1398 458 ad
1423 416 1546 457 refel-

107 474 294 526 lendum,
325 483 398 515 aut
419 487 473 514 ex
497 488 572 513 sua
593 472 702 512 sumi
728 471 767 511 vi
790 480 919 527 atque
948 481 1113 522 natura,
1144 481 1218 515 aut
1240 471 1396 512 assumi
1420 471 1547 515 foris?

110 531 177 573 Ex
201 537 276 573 su'a
299 531 353 582 vi,
384 545 497 580 cum,
528 538 602 570 aut
625 543 687 569 res
710 543 806 584 quae
830 530 883 570 sit
916 538 1020 579 tota,
1043 538 1274 584 quaeratur,
1305 540 1379 570 aut
1398 528 1438 559 26
1452 544 1547 584 pars

108 590 215 645 ejus,
245 597 319 630 aut
341 584 597 628 vocabulum
620 586 735 642 quod
758 586 928 637 habeat,
960 596 1034 627 aut
1055 587 1294 643 quippiam,
1324 601 1414 628 rem
1433 586 1547 628 illam

108 647 222 702 quod
246 646 455 701 attingat:
488 643 755 685 extrinsecus
786 654 944 695 autem,
967 658 1064 684 cum
1096 658 1158 695 ea,
1181 659 1278 699 quae
1304 652 1404 685 sunt
1426 643 1544 695 foris,

106 717 244 760 neque
266 702 477 743 inhaerent
495 701 538 741 in
562 701 620 742 rei
644 711 810 752 natura,
842 700 1118 757 colliguntur.
1162 701 1206 742 Si
1230 716 1294 742 res
1315 711 1407 743 tota
1426 716 1544 757 quae-
1559 705 1632 741 164

105 761 225 812 rit'ur,
246 759 499 801 definitione
521 758 719 800 universa
743 759 806 800 vis
833 757 1092 815 explicanda
1112 768 1190 810 est,
1222 760 1308 800 sic:
1342 760 1387 800 Si
1413 759 1544 815 maje-

107 827 192 859 stas
214 825 279 858 est
306 831 374 857 am
409 815 546 857 litudo
576 830 626 857 ac
649 816 838 873 dignitas
860 815 1065 866 civitatis,
1095 815 1130 856 is
1153 831 1244 857 eam
1269 817 1440 869 minuit,
1470 817 1544 874 qui

105 875 342 916 exercitum
406 874 570 914 ostibus
597 873 744 930 populi
776 873 965 914 Romani
997 873 1187 924 tradidit,
1216 888 1302 914 non
1336 875 1408 930 qui
1431 889 1544 926 eum,

104 930 244 988 qui-'id
266 931 452 982 fecisset,
473 930 623 987 populi
643 930 830 972 Romani
854 931 1057 987 potestati
1083 931 1272 972 tradidit.
1325 931 1398 973 Sin
1425 932 1633 988 pars3165

107 989 352 1046 partitione,
384 989 466 1030 hoc
496 989 650 1030 modo:
684 998 759 1029 aut
785 989 949 1029 senatui
980 989 1216 1044 parendum
1239 989 1291 1030 de
1313 989 1448 1031 salute
1469 989 1551 1030 rei-

105 1047 292 1104 publioae
328 1046 425 1097 fuit,
468 1056 541 1086 aut
576 1046 689 1086 aliud
727 1045 956 1087 consilium
996 1046 1323 1097 instituendum,
1361 1057 1435 1088 aut
1477 1062 1554 1088 sua

106 1113 259 1161 sponte
282 1104 551 1154 faciendum3
583 1103 697 1144 aliud
720 1103 964 1154 consilium,
986 1104 1241 1158 superbum;
1274 1119 1413 1154 suurn,
1437 1119 1552 1146 arro-

107 1177 228 1218 gans.
251 1161 457 1203 utendum
478 1160 610 1216 igitur
629 1160 711 1201 fuit
730 1160 909 1201 consilio
930 1171 1116 1202 senatus.
1150 1160 1224 1202 Sin
1248 1175 1301 1202 ex
1322 1162 1550 1213 vocabulo,

108 1229 154 1260 ut
177 1218 346 1261 Carbo:
379 1219 412 1259 si
435 1218 583 1258 consul
605 1226 683 1269 est,
715 1218 787 1273 qui
810 1218 997 1259 consulit
1027 1218 1194 1275 patriae,
1225 1218 1328 1274 quid
1351 1219 1466 1261 aliud
1489 1219 1551 1261 fe-

107 1277 168 1318 cit
191 1276 420 1333 Opimius?
452 1275 527 1315 Sin
551 1276 604 1315 ab
627 1290 693 1325 eo,
723 1275 837 1331 quod
862 1290 949 1316 rem
972 1276 1175 1332 attingat,
1207 1276 1347 1332 plures
1365 1285 1464 1319 sunt
1486 1276 1639 1318 {ir-16⁶

109 1344 414 1391 gumentorum
445 1333 563 1373 sedes
586 1348 635 1374 ac
657 1333 756 1374 loci.
779 1347 879 1374 nam
901 1343 945 1374 et
966 1333 1202 1388 conjuncta
1222 1349 1479 1389 quaeremus,
1509 1345 1553 1376 et

108 1389 279 1448 genera,
311 1400 355 1432 et
386 1400 526 1446 partes
554 1390 784 1447 generibus
821 1391 1053 1446 subjectas,
1085 1401 1128 1431 et
1161 1391 1478 1443 similitudines,
1511 1402 1556 1433 et

106 1448 490 1499 dissimilitudines,
524 1457 567 1488 et
589 1448 817 1498 contraria,
844 1457 888 1488 et
917 1448 1241 1505 consequentia,
1264 1459 1307 1489 et
1328 1459 1555 1491 consenta-

105 1517 200 1558 nea,
222 1517 266 1548 et
288 1505 408 1562 quasi
432 1506 752 1562 praecurrentia,
775 1514 818 1546 et
844 1506 1146 1561 repugnantia,
1181 1516 1223 1546 et
1246 1521 1394 1548 causas
1415 1522 1555 1549 rerum

106 1565 432 1621 vestigabimus,
461 1572 505 1604 et
537 1577 600 1613 ea,
634 1578 730 1618 quae
765 1577 819 1603 ex
853 1564 992 1604 causis
1025 1573 1120 1604 orta
1148 1573 1269 1615 sunt3
1301 1574 1345 1605 et
1375 1565 1555 1620 majora,

106 1621 241 1677 paria,
271 1622 438 1662 minora
459 1634 715 1675 quaeremus.
759 1619 826 1661 Ex
849 1620 1094 1675 conjunctis
1118 1621 1178 1662 sic
1199 1631 1455 1677 argumenta
1475 1623 1552 1663 du-
1567 1613 1640 1662 40

106 1688 288 1721 cuntur:
322 1678 354 1719 si
379 1678 530 1734 pietat'i
553 1692 720 1718 summa
747 1678 975 1718 tribuenda
996 1678 1085 1718 laus
1108 1689 1186 1729 est,
1217 1679 1384 1720 debetis
1406 1695 1551 1721 move·
1567 1686 1641 1724 167

107 1736 158 1787 ri,
181 1751 278 1777 cum
304 1736 361 1782 Q.
387 1735 612 1776 Metellum
646 1745 734 1776 tam
769 1735 838 1791 pie
870 1735 1016 1791 lugere
1047 1735 1243 1777 videatis.
1306 1735 1373 1778 Ex
1397 1752 1554 1793 genere

107 1801 276 1835 autem:
311 1794 343 1834 si
367 1794 642 1849 magistratus
665 1793 709 1833 in
733 1793 881 1849 populi
919 1793 1102 1834 Romani
1126 1802 1341 1849 potestate
1362 1809 1453 1836 esse
1480 1796 1553 1836 de-

110 1851 226 1902 bent,
259 1851 361 1906 quid
394 1850 650 1891 Norbanum
683 1865 872 1900 accusas,
906 1850 1028 1905 cujus
1063 1850 1306 1892 tribunatus
1342 1852 1551 1894 voluntati

100 1909 252 1964 paruit
272 1908 486 1950 civitatis?
520 1906 586 1948 Ex
609 1917 727 1963 parte
750 1916 894 1948 autem
916 1922 979 1957 ea,
1003 1923 1098 1963 quae
1122 1918 1186 1948 est
1206 1908 1402 1964 subjecta
1423 1925 1553 1966 gene·
1568 1912 1643 1946 168

107 1965 168 2007 ri:
195 1965 228 2006 si
252 1980 415 2015 omnes,
447 1965 519 2020 qui
553 1965 802 2020 reipublicae
833 1965 1077 2016 consulunt,
1100 1966 1187 2006 cari
1212 1967 1337 2007 nobis
1368 1982 1459 2008 esse
1480 1969 1553 2009 de-

106 2023 226 2073 bent,
257 2032 371 2064 certe
394 2023 435 2063 in
461 2022 608 2078 primis
632 2023 926 2078 imperatoreS,
945 2037 1127 2078 quorum
1151 2023 1356 2075 consiliis,
1379 2025 1598 2077 virtute‚l³·
1618 2031 1687 2061 194-

107 2079 323 2136 periculiS,
346 2080 579 2121 retinemus
601 2089 644 2120 et
665 2089 856 2120 nostram
882 2079 1077 2130 salutem,
1100 2090 1144 2120 et
1166 2081 1334 2137 imperii
1365 2082 1554 2138 dignita-⁴
1565 2083 1595 2103 a.

107 2147 209 2178 tem.
271 2136 339 2178 Ex
373 2137 654 2178 similitudine
681 2146 840 2187 autem,
864 2137 897 2176 si
928 2137 1028 2179 ferae
1053 2147 1200 2194 partus
1223 2153 1321 2180 suos
1351 2139 1554 2196 diligunt,

107 2210 193 2250 qua
214 2209 291 2236 nos
314 2195 357 2235 in
380 2194 536 2236 liberos
558 2205 729 2247 nostros
749 2194 1019 2250 indulgentia
1051 2209 1141 2236 esse
1173 2196 1403 2238 debemus?
1434 2207 1479 2239 at
1499 2213 1553 2239 ex
1570 2204 1643 2239 169

107 2252 543 2295 dissimilitudinez·si
578 2253 857 2293 barbarorum
890 2262 954 2293 est
989 2253 1033 2293 in
1063 2253 1176 2294 diem
1211 2254 1369 2306 vivere,
1408 2266 1556 2297 nostra

107 2309 287 2351 consilia
309 2310 616 2367 sempiternum
639 2319 809 2366 tempus
831 2320 1025 2366 spectare
1047 2310 1221 2351 debent.
1273 2311 1419 2367 Atque
1437 2322 1555 2354 utro-

108 2378 191 2422 que
215 2368 260 2409 in
288 2365 444 2424 genere
471 2378 514 2409 et
543 2367 852 2417 similitudinis,
883 2377 926 2408 et
958 2367 1335 2420 dissimilitudinis,
1357 2370 1558 2427 exempla

107 2433 210 2466 sunt
229 2440 283 2466 ex
306 2425 487 2466 aliorum
511 2424 651 2475 factis,
682 2435 756 2466 aut
778 2425 920 2475 dictis,
948 2435 1023 2466 aut
1044 2425 1224 2475 eventis,
1255 2435 1299 2466 et
1321 2426 1436 2469 fictae
1459 2443 1556 2470 nar-

111 2481 296 2524 rationes
331 2497 446 2539 saepe
482 2483 709 2538 ponendae..
769 2482 869 2524 ,lam
899 2497 954 2523 ex
988 2483 1227 2524 contrario:
1261 2483 1294 2523 si
1330 2484 1556 2527 Gracchus

113 2538 286 2591 nefarie,
310 2540 511 2596 praeclare
536 2540 754 2596 Opimius.
808 2539 874 2580 Ex
897 2541 1288 2596 consequentibus:
1321 2542 1354 2582 si
1377 2556 1421 2583 et
1443 2543 1556 2584 ferro
1573 2558 1646 2596 170

113 2595 362 2638 interfectus
382 2598 464 2648 ille,
487 2606 529 2639 et
549 2607 594 2638 tu
618 2598 817 2638 inimicus
839 2597 933 2652 ejus
952 2612 1051 2638 cum
1071 2597 1215 2653 gladio
1238 2610 1416 2640 cruento
1439 2615 1558 2642 com·

113 2652 346 2708 prehensus
371 2670 415 2696 es
449 2655 492 2696 in
526 2655 599 2696 illo
634 2655 727 2711 ipso
759 2654 870 2705 loco,
902 2665 945 2696 et
966 2670 1093 2695 nemo
1117 2666 1273 2711 praeter
1295 2667 1336 2697 te
1359 2657 1420 2698 ibi
1444 2659 1558 2699 visus

114 2719 193 2761 est,
214 2721 257 2752 et
277 2726 406 2753 causa
431 2713 610 2764 nemini,
642 2722 685 2754 et
719 2721 765 2753 tu
800 2726 967 2769 semper
996 2713 1165 2764 audax3
1196 2713 1300 2768 quid
1333 2725 1413 2767 est,
1443 2716 1561 2771 quod

114 2767 168 2810 de
200 2767 388 2811 facinore
420 2770 618 2812 dubitare
651 2770 892 2827 possimus?
925 2769 993 2811 Ex
1028 2772 1343 2824 consentaneis,
1376 2785 1420 2814 et
1452 2788 1563 2829 prae-

393 2900 434 2933 ‘26
450 2908 539 2941 pars
550 2899 635 2941 ejus]
662 2901 748 2931 Puto
768 2899 981 2940 repetendum
998 2910 1081 2940 φατ’,
1098 2905 1175 2931 ante
1186 2911 1280 2941 pare.

800 2948 876 2984 ΥΒ
