1945 3235
361 158 438 192 olae
739 151 1030 214 QMTOMAE
1055 151 1416 198 PARTI'HONES.

362 264 493 298 tatem
525 255 693 306 effusio,
714 266 758 298 et
788 255 1085 298 fortitudinem
1116 257 1295 298 audacia
1325 256 1530 308 imitatur,
1551 262 1595 295 et
1626 256 1793 311 patien-

361 314 464 354 tiam
503 311 705 355 ¹⁶duritia
732 313 944 363 immanis,
974 323 1016 354 ct
1042 312 1259 368 justitiam
1291 312 1516 364 acerbitas,
1548 319 1592 352 et
1619 308 1792 368 lelig'do-⁴

359 384 458 411 nem
495 368 756 426 superstitio,
786 379 830 412 et
863 370 1082 411 lenitatem
1117 370 1297 412 mollitia
1329 370 1476 420 animi,
1514 376 1557 410 et
1589 376 1794 417 verecun-

360 427 475 467 diam
509 425 728 479 timiditas,
749 437 792 469 et
822 427 936 468 illam
957 427 1201 483 disputandi
1235 426 1503 483 prudentiam
1527 423 1793 467 concertatio

359 482 636 541 captatioque
666 485 906 535 verborum,
927 493 970 524 et
1000 484 1109 526 hanc
1130 484 1360 525 oratorium
1391 484 1478 524 vim
1509 482 1646 523 inanis
1673 478 1796 538 quaejss-

360 541 459 582 dam
483 541 740 598 profluentia
760 540 977 596 loquendi.
1037 538 1198 583 Studiis
1222 551 1364 582 autem
1397 539 1521 581 bonis
1552 537 1708 580 similia
1726 536 1792 579 vi'-

296 605 346 642 82
360 598 514 640 dentur
533 614 596 651 ea,
618 613 714 655 quas
737 607 836 638 sunt
858 598 900 638 in
924 596 1074 638 eodem
1104 612 1259 654 genere
1288 597 1434 639 nimia.
1495 594 1795 642 Quamobrem

357 655 498 698 omnis
521 655 583 696 vis
603 654 802 696 laudandi
827 654 1180 710 vituperandique
1201 670 1255 696 ex
1281 655 1348 695 his
1371 661 1560 695 sumetur
1581 652 1792 694 virtutum

357 712 646 768 vitiorumque
677 711 893 767 partibus:
926 711 998 752 sed
1031 711 1072 751 in
1096 720 1188 752 toto
1210 711 1330 766 quasi
1352 720 1560 753 contextu
1583 707 1790 751 orationis

347 769 450 821 ,haec
472 778 597 810 erunt
627 767 873 810 illustranda
897 768 1098 820 maxime,
1123 767 1482 823 quemadmodum
1505 766 1686 823 quisque
1714 777 1791 822 ge-

352 835 540 877 neratuS‚
567 827 602 859 ¹7
614 824 975 881 quemadmodum
997 825 1216 877 educatus,
1234 824 1594 880 quemadmodum
1618 822 1793 864 institu-

353 892 422 925 tus
454 890 729 938 moratusque
761 881 912 924 fuerit:
945 890 1002 933 et,
1025 882 1058 922 si
1088 882 1189 937 quid
1213 881 1281 923 cui
1312 889 1623 938 magnum-aut
1651 879 1792 922 incre·

351 940 484 983 dibile
505 939 725 990 acciderit,
745 939 1018 994 maximeque
1040 938 1074 980 si
1101 939 1142 980 id
1166 938 1371 980 divinitus
1401 937 1606 980 accidisse
1636 938 1789 992 potue-

350 998 409 1040 rit
443 996 598 1039 videri:
632 1005 723 1037 tum
759 996 922 1052 18quod
958 997 1138 1052 quisque
1171 996 1362 1046 senserit,
1390 994 1563 1046 dixerit,
1593 994 1788 1051 gesserit,

351 1056 405 1097 ad
435 1069 499 1106 ea,
532 1068 629 1110 quae
663 1055 885 1110 proposita
916 1063 1029 1105 sunt,
1062 1053 1271 1095 virtutum
1300 1067 1457 1109 genera
1487 1049 1788 1094 accommoda·-

349 1113 527 1164 buntur,
547 1125 602 1152 ex
625 1109 791 1167 illisque
814 1110 966 1153 iisdem
994 1110 1240 1152 inveniendi
1271 1110 1374 1152 locis
1396 1123 1535 1151 causae
1566 1121 1722 1159 rerum,
1743 1113 1789 1151 et

350 1176 544 1219 eventus,
581 1175 626 1209 et
665 1168 971 1224 consequentia
1004 1167 1285 1224 requirentur.
1346 1166 1499 1222 Neque
1538 1179 1639 1207 vero
1670 1171 1788 1206 mors

340 1241 515 1283 >eorum,
536 1239 718 1281 quorum
750 1225 838 1266 vita
867 1225 1123 1276 laudabitur,
1155 1223 1324 1266 silentio
1355 1222 1564 1280 praeteriri
1594 1221 1786 1274 debebit,

353 1285 388 1326 si
421 1283 550 1325 modo
582 1281 685 1338 quid
721 1282 803 1323 erit
837 1282 1277 1334 animadvertendum,
1312 1291 1385 1322 aut
1419 1281 1464 1322 in
1503 1280 1598 1337 ipso
1629 1287 1794 1336 genere'

352 1341 518 1391 mortis,
539 1348 613 1380 aut
634 1339 678 1380 in
700 1339 751 1380 iis
772 1340 913 1391 rebus,
934 1354 1030 1395 quae
1056 1348 1154 1396 post
1174 1347 1356 1381 mortem
1379 1345 1504 1379 erunt
1524 1344 1785 1379 consecutae.

270 1384 342 1432 24⁴
412 1398 463 1440 C.
482 1397 530 1438 F.
552 1395 715 1452 Accepi
750 1396 845 1448 ista,
875 1396 1092 1452 didicique
1127 1397 1327 1447 breviter,
1357 1410 1446 1437 non
1476 1394 1614 1437 solum
1636 1407 1787 1450 quem-

290 1457 340 1492 83
353 1455 584 1497 admodum
615 1453 830 1494 laudarem
853 1453 1048 1505 alterum,
1070 1453 1143 1495 sed
1163 1454 1291 1495 etiam
1311 1449 1673 1509 quemadmodum
1693 1449 1786 1492 eni-

353 1521 478 1564 terer,
500 1520 547 1552 ut
569 1525 737 1566 possem
758 1511 850 1567 ipse
873 1510 977 1565 jure'
1001 1510 1179 1552 laudari.
1238 1510 1470 1552 Videamus
1501 1509 1635 1566 igitur
1663 1507 1786 1550 dein-

347 1584 464 1626 ceps,
487 1569 529 1609 in
553 1567 764 1608 sententia
783 1567 966 1608 dicenda
986 1583 1115 1623 quam
1144 1568 1258 1609 viam
1280 1577 1325 1608 et
1353 1582 1450 1623 quae
1480 1573 1701 1623 praecepta
1719 1573 1785 1606 te-

348 1641 540 1668 neamus,
601 1623 653 1666 C.
681 1623 730 1665 P.
757 1628 793 1660 19
807 1623 884 1666 Est
904 1624 1037 1681 igitur
1054 1625 1098 1666 in
1119 1624 1394 1666 deliberando
1417 1624 1514 1665 finis
1534 1622 1713 1674 utilitas,
1728 1621 1784 1664 ad

349 1699 478 1740 quem
500 1682 646 1724 omnia
667 1681 728 1723 ita
749 1680 990 1724 referuntur
1019 1682 1064 1723 in
1093 1681 1274 1724 consilio
1306 1681 1462 1733 dando,
1487 1679 1783 1736 sententiaque

350 1739 547 1792 dicenda,
568 1747 617 1780 ut
638 1738 710 1780 illa
773 1739 881 1782 rima
901 1741 987 1781 sint
1019 1739 1196 1790 suasori,
1225 1747 1300 1780 aut
1320 1738 1550 1780 dissuasori
1581 1736 1782 1789 videnda,

350 1799 455 1854 quid
477 1807 551 1839 aut
573 1796 710 1853 possit
729 1753 836 1848 fieri,
859 1806 934 1838 aut
955 1811 1042 1838 non
1064 1796 1214 1854 possit,
1235 1805 1279 1837 et
1299 1796 1402 1853 quid
1424 1804 1498 1837 aut
1514 1808 1687 1837 necesse
1709 1793 1780 1848 sit,

350 1865 426 1897 aut
445 1870 533 1896 non
554 1868 740 1895 necesse.
800 1853 914 1895 Nam
936 1862 994 1905 et,
1016 1855 1048 1895 si
1072 1854 1175 1910 quid
1196 1853 1310 1895 effici
1332 1868 1418 1895 non
1441 1849 1599 1911 potest,
1620 1850 1782 1893 delibess

351 1912 461 1954 ratio
484 1911 661 1962 toHitur,
684 1911 879 1966 quamvis
901 1911 1004 1952 utile
1027 1912 1103 1953 sit:
1135 1920 1192 1963 et,
1212 1911 1246 1951 si
1269 1911 1372 1967 quid
1393 1923 1565 1953 necesse
1585 1917 1665 1961 est,
1686 1909 1786 1962 (ne-'

350 1984 468 2012 cesse
488 1978 631 2010 autem
663 1967 705 2009 id
727 1978 806 2020 est,
829 1968 920 2009 sine
951 1983 1036 2024 quo
1058 1968 1162 2010 salvi
1193 1968 1370 2010 liberive
1391 1982 1481 2010 esse
1510 1981 1596 2009 non
1629 1978 1781 2023 possu-

351 2029 480 2078 mus‚)
512 2026 554 2068 id
591 2034 655 2066 est
684 2025 871 2081 reliquis,
903 2034 947 2066 et
982 2025 1278 2067 honestatibus
1311 2026 1355 2067 in
1388 2024 1505 2067 civili
1534 2023 1714 2074 ratione,
1735 2030 1782 2064 et

289 2085 336 2121 84
351 2082 589 2140 commodis
611 2083 973 2138 anteponendum.
1017 2082 1129 2124 Cum
1152 2092 1295 2124 autem
1316 2083 1537 2139 quaeritur,
1558 2080 1664 2138 quid
1686 2079 1781 2122 fieri

349 2141 501 2199 possit,
532 2139 764 2181 videndum
792 2140 924 2182 etiam
954 2149 1032 2191 est,
1054 2140 1338 2196 quam-facile
1369 2139 1518 2197 possit.
1548 2151 1649 2180 nam
1679 2148 1778 2194 quae'

346 2197 619 2255 perdifficilia
639 2206 753 2249 sunt,
776 2197 951 2254 perinde
966 2195 1167 2239 habenda
1183 2212 1297 2254 saepe
1311 2206 1425 2250 sunt,
1437 2212 1488 2238 ac
1501 2197 1535 2237 si
1557 2194 1672 2237 effici
1689 2196 1778 2236 non

345 2256 526 2313 possint.
570 2253 626 2296 Et
645 2269 745 2295 cum
766 2255 820 2295 de
840 2254 1094 2295 necessitate
1115 2255 1398 2304 attendemus,
1411 2254 1492 2296 etsi
1513 2251 1778 2310 aliquidnon

345 2311 631 2355 necessarium
654 2310 881 2362 videbitur,
903 2310 1135 2352 videndum
1158 2318 1301 2351 tamen
1332 2310 1428 2362 erit,
1450 2324 1578 2367 quam
1610 2309 1778 2350 sitma‘-

347 2385 495 2428 gnum.
556 2368 688 2416 Quod
708 2368 823 2409 enim
846 2368 1068 2424 permagni
1098 2368 1289 2420 interest,
1309 2382 1388 2425 pro
1405 2365 1644 2410 necessario
1662 2374 1778 2423 saepe

284 2429 335 2463 85
348 2426 548 2470 habetur.'
606 2424 758 2481 Itaque
774 2440 878 2467 cum
899 2435 1068 2466 constet
1087 2425 1171 2467 hoc
1193 2439 1329 2481 genus
1349 2439 1572 2466 causarum
1602 2437 1657 2464 ex
1680 2437 1777 2464 sua-

347 2486 467 2527 sione
487 2492 531 2525 et
560 2482 849 2534 dissuasione3
880 2483 1042 2524 suasori
1072 2482 1328 2539 proponitur
1358 2481 1541 2539 simplex
1572 2479 1706 2521 ratio:
1739 2480 1775 2520 si

347 2551 396 2584 et>
412 2540 515 2596 utile
536 2548 615 2591 est,
647 2545 691 2581 et
723 2538 814 2580 fieri
844 2548 1000 2597 potest,
1027 2539 1114 2581 fiat.
1175 2538 1421 2581 Dissuasori
1454 2536 1644 2595 duplex:
1676 2550 1776 2589 una,

386 2683 424 2714 16
436 2681 562 2713 dun-itia
576 2679 746 2722 immanis]
764 2680 829 2714 Ms.
841 2680 941 2713 ned.
953 2681 1036 2712 Ven.
1080 2680 1152 2721 tur]
1180 2680 1342 2712 Usitatius
1365 2685 1436 2712 erat
1462 2679 1789 2713 accmnmodabitum:

338 2726 462 2762 inanis,
484 2722 581 2754 male.
846 2723 855 2729 ”
1080 2724 1135 2754 sed
1144 2723 1314 2762 vulgatum
1323 2725 1423 2754 etiam
1437 2723 1507 2754 sine
1521 2724 1602 2754 vitio
1614 2727 1676 2754 est.
1751 2738 1753 2741 v
1771 2743 1776 2753 i

385 2770 422 2800 Π
443 2765 714 2807 quemadmodum
737 2764 906 2805 educatus]
939 2765 1038 2796 Abest
1126 2768 1163 2800 19
1185 2765 1250 2796 Est
1271 2767 1378 2804 igitur
1390 2765 1465 2805 &c.]
1482 2765 1543 2797 Ed.
1557 2765 1640 2798 Ven.
1659 2765 1774 2803 Singa

338 2809 404 2841 Ms.
420 2809 458 2841 E.
481 2807 612 2847 Nempe
622 2807 656 2838 id
666 2808 767 2838 etiam
778 2807 918 2847 intelligi
928 2811 1038 2848 potest
1080 2808 1102 2837 i.
1119 2806 1190 2847 d.s.
1205 2817 1240 2838 u.
1254 2809 1300 2838 ad
1311 2812 1420 2848 quam.
1462 2807 1559 2848 Quod
1575 2816 1642 2838 non
1655 2808 1774 2850 displi:

338 2853 371 2882 in
387 2850 483 2882 verbo
495 2850 674 2886 institutus.
1079 2855 1180 2887 cei-et,
1191 2850 1217 2880 si
1231 2855 1423 2890 sequeretur
1438 2848 1644 2892 rese-rantur.

383 2894 419 2924 18
452 2892 538 2934 quod
562 2891 1035 2935 quisque—accommodabun-
