1945 3235
387 170 465 204 628
776 167 857 205 DE
892 166 1122 207 OPTIMO
1161 164 1410 204 GENERE

387 285 475 320 τες,
497 270 601 313 alios
623 271 684 313 eis
707 272 969 328 interjectos,
990 281 1034 313 et
1060 280 1277 327 tamquam
1300 269 1463 311 medios
1487 275 1632 325 putet:
1663 266 1715 310 de
1735 268 1815 311 ho-

389 328 577 370 minibus
595 329 709 371 dicet
727 329 903 385 aliquid,
925 331 977 371 de
999 345 1041 371 re
1064 343 1230 386 parum.
1279 326 1330 368 In
1348 341 1392 368 re
1411 325 1541 376 enim,
1563 325 1678 381 quod
1700 327 1814 382 opti-

386 399 505 426 mum
538 386 607 437 sit,
629 388 858 442 quaeritur:
892 389 934 428 in
969 387 1143 428 homine
1172 385 1344 435 dicitur,
1374 383 1488 439 quod
1521 391 1600 424 est.
1661 382 1815 438 Itaque

387 441 488 483 licet
509 443 650 485 dicere
668 456 714 486 et
741 444 941 494 Ennium,
964 459 1178 486 summum
1199 443 1370 499 epicum
1394 441 1584 497 poetam,
1605 439 1639 481 si
1661 440 1733 482 cui
1753 440 1817 482 ita

390 499 585 542 videtur:
617 512 659 542 et
686 502 922 543 Pacuvium
948 503 1157 558 tragicum
1179 518 1189 552 ;
1220 509 1264 542 et
1285 498 1510 541 Caecilium
1539 497 1718 538 fortasse
1739 511 1815 538 co-

353 557 566 599 smicum.
627 558 853 600 Oratorem
892 573 1047 614 genere
1087 573 1174 600 non
1215 557 1375 599 divido.
1419 554 1658 611 perfectum
1698 553 1816 595 enim

388 628 550 669 quaero.
614 616 754 656 Unum
773 625 838 656 est
858 625 1001 656 autem
1024 630 1159 671 genus
1181 614 1376 671 perfecti,
1397 628 1422 655 a
1439 627 1525 668 quo
1547 611 1620 667 qui
1643 612 1816 663 absunt,

386 685 472 712 non
496 687 650 728 genere
671 672 889 722 differunt,
912 682 959 713 ut
985 673 1038 713 ab
1062 673 1185 714 Attio
1207 671 1453 722 Terentius3
1487 669 1557 711 sed
1587 669 1631 710 in
1661 668 1815 710 eodem

383 743 470 769 non
502 740 601 770 sunt
639 744 775 788 pares.
836 730 1040 786 Optimus
1072 738 1137 770 est
1171 728 1287 770 enim
1325 737 1484 778 orator,
1519 727 1592 783 qui
1630 725 1814 768 dicendo

386 787 552 826 animos
588 787 855 829 audientium
878 797 921 828 et
941 787 1083 838 docet,
1102 796 1145 828 et
1166 785 1365 836 delectat,
1388 794 1432 826 et
1455 792 1692 840 permovet.
1724 783 1818 826 Do·

383 856 493 893 cere,
515 843 709 886 debitum
737 855 825 886 est:
857 844 1082 896 delectare,
1109 843 1416 885 honorarium:
1449 856 1711 897 permovere,
1741 857 1815 884 ne-
1864 844 1867 848 ⁸

347 901 629 946 4cessariu1n.
690 901 802 944 Haec
834 912 882 944 ut
912 902 1017 943 alius
1054 901 1220 952 melius,
1251 915 1380 955 quam
1419 899 1541 950 alius,
1575 899 1813 941 conceden-

384 956 486 998 dum
511 968 598 1000 est:
634 973 779 1000 verum
804 960 846 1001 id
879 960 928 1001 fit
957 974 1043 1000 non
1072 973 1242 1015 genere,
1267 957 1338 998 sed
1372 956 1521 1013 gradu.
1583 955 1811 1013 Optimum

383 1015 556 1068 quidem
588 1031 721 1058 unum
749 1027 834 1068 est;
867 1028 910 1058 et
939 1031 1204 1073 proximum,
1233 1015 1349 1070 quod
1377 1014 1416 1055 ei
1447 1013 1726 1055 simillimum.
1756 1029 1823 1061 ext

383 1086 469 1126 quo
492 1074 766 1129 perspicuum
789 1083 868 1126 est,
891 1075 1005 1130 quod
1029 1075 1196 1130 optimo
1219 1071 1552 1116 dissimillimum
1573 1071 1643 1123 sit,
1657 1071 1699 1113 id
1721 1086 1813 1114 esse

337 1124 673 1172 ‘Zdeterrimuum
736 1131 849 1173 Nam
879 1132 1084 1188 quoniam
1114 1129 1360 1186 eloquentia
1387 1137 1558 1170 constat
1587 1143 1641 1170 ex
1671 1129 1813 1170 verbis

381 1196 424 1226 et
446 1188 684 1239 sententiis,
703 1189 1011 1245 perficiendum
1034 1201 1113 1240 est,
1132 1198 1180 1230 ut
1199 1202 1303 1245 pure
1324 1195 1368 1227 et
1388 1186 1613 1228 emendate
1635 1185 1812 1242 loquen-

383 1253 460 1295 tes,
484 1246 600 1300 quod
621 1256 687 1286 est
712 1247 856 1297 latine,
889 1247 1115 1288 verborum
1141 1253 1365 1303 praeterea,
1387 1254 1431 1285 et
1460 1243 1746 1300 propriorum,
1769 1254 1813 1285 et

380 1302 680 1344 translatorum
697 1303 955 1360 elegantiam
975 1318 1299 1360 persequamur:
1331 1301 1375 1343 in
1393 1301 1592 1358 propriis,
1614 1310 1663 1341 ut
1679 1301 1813 1358 aptis-

379 1358 486 1400 sima
515 1360 745 1416 eligamus:
780 1362 821 1402 in
855 1361 1083 1413 translatis,
1125 1370 1174 1402 ut
1204 1359 1527 1401 similitudinem
1560 1359 1711 1410 secuti,
1743 1374 1814 1400 ve-

341 1419 364 1454 5
380 1418 562 1458 recunde
595 1427 766 1460 utamur
798 1418 961 1459 alienis.
1023 1418 1342 1460 Sententiarum
1366 1427 1510 1458 autem
1533 1415 1714 1458 totidem
1737 1431 1812 1473 ges

374 1488 476 1514 nera
501 1484 613 1524 sunt,
636 1485 744 1530 quot
775 1476 964 1518 diximus
986 1489 1077 1516 esse
1115 1475 1305 1516 laudum.
1335 1483 1435 1515 sunt
1466 1473 1581 1514 enim
1611 1473 1811 1525 docendi,

372 1543 528 1582 acutae,
550 1531 805 1584 delectandi,
827 1533 947 1588 quasi
971 1542 1153 1588 argutae,
1176 1530 1493 1580 commovendi,
1512 1544 1679 1585 graves·
1726 1531 1810 1575 Sed

371 1597 414 1628 et
442 1589 668 1630 verborum
700 1598 765 1631 est
793 1599 1007 1632 structura
1034 1589 1249 1645 quaedam,
1271 1588 1376 1629 duas
1407 1602 1470 1628 res
1503 1587 1709 1639 efficiens,
1731 1603 1811 1629 nu-r

370 1658 552 1696 merum,
585 1655 629 1687 et
661 1646 906 1690 lenitatem:
948 1656 992 1689 et
1028 1647 1252 1688 sententiae
1293 1660 1413 1686 suam
1448 1644 1811 1700 compositionem

371 1701 548 1753 habent,
571 1713 615 1744 et
635 1704 687 1745 ad
711 1705 976 1761 probandam
1000 1719 1088 1746 rem
1110 1703 1486 1746 accommodatum
1507 1701 1717 1743 ordinem.
1736 1703 1811 1745 sed

371 1774 516 1803 earum
550 1761 746 1802 omnium
777 1776 934 1813 rerum,
967 1771 1015 1803 ut
1036 1761 1335 1811 aedificiorum,
1367 1758 1576 1801 memoria
1601 1768 1670 1814 est,
1687 1760 1810 1815 quasi

335 1827 360 1860 6
375 1816 718 1870 fundamentum,
740 1819 881 1860 lumen
908 1820 1037 1860 actio.
1101 1818 1164 1860 Ea
1185 1818 1318 1875 igitur
1344 1817 1491 1859 omnia
1512 1816 1556 1858 in
1577 1830 1665 1871 quo
1693 1831 1811 1866 sum-

370 1888 456 1926 ma,
478 1875 593 1916 4erit
620 1886 765 1917 orator
788 1876 1092 1933 peritissimus3
1123 1877 1167 1917 in
1190 1891 1276 1934 quo
1299 1874 1454 1924 media,
1477 1873 1730 1917 mediocris:
1759 1874 1808 1920 in

369 1946 456 1986 quo
477 1933 669 1984 minima,
690 1934 958 1976 deterrimus.
1005 1933 1062 1975 Et
1084 1933 1414 1990 appellabuntur
1435 1945 1583 1972 omnes
1602 1939 1807 1984 oratores,

370 1998 419 2028 ut
442 1990 626 2045 pictores
648 1991 918 2047 appellantur
935 1991 1066 2032 eti-am
1087 1991 1186 2032 mali
1207 2008 1216 2038 ;
1257 2005 1336 2032 nec
1358 1988 1721 2046 generibus-inter
1742 2003 1807 2030 se-

324 2056 355 2086 b.
371 2060 428 2097 se,
451 2048 523 2089 sed
546 2048 824 2090 facultatibus
853 2047 1068 2090 different.
1131 2047 1284 2103 Itaque
1317 2062 1444 2088 nemo
1468 2055 1533 2087 est
1553 2055 1712 2098 orator,
1731 2046 1811 2102 qui-

368 2118 412 2144 se
442 2103 749 2147 Demosthenis
781 2106 962 2147 similem
995 2120 1086 2148 esse
1109 2105 1242 2149 nolit:
1275 2113 1320 2151 at
1342 2103 1597 2154 Menander,
1621 2102 1806 2146 Homeri

365 2160 531 2202 noluit:
565 2177 700 2218 genus
730 2163 846 2204 enim
876 2172 969 2204 erat
997 2163 1127 2205 aliud.
1188 2162 1238 2204 Id
1261 2177 1346 2211 non
1378 2161 1509 2203 estin
1537 2161 1803 2203 oratoribus:

365 2227 440 2258 aut
462 2219 496 2259 si
519 2229 597 2269 est,
621 2230 669 2260 ut
691 2219 798 2261 alius
821 2221 1078 2277 gravitatem
1111 2235 1306 2276 sequens,
1329 2217 1612 2262 subtilitatem
1638 2217 1804 2276 fugiate

364 2286 530 2327 contra,
552 2277 658 2317 alius
682 2278 919 2319 acutiorem
943 2292 1002 2330 se,
1025 2293 1154 2334 quam
1177 2277 1454 2327 ornatiorem,
1477 2274 1604 2317 velit:
1635 2276 1804 2318 etiamsi

364 2342 428 2373 cst
455 2333 494 2374 in
531 2348 686 2389 genere
710 2334 936 2386 tolerabili,
959 2345 1074 2377 certe
1094 2350 1182 2376 non
1204 2342 1269 2376 est
1290 2335 1332 2375 in
1354 2333 1539 2390 optimo.
1575 2332 1802 2389 siquidem,

365 2391 480 2444 quod
512 2405 660 2432 omnes
682 2391 826 2433 laudes
857 2392 1004 2444 habet,
1028 2393 1070 2434 id
1093 2402 1160 2434 est
1181 2392 1411 2448 optimum.

317 2447 351 2493 3
426 2447 537 2489 Haec
559 2447 652 2489 dixi
675 2449 846 2491 brevius
867 2451 1082 2506 equidem,
1102 2464 1230 2505 quam
1254 2463 1319 2489 res
1341 2448 1538 2505 petebat:
1573 2446 1645 2488 sed
1668 2447 1719 2488 ad
1744 2447 1801 2499 id,

328 2505 478 2558 7qnod
512 2506 694 2561 agimuS,
726 2521 813 2547 non
845 2506 928 2549 fuit
966 2507 1194 2549 dicendum
1230 2505 1438 2562 pluribus.
1497 2504 1644 2546 Unum
1685 2504 1803 2547 enim

365 2575 462 2602 cum
502 2564 558 2602 sit
590 2577 740 2618 genus,
773 2564 817 2605 id
849 2565 973 2620 quale
1006 2565 1075 2616 sit,
1105 2564 1353 2621 quaerimus.
1414 2561 1493 2604 Est
1523 2569 1667 2602 autem
1701 2561 1800 2612 tale,

363 2619 487 2672 quale
511 2620 658 2661 floruit
679 2620 888 2663 Athenis:
920 2636 974 2663 ex
997 2637 1084 2677 quo
1110 2621 1358 2662 Atticorum
1380 2628 1598 2661 oratorum
1620 2618 1715 2674 ipsa
1737 2619 1801 2665 vis

363 2675 512 2730 ignota
544 2686 622 2726 est,
646 2688 749 2718 nota
781 2677 932 2734 gloria.
993 2678 1108 2727 Nam
1129 2678 1310 2720 alterum
1342 2676 1467 2719 multi
1500 2675 1713 2726 viderunt,
1735 2676 1799 2718 vi-

361 2733 457 2773 tiosi
481 2733 585 2774 nihil
616 2735 729 2790 apud
753 2749 850 2777 eos:
882 2736 1062 2778 alterum
1098 2736 1237 2793 pauci,
1264 2733 1496 2778 laudabilia
1524 2747 1618 2775 esse
1645 2732 1796 2776 multa.

376 2908 380 2912 y
398 2867 423 2911 ⁴.
440 2865 502 2893 eri!
524 2869 634 2894 orator
654 2865 885 2907 peritissima-5]
915 2867 1010 2899 Forte
1038 2864 1220 2899 addendum
1234 2867 1272 2897 is.
1295 2865 1358 2902 Ms„
1382 2865 1420 2896 V.
1438 2864 1487 2897 ed,
1504 2862 1593 2896 Med.
1608 2862 1691 2895 Ven.
1708 2862 1798 2904 ,veri⁶>

354 2911 497 2937 tissimus
511 2913 631 2938 orator.
