1945 3235
331 123 410 163 576
824 119 905 159 AD
946 117 1306 157 TREBATIUM
1337 147 1343 154 .

335 224 491 266 finitio.
514 223 662 266 multis
680 224 795 266 enim
818 224 957 266 modis
982 227 1071 266 sine
1093 223 1332 265 hereditate
1354 221 1489 264 teneri
1511 231 1782 266 mortuorum

333 282 532 338 pecuniae
565 292 758 338 possunt.
819 284 966 324 Unum
997 282 1105 323 adde
1137 281 1331 332 verbum,
1355 281 1468 336 jure.
1494 281 1586 336 jam
1618 297 1644 322 a
1664 297 1784 323 eom-

333 340 549 380 munitate
580 355 644 381 res
676 341 895 396 disjuncta
919 340 1148 389 videbitur,
1180 348 1228 379 ut
1261 339 1316 379 sit
1345 338 1564 394 explicata
1584 339 1782 380 definitio

336 397 425 438 sic:
461 396 691 438 Hereditas
723 409 788 438 est
820 398 1016 453 pecunia,
1048 412 1145 452 quae
1176 405 1316 437 morte
1348 396 1614 450 alicujusad
1635 410 1784 451 quem-

334 454 451 510 piam
486 456 682 511 pervenit
706 455 820 510 jure.
883 454 1088 495 Nondum
1113 464 1178 495 est
1209 455 1335 495 satis:
1368 453 1491 505 adde,
1522 468 1602 494 nec
1631 468 1683 494 ea
1712 464 1788 494 aut

334 512 478 568 legata
500 521 773 563 testamento,
806 522 880 552 aut
912 512 1180 567 possessione
1214 520 1393 552 retenta.
1425 510 1673 552 confectum
1703 519 1784 552 est.

335 569 549 626 Itemque,
574 580 621 610 ut
643 569 762 620 illud,
783 569 978 610 Gentiles
1002 578 1116 620 sunt,
1138 570 1210 624 qui
1235 569 1345 609 inter
1369 583 1412 609 se
1434 569 1587 609 eodem
1609 571 1785 609 nomine

336 637 451 668 sunt.
513 628 614 668 Non
637 637 702 668 est
733 627 849 668 satis.
911 626 1000 672 Qui
1033 626 1087 666 ab
1117 626 1315 682 ingenuis
1339 627 1509 667 oriundi
1542 634 1656 667 sunt.
1717 625 1786 666 Ne

335 685 381 726 id
411 685 585 740 quidem
620 685 722 725 satis
756 694 836 725 est.
900 684 1096 730 Quorum
1128 685 1340 738 majorum
1372 699 1499 725 nenio
1536 683 1789 724 servitutem

335 742 528 783 servivit.
587 742 726 783 Abest
756 743 887 783 etiam
922 756 1048 782 nune.
1111 741 1199 786 Qui
1232 742 1374 796 capite
1404 756 1491 783 non
1522 750 1623 782 sunt
1652 740 1789 782 demi-

335 800 448 840 nuti.
510 799 612 841 Hoc
635 800 815 840 fortasse
838 799 940 840 satis
963 809 1041 839 est.
1096 798 1218 839 Nhil
1240 799 1353 838 enim
1380 800 1506 840 video
1529 798 1789 849 Scaevolam,

335 856 606 913 pontificem,
642 858 695 898 ad
739 858 850 899 hane
886 857 1183 898 definitionem
1224 855 1453 896 addidisse.
1513 856 1659 911 Atque
1691 855 1788 896 haee

337 915 447 956 ratio
482 914 594 956 valet
626 915 670 956 in
703 925 887 970 utroque
920 928 1075 970 genere
1107 913 1426 965 definitionum,
1460 914 1549 954 sive
1581 914 1642 964 id,
1671 912 1789 968 quod

275 980 418 1023 30est,
451 973 540 1013 sive
570 973 629 1023 id,
660 973 775 1028 quod
814 972 1084 1028 intelligitur,
1115 971 1408 1012 definiendum
1439 980 1518 1012 est.
1581 970 1789 1011 Partitio-

338 1045 443 1072 num
475 1040 619 1071 autem
649 1041 693 1071 et
723 1031 987 1072 divisionum
1021 1044 1156 1085 genus
1189 1028 1313 1084 quale
1347 1038 1473 1078 esset,
1505 1028 1789 1079 ostendimus,

340 1088 414 1129 sed
436 1088 538 1144 quid
563 1088 675 1129 inter
696 1103 740 1129 se
761 1088 976 1138 differant,
999 1087 1168 1144 planius
1187 1086 1418 1127 dicendum
1440 1095 1519 1127 est.
1581 1085 1634 1126 In
1657 1084 1790 1142 parti-

340 1146 460 1187 tione
490 1146 611 1201 quasi
643 1147 837 1188 membra
861 1155 984 1188 sunt:
1018 1155 1066 1185 ut
1087 1144 1296 1201 corporis,
1317 1153 1463 1199 caput,
1485 1142 1668 1193 humeri,
1700 1157 1791 1183 ma-

339 1218 436 1255 nus,
473 1203 619 1255 latera,
654 1219 793 1256 crura,
831 1203 976 1262 pedes,
1014 1212 1058 1244 et
1095 1212 1262 1244 cetera:
1294 1201 1338 1242 in
1373 1201 1601 1252 divisione,
1637 1201 1789 1242 formae

293 1263 326 1318 7
344 1272 456 1312 sunt,
480 1276 585 1318 quas
609 1261 755 1302 Graeci
787 1262 871 1307 ἰδέας
893 1271 1075 1302 vocant:
1109 1260 1259 1311 nostri,
1283 1259 1316 1299 si
1339 1259 1414 1315 qui
1445 1259 1539 1300 haee
1563 1259 1674 1300 forte
1705 1267 1793 1299 tra-

341 1329 478 1371 ctant,
500 1320 663 1376 species
686 1317 932 1375 appellant3
963 1334 1048 1360 non
1075 1318 1256 1374 pessime
1279 1317 1320 1357 id
1343 1318 1533 1372 quidem,
1555 1316 1628 1358 sed
1658 1315 1792 1357 inuti-

338 1377 438 1419 liter
473 1378 526 1418 ad
557 1378 787 1418 mutandos
820 1392 942 1417 casus
977 1377 1018 1417 in
1051 1376 1250 1417 dicendo.
1312 1375 1461 1416 Nolim
1498 1375 1630 1425 enim,
1662 1388 1717 1415 ne
1755 1373 1791 1414 si

339 1435 495 1477 Latine
517 1435 691 1490 quidem
714 1434 800 1475 dici
832 1435 984 1490 possit,
1005 1434 1238 1489 specierum,
1260 1441 1303 1473 et
1322 1433 1524 1487 speciebus
1545 1433 1713 1474 dicere:
1746 1440 1791 1472 et

342 1508 458 1549 saepe
491 1493 556 1533 his
585 1493 756 1534 casibus
791 1492 997 1532 utendum
1019 1502 1107 1532 est:
1141 1489 1370 1546 atj'ormis,
1393 1500 1436 1530 et
1451 1488 1692 1546 for-marum
1720 1503 1793 1530 ve·-

340 1551 432 1591 lim.
495 1550 608 1591 Cum
629 1560 775 1590 autem
800 1559 982 1604 utroque
1005 1550 1135 1589 verbo
1160 1549 1272 1588 idem
1295 1547 1580 1602 significetur,
1598 1561 1792 1588 commo-

277 1613 326 1647 31
342 1609 521 1650 ditatem
554 1608 597 1648 in
628 1607 812 1648 dicendo
844 1621 928 1647 non
969 1607 1154 1647 arbitror
1186 1604 1506 1661 negligendam.
1568 1604 1718 1645 Genus
1746 1614 1794 1645 et

341 1666 526 1708 formam
558 1665 774 1707 definiunt
807 1665 892 1706 hoe
929 1664 1084 1706 modo:
1119 1663 1269 1705 Genus
1304 1672 1369 1703 est
1404 1662 1528 1703 notio
1563 1662 1617 1702 ad
1651 1661 1792 1718 plures

339 1724 604 1766 differentias
635 1724 869 1779 pertinens.
933 1722 1089 1764 Forma
1119 1731 1184 1762 est
1215 1719 1352 1771 notio,
1383 1721 1508 1776 cujus
1550 1718 1795 1760 differentia

339 1783 392 1823 ad
415 1791 547 1838 caput
571 1781 740 1838 generis
762 1790 806 1821 et
827 1781 948 1836 quasi
973 1780 1137 1821 fontem
1162 1777 1309 1820 referri
1335 1788 1492 1835 potest.
1552 1776 1792 1818 Notionem

339 1840 524 1896 appello,
546 1842 585 1870 33
596 1854 726 1895 quam
750 1838 896 1880 Graeei
920 1849 1012 1879 tum
1040 1841 1165 1889 ἔννοιαν,
1190 1845 1282 1877 tum
1312 1838 1479 1891 πςόληψιν
1501 1835 1668 1877 dieunt.
1729 1834 1793 1875 Ea

338 1908 404 1938 est
426 1898 555 1938 insita
574 1907 618 1938 et
638 1899 788 1937 34ante
819 1907 1025 1952 percepta
1045 1895 1256 1950 cujusque
1278 1893 1430 1934 formae
1454 1892 1666 1949 cognitio,
1688 1906 1792 1933 eno-

337 1955 526 1996 dationis
548 1954 763 2010 indigenS.
822 1957 862 1985 35
874 1953 1042 1994 Formae
1067 1953 1200 2008 igitur
1223 1961 1322 1993 sunt
1342 1950 1427 2002 hae,
1446 1950 1491 1991 in
1512 1965 1617 2006 quas
1640 1964 1792 2006 genus,

339 2013 431 2054 sine
463 2013 587 2054 ullius
621 2012 997 2068 praetermissione,
1019 2010 1252 2051 dividitur:
1286 2019 1334 2050 ut
1365 2008 1399 2049 si
1430 2009 1526 2063 quis
1553 2008 1628 2063 jus
1659 2008 1702 2048 in
1735 2008 1794 2048 le-

341 2085 456 2127 gem,
479 2085 659 2121 morem,
682 2070 934 2125 aequitatem
965 2068 1145 2110 dividat.
1207 2067 1384 2108 Formas
1416 2066 1490 2121 qui
1522 2075 1649 2122 putat
1678 2065 1793 2106 idem

341 2142 447 2179 esse,
470 2129 587 2183 quod
615 2139 771 2184 partes,
795 2126 1024 2168 confundit
1054 2136 1205 2176 artem,
1228 2135 1272 2166 et
1303 2123 1585 2165 similitudine
1606 2123 1795 2178 quadam

342 2187 642 2236 conturbatus,
666 2200 752 2226 non
785 2185 887 2225 satis
918 2194 1058 2235 acute,
1081 2198 1179 2239 quae
1211 2191 1311 2224 sunt
1342 2181 1617 2231 secernenda,
1639 2181 1795 2221 distin-

280 2256 331 2291 32
345 2245 455 2301 guit.
515 2244 642 2300 Saepe
663 2243 793 2284 etiam
817 2242 1030 2283 definiunt
1050 2251 1094 2282 et
1115 2249 1306 2282 oratores
1327 2250 1370 2280 et
1392 2239 1535 2295 po'etae
1560 2252 1634 2294 per
1656 2248 1795 2278 trans-

342 2302 547 2343 lationem
570 2301 690 2342 verbi
713 2315 767 2341 ex
792 2300 1088 2350 similitudine,
1110 2313 1209 2339 eum
1232 2297 1418 2353 quadam
1442 2295 1668 2337 suavitate.
1708 2295 1794 2336 Sed

341 2374 424 2415 ego
447 2375 472 2400 a
497 2359 646 2400 vestris
667 2358 893 2414 exemplis,
916 2357 995 2398 nisi
1021 2356 1274 2406 necessario,
1298 2369 1384 2395 non
1408 2354 1620 2395 recedam.
1674 2352 1795 2393 Sole-

298 2430 331 2462 b.
346 2418 419 2457 bat
441 2417 574 2473 igitur
597 2416 826 2471 Aquillius,
849 2414 1017 2471 collega
1037 2425 1079 2455 et
1103 2413 1324 2454 familiaris
1348 2426 1481 2462 meuS,
1499 2426 1598 2452 eum
1620 2411 1673 2451 de
1695 2410 1795 2450 lito-

345 2474 462 2516 ribus
494 2484 708 2532 ageretur,
730 2489 827 2529 quae
850 2474 997 2515 omnia.
1018 2472 1194 2529 publiea
1213 2485 1305 2512 esse
1328 2469 1473 2521 vultis,
1497 2468 1794 2524 quaerentibus

384 2637 424 2666 33
446 2644 548 2674 qnam
579 2634 685 2664 Graeez'
705 2633 772 2672 ἔνι]
806 2634 859 2663 Sic
883 2631 1044 2663 edidimus
1082 2634 1269 2671 proecepea:
1292 2633 1351 2658 ant
1372 2631 1450 2657 ante
1471 2626 1621 2657 additum
1636 2628 1699 2661 est,
1716 2624 1794 2662 quia

341 2688 402 2717 pro
423 2678 508 2716 quod
528 2687 546 2706 e
568 2676 719 2716 legitima
748 2676 887 2706 ratione.
916 2674 982 2705 vid.
1005 2673 1046 2705 ad
1089 2674 1205 2703 vitiose
1225 2672 1383 2711 scriptum
1399 2674 1469 2700 erat
1486 2673 1655 2710 perempta.
1677 2667 1798 2696 enoda-

341 2720 398 2750 Or.
416 2720 458 2750 11.
473 2725 507 2749 et
523 2719 608 2749 infra
622 2730 651 2748 c.
667 2722 718 2748 22.
1090 2717 1186 2746 tionis
1208 2714 1369 2753 indigens,
1389 2713 1451 2742 int.
1473 2721 1546 2751 quae
1563 2711 1623 2741 fiat
1644 2720 1702 2751 per
1717 2708 1798 2739 defi-

383 2766 425 2793 34
451 2767 528 2792 unte
558 2760 730 2801 percepta]
768 2760 834 2791 Ms.
865 2764 1045 2800 proecepta,
1089 2759 1264 2788 nitionem.
1319 2793 1324 2798 ·

342 2805 430 2844 quod
452 2810 501 2835 est
525 2805 660 2834 solenne
675 2803 843 2833 Ciceronis
871 2804 903 2832 in
928 2803 989 2832 hac
1014 2813 1046 2832 re
1132 2803 1173 2831 35
1197 2799 1323 2830 Formoe
1337 2798 1444 2836 igitur
1455 2795 1546 2835 sunt]
1573 2794 1638 2825 Ms.
1653 2803 1720 2824 non
1735 2793 1794 2824 ha-

342 2848 491 2885 verbum,
517 2856 575 2887 pro
599 2856 664 2885 quo
691 2851 725 2875 et
752 2850 927 2884 antee-apta
957 2845 1046 2875 dicit.
1090 2843 1147 2873 bet
1187 2843 1305 2881 igitur.
1336 2841 1431 2875 bene,
1461 2843 1499 2869 ut
1534 2838 1663 2878 opinor.
1705 2835 1795 2868 Nam

341 2888 442 2925 forte
470 2894 547 2921 ante
562 2898 654 2930 perc.
676 2894 727 2920 est
748 2898 766 2920 e
789 2888 898 2928 glossa
912 2887 1048 2919 alterius
1092 2885 1220 2918 nullam
1235 2884 1268 2916 h.
1283 2883 1307 2915 1.
1320 2884 1388 2916 vim
1401 2881 1521 2914 habere
1533 2883 1654 2923 potest.
