1945 3235
595 118 781 156 LIBER
813 115 1146 155 SECUNDUS.
1528 120 1601 156 199

164 222 409 266 Infirmatio
430 230 509 275 est,
530 222 592 264 At
612 222 728 269 enim
752 222 959 278 quoniam
988 229 1036 262 tu
1068 220 1283 277 particeps
1314 220 1453 262 factus
1485 235 1528 261 es
1560 221 1604 261 in

164 282 412 338 turpissimo
436 281 600 323 foedere
622 294 802 321 summae
820 278 1056 335 religioniS,
1079 278 1177 319 dedi
1202 288 1243 318 te
1265 278 1481 319 convenit.
1524 277 1551 320 J
1559 293 1605 319 u-

161 339 324 381 dicatio
347 349 425 390 est,
449 339 561 380 Cum
583 337 633 389 is,
655 337 729 393 qui
752 336 978 394 potestatis
1000 335 1110 376 nihil
1132 335 1345 385 habuerit,
1370 335 1495 390 jussu
1524 336 1604 376 im-

163 398 373 453 peratoris
403 397 446 437 in
477 395 656 446 foedere,
682 404 727 436 et
756 396 799 436 in
831 404 952 435 tanta
982 393 1191 450 religione
1222 392 1478 442 interfuerit,
1501 393 1604 433 flde-

160 454 326 496 dendus
349 455 404 495 sit
426 453 638 504 hostibus,
660 454 824 494 necne?
858 451 958 493 Hoc
982 466 1117 507 genus
1140 465 1281 492 causae
1308 453 1344 480 10
1358 463 1457 490 cum
1479 463 1604 504 supe-

162 512 273 553 riore
295 512 378 553 hoc
399 511 557 562 differt,
575 510 692 567 quod
714 510 758 551 in
780 509 853 551 illo
872 509 1073 551 concedit
1095 523 1139 549 se
1160 522 1256 549 reus
1278 506 1521 562 oportuisse
1540 505 1604 546 fa-

161 584 258 612 cere
281 569 338 620 id,
359 569 475 624 quod
497 568 589 609 fieri
611 568 728 609 dicat
755 577 980 609 accusator
1001 566 1258 623 oportuisse,
1283 564 1354 606 sed
1378 563 1506 605 alicui
1529 564 1604 615 rei,

162 636 238 668 aut
268 626 433 668 homini
455 640 628 667 causam
650 625 864 677 attribuit,
887 640 984 681 quae
1008 624 1220 666 voluntati
1253 638 1341 664 suae
1369 620 1499 663 fuerit
1523 621 1602 662 im-

159 684 424 741 pedimento,
459 684 550 725 sine
583 684 875 725 concessionis
907 683 1128 739 partibus3
1158 696 1259 722 nam
1289 695 1434 721 earum
1464 678 1605 734 major

161 741 361 797 quaedam
383 741 447 782 vis
469 750 559 793 est3
590 741 707 797 quod
738 740 880 798 paullo
904 749 1003 797 post
1033 738 1322 796 intelligetur:
1354 738 1399 778 in
1420 736 1505 778 hoc
1529 752 1602 777 au-
1615 756 1645 786 p.
1659 749 1709 779 74.

159 807 248 840 tem
270 814 357 840 non
388 814 589 841 accusare
619 799 814 850 alterum,
838 813 917 840 nec
938 798 1110 854 culpam
1146 797 1190 838 in
1221 796 1351 837 alium
1375 793 1603 836 transferre
1615 799 1644 818 ³·

158 856 303 908 debet,
334 857 406 898 sed
437 857 744 908 demonstrare,
774 872 869 898 eam
899 871 989 898 rem
1023 854 1182 897 llnihil
1208 855 1260 895 ad
1292 869 1350 904 se,
1382 866 1519 908 neque
1550 837 1638 893 ad9

158 922 434 970 potestatem,
455 930 596 972 neque
622 915 676 956 ad
698 915 891 956 officium
924 928 1047 955 suum
1078 912 1336 970 pertinuisse
1368 919 1443 952 aut
1472 910 1604 967 perti-

157 986 274 1013 nere.
333 971 478 1028 Atque
500 973 544 1014 in
567 973 650 1014 1100
673 987 829 1029 genere
853 973 937 1014 1100
959 971 1120 1014 accidit
1140 970 1258 1021 novi,
1281 969 1395 1025 quod
1429 983 1603 1010 accusa-

158 1037 228 1071 tor
247 1045 421 1086 quoque
443 1046 558 1088 saepe
579 1045 634 1072 ex
653 1030 893 1072 remotione
914 1029 1262 1071 criminationem
1284 1026 1477 1068 conficit.
1526 1025 1602 1076 Ut,

158 1086 193 1128 si
216 1088 312 1143 quis
334 1103 433 1129 eum
455 1097 642 1140 accuset,
661 1089 749 1144 qui,
769 1103 868 1130 cum
891 1096 1052 1144 praetor
1070 1095 1195 1137 esset,
1214 1087 1258 1126 111
1277 1084 1604 1141 expeditionem

158 1145 211 1186 ad
235 1160 353 1187 arma
375 1146 582 1203 populum
606 1146 784 1198 vocarit,
804 1160 903 1187 011111
924 1145 1120 1187 0011311103
1143 1144 1355 1185 adessent.
1418 1142 1532 1182 Nam
1555 1151 1604 1181 ut

157 1202 203 1243 in
226 1205 443 1260 superiore
465 1203 665 1260 exemplo
687 1218 783 1245 reus
813 1204 868 1244 ab
901 1218 977 1244 suo
1001 1202 1147 1244 officio
1170 1210 1213 1242 et
1243 1216 1267 1241 a
1291 1215 1367 1241 3113
1388 1207 1603 1255 potestate

157 1258 323 1302 factum
345 1262 628 1314 demovebat3
661 1261 722 1303 sic
746 1261 790 1302 in
812 1260 896 1302 hoc
927 1261 982 1302 ab
1003 1260 1096 1315 ejus
1120 1259 1266 1300 officio
1288 1273 1339 1299 ac
1370 1265 1600 1313 potestate,

157 1317 232 1373 qui
263 1327 502 1371 accusatur,
527 1320 619 1376 ipse
649 1327 874 1360 accusator
901 1318 1067 1361 factum
1092 1315 1370 1366 removendo,
1398 1315 1478 1355 hac
1510 1314 1603 1370 ipsa

156 1375 324 1417 ratione
345 1377 575 1418 confirmat
596 1377 931 1418 accusationem.
977 1375 1028 1417 In
1051 1376 1133 1417 hac
1153 1375 1207 1415 ab
1231 1384 1413 1429 utroque
1432 1387 1486 1412 ex
1510 1386 1602 1412 om-
1614 1386 1664 1419 94

156 1432 284 1473 nibus
306 1433 559 1486 honestatiS,
582 1444 625 1476 et
651 1434 848 1476 utilitatis
882 1435 1091 1490 partibus,
1114 1431 1341 1488 exemplis,
1364 1430 1513 1487 signiS,
1537 1443 1603 1470 ra-

153 1489 420 1544 tiocinando,
443 1493 547 1548 quid
572 1491 782 1549 cujusque
803 1492 953 1543 officii,
969 1492 1097 1548 juris,
1120 1489 1349 1547 potestatis
1372 1488 1442 1540 sit,
1466 1487 1602 1543 quaeri

152 1550 388 1604 oportebit,
409 1560 454 1591 et
475 1549 661 1592 fueritne
681 1552 736 1602 ei,
758 1565 845 1606 quo
867 1550 920 1591 de
950 1550 1108 1606 agitur,
1131 1548 1174 1589 id
1199 1547 1326 1603 juriS,
1349 1546 1499 1597 officii,
1524 1559 1601 1601 po-

153 1606 321 1648 testatis
340 1608 613 1659 attributum,
632 1623 782 1650 necne.
834 1608 972 1649 Locos
995 1617 1140 1648 autem
1159 1619 1410 1648 communes
1428 1618 1483 1644 ex
1508 1603 1602 1658 ipsa

152 1677 212 1714 re,
227 1664 260 1704 si
274 1665 378 1720 quid
392 1665 704 1722 indignationis
723 1681 774 1707 30
787 1665 1111 1722 conquestionis
1125 1664 1318 1713 habebit,
1341 1661 1450 1702 sumi
1470 1674 1599 1717 opor-

152 1721 277 1762 tebit.

211 1777 447 1821 Concessio
479 1790 558 1832 est,
588 1796 664 1837 per
697 1796 827 1837 quam
859 1783 994 1822 l‘lnon
1018 1779 1185 1820 factum
1214 1779 1356 1834 ipsum
1390 1776 1676 1833 probaturssl

152 1835 207 1876 ab
241 1850 338 1878 reo:
381 1838 453 1879 sed
487 1847 533 1879 ut
565 1839 830 1895 ignoscatur,
864 1838 907 1880 id
946 1838 1122 1895 petitur.
1162 1836 1286 1891 cujus
1319 1845 1462 1891 partes
1497 1842 1598 1875 sunt

150 1892 263 1945 duae,
286 1895 488 1951 purgatio
511 1905 554 1937 et
575 1897 837 1953 deprecatio.
900 1895 1110 1953 Purgatio
1132 1903 1211 1945 est,
1235 1908 1309 1949 per
1333 1907 1463 1949 quam
1486 1891 1595 1946 ejus,

149 1951 224 2005 qui
255 1961 496 2005 accusatur,
518 1969 606 1995 non
632 1954 796 1995 factum
829 1954 986 2010 ipsum,
1010 1953 1084 1994 sed
1106 1951 1303 1993 voluntas
1335 1949 1594 1991 defenditur.

150 2006 215 2049 Ea
252 2008 383 2051 habet
417 2020 558 2066 partes
599 2021 697 2063 tres,
732 2012 1082 2068 imprudentiam,
1112 2023 1275 2060 casum,
1313 2006 1595 2049 necessitudi-

147 2080 262 2108 nem.
325 2065 625 2124 Imprudentia
645 2078 724 2120 est,
747 2084 845 2111 cum
874 2070 1003 2111 scisse
1031 2067 1193 2123 aliquid
1216 2067 1265 2117 is,
1289 2066 1362 2121 qui
1385 2065 1594 2121 arguitur,
1607 2075 1656 2110 95

147 2135 356 2180 negatur:
390 2134 438 2167 ut
467 2127 581 2183 apud
604 2127 814 2182 quosdam
845 2126 915 2169 lex
938 2136 1044 2178 erat,
1068 2125 1136 2166 Ne
1168 2125 1263 2180 quis
1297 2123 1453 2164 Dianae
1484 2123 1597 2164 vitu-

147 2180 238 2223 lum
268 2182 525 2225 immolaret.
547 2194 691 2226 nautae
718 2185 911 2241 quidam,
933 2200 1033 2226 cum
1065 2183 1243 2224 adversa
1264 2190 1520 2237 tempestate
1552 2180 1595 2220 in

146 2238 234 2280 alto
265 2240 550 2296 jactarentur,
582 2252 807 2294 voverunt,
847 2243 881 2283 si
912 2257 963 2284 eo
1002 2252 1145 2298 portu,
1188 2254 1316 2295 quem
1356 2238 1597 2294 conspicie-

147 2297 266 2348 bant,
300 2297 430 2353 potiti
462 2310 619 2352 essent,
650 2301 689 2342 ei
719 2301 815 2352 deo,
851 2301 924 2356 qui
959 2300 1019 2341 ibi
1059 2308 1184 2349 esset,
1219 2312 1262 2338 se
1302 2297 1485 2338 vitulum
1516 2296 1598 2336 im-

142 2354 396 2398 molaturos.
458 2357 574 2399 Casu
595 2368 687 2399 erat
717 2358 762 2400 in
788 2373 839 2400 eo
862 2367 990 2414 portu
1023 2356 1173 2399 fanum
1205 2354 1361 2396 Dianae
1394 2353 1503 2408 ejus,
1525 2352 1596 2393 cui

185 2500 206 2531 9
232 2497 411 2530 Dedendus
440 2501 483 2531 sic
511 2501 663 2537 hostibus,
691 2510 750 2531 nec
776 2500 842 2540 mn]
889 2509 934 2537 se,
951 2498 1038 2539 quod
1052 2498 1156 2529 etiam
1170 2497 1356 2536 elegantius
1372 2496 1468 2526 foret.
1515 2494 1596 2525 Mox

144 2538 197 2568 Sic
208 2539 392 2580 elegantius
406 2542 441 2573 in
456 2543 536 2573 Mss.
551 2543 678 2573 duobus
694 2543 844 2574 Oudend.
889 2553 929 2573 ex
954 2542 1070 2573 iisdem
1097 2540 1171 2571 dedi
1198 2543 1338 2575 accuset,
1362 2547 1421 2579 pro
1449 2543 1596 2573 accusat,

144 2585 180 2611 et
194 2581 255 2611 Gu.
283 2586 310 2613 1.
331 2594 431 2624 quam
445 2586 481 2615 in
500 2586 616 2616 ceteris
631 2591 666 2616 et
687 2586 844 2626 vulgatis,
888 2585 970 2615 item
986 2589 1059 2625 post
1073 2587 1104 2613 et
1117 2593 1177 2614 sua
1190 2585 1346 2622 potestate
1347 2580 1384 2621 f.
1397 2581 1594 2611 demovebat.

144 2623 358 2657 dedendusne.
402 2628 454 2658 Sic
470 2634 504 2658 et
516 2628 641 2668 placuit
654 2628 828 2659 Lambino.
935 2629 972 2658 12
987 2627 1065 2658 Non
1067 2626 1204 2666 factum
1219 2626 1325 2664 ‘ipsum
1335 2622 1522 2664 probatum]
1542 2622 1595 2656 Sic

190 2668 227 2696 lo
259 2666 340 2698 Cum
365 2671 529 2710 superiore
564 2669 705 2711 dt'ffert]
732 2672 796 2702 Pro
823 2682 845 2702 a
888 2680 947 2710 pro
970 2670 1175 2710 improbatur
1198 2667 1278 2698 Mss.
1299 2666 1408 2706 plures
1431 2676 1482 2705 ap.
1508 2664 1593 2695 Oud.

141 2716 214 2756 ³¹?P·
228 2708 264 2739 in
277 2710 432 2751 vulgatis,
452 2724 470 2744 e
485 2712 560 2743 Sch.
583 2713 675 2744 Leid.
690 2716 721 2745 2.
736 2714 799 2746 Gu.
814 2717 843 2745 2.
888 2717 922 2743 et
937 2712 1000 2742 Gu.
1020 2715 1047 2742 1.
1062 2712 1158 2751 idque
1173 2710 1304 2740 voluere
1320 2708 1443 2739 dudum
1459 2707 1593 2737 rescribi

144 2750 198 2780 Sic
213 2756 324 2782 noster
337 2755 455 2795 saepius
468 2765 554 2787 cum.
570 2767 600 2785 v.
615 2755 707 2786 Clav.
888 2755 949 2785 viri
968 2754 1067 2786 docti.
1113 2754 1197 2793 Ego,
1218 2753 1295 2792 (luia
1307 2751 1511 2791 ὶΜΡΊὊόαῗΜν
1523 2749 1595 2789 qni·

169 2796 222 2840 .¹¹
250 2794 351 2826 Nihil
377 2798 422 2827 ad
445 2808 489 2835 se,
514 2808 616 2839 neque
641 2799 687 2829 ad
701 2808 738 2839 p.
765 2799 838 2838 &C.]
886 2798 960 2828 dem
975 2797 1086 2828 locum
1107 2796 1243 2826 omnino
1257 2804 1324 2825 non
1340 2793 1451 2829 habet,
1467 2792 1588 2832 recepi.

144 2835 227 2884 Sice
242 2836 321 2867 Mss.
334 2843 369 2868 et
380 2839 465 2871 Oud.
480 2846 514 2872 et
529 2841 650 2871 nostris
663 2846 697 2872 et
709 2840 781 2872 edd.
793 2852 843 2882 pr.
887 2840 1060 2871 Probatur
1092 2844 1142 2870 est
1175 2843 1304 2868 rectum
1331 2835 1515 2876 judicatur,
1537 2834 1592 2866 de·

145 2876 228 2910 ded1.
255 2878 352 2911 Forte
368 2885 482 2914 tamen
495 2883 573 2922 fujt,
588 2884 672 2914 nihil
685 2894 787 2925 neque
800 2884 847 2915 ad
888 2887 1109 2921 monstratur,
1125 2880 1325 2917 defenditur,
1341 2884 1380 2909 ut
1395 2887 1482 2909 mox.

860 2932 941 2968 04
