1945 3235
740 124 1016 163 BRUTUS.
1529 124 1604 161 439

145 225 280 269 stocle
320 228 440 285 paria
471 236 515 269 et
555 227 804 278 Coriolano,
842 236 1035 283 pateram
1077 241 1250 282 quoque
1287 243 1312 268 a
1346 242 1416 269 me
1458 241 1600 268 sumas

143 283 271 327 licet:
303 286 509 342 praebebo
532 285 662 326 etiam
686 285 888 335 hostiam,
910 293 959 325 ut
983 282 1239 324 Coriolanus
1263 285 1316 324 sit
1338 285 1464 341 plane
1492 284 1599 326 alter

143 339 472 384 Themistocles.
533 342 601 383 Sit
631 357 746 394 sane,
776 343 966 396 inquam,
989 350 1039 381 ut
1068 340 1202 391 lubet,
1225 340 1277 381 de
1309 342 1416 383 isto:
1449 352 1491 382 et
1514 357 1596 399 ego
1610 345 1661 379 44

136 400 312 441 cautius
336 400 518 457 posthac
542 400 765 441 historiam
797 399 1026 455 attingam,
1051 407 1092 439 te
1122 398 1349 448 audiente3
1381 413 1509 453 quem
1532 414 1598 440 re-

140 470 235 498 rum
261 457 556 499 Romanarum
579 467 797 498 auctorem
820 456 992 497 laudare
1011 471 1186 512 possum
1206 454 1592 510 religiosissimum.

142 513 226 556 Sed
251 525 340 556 tum
374 515 461 556 fere
495 514 695 564 Pericles,
729 513 981 570 Xanthippi
1014 512 1142 564 filius,
1170 514 1224 554 de
1250 526 1336 567 quo
1359 521 1459 552 ante
1485 512 1592 564 dixi,

139 572 303 628 primus
326 572 525 613 adhibuit
547 571 815 613 doctrinam:
849 586 946 626 quae
969 585 1230 626 quamquam
1255 580 1344 611 tum
1367 569 1482 610 nulla
1503 580 1595 611 erat

139 627 326 679 dicendi,
349 638 491 670 tamen
514 629 568 669 ab
591 627 857 684 Anaxagora
880 629 1061 685 physico
1084 629 1292 678 eruditus,
1315 627 1593 668 exercitatio,

138 699 238 727 nem
260 685 415 726 mentis
438 701 463 726 a
482 686 715 727 reconditis
738 687 1031 742 abstrusisque
1054 687 1179 726 rebus
1201 686 1252 726 ad
1277 699 1426 726 causas
1449 684 1593 725 foren-

138 756 204 784 ses
225 742 537 799 popularesque
559 742 685 784 facile
709 745 971 785 traduxerat.
1035 743 1182 798 Hujus
1207 742 1421 784 suavitate
1451 742 1592 783 maxi·

136 813 207 840 me
233 800 424 842 hilaratae
458 811 557 842 sunt
579 800 791 843 Athenae:
825 800 953 856 hujus
984 800 1223 841 ubertatem
1247 809 1290 841 et
1311 799 1482 855 copiam
1514 799 1589 840 ad-

134 857 318 909 miratae,
339 858 532 914 ejusdem
556 859 642 900 vim
666 858 836 900 dicendi
860 869 1150 914 terroremque
1173 858 1424 898 timuerunt.
1474 856 1587 898 Haec
1606 848 1670 894 12

133 914 270 970 igitur
300 926 404 956 aetas
432 917 571 972 prima
591 916 776 957 Athenis
798 926 1009 957 oratorem
1045 930 1178 972 prope
1209 914 1448 971 perfectum
1472 914 1649 958 tulit.45

136 971 232 1013 Nec
252 974 367 1014 enim
391 974 433 1014 in
456 974 822 1015 constituentibus
845 974 1171 1030 rempublicam,
1193 987 1272 1014 uec
1304 973 1348 1013 in
1381 970 1491 1012 bella
1513 986 1587 1027 ge-

133 1030 344 1081 rentibus,
368 1046 446 1073 nec
469 1032 510 1071 in
536 1032 755 1087 impeditis
783 1047 832 1072 ac
864 1046 1011 1087 regum
1037 1031 1335 1072 dominatione
1356 1029 1585 1080 devinctis,

133 1088 250 1128 nasci
275 1089 490 1144 cupiditas
521 1089 691 1130 dicendi
725 1089 846 1130 solet.
910 1088 1034 1130 Pacis
1056 1098 1119 1129 est
1141 1103 1301 1138 comes,
1324 1087 1490 1141 otiique
1517 1100 1585 1127 so-

132 1144 215 1196 cia,
238 1156 280 1186 et
295 1146 390 1201 jam
414 1147 521 1187 bene
539 1147 788 1188 constitutae
811 1146 1002 1188 civitatis
1023 1146 1144 1200 quasi
1175 1146 1347 1186 alumna
1368 1144 1585 1200 quaedam,

132 1201 394 1258 eloquentia.
449 1204 651 1259 18Itaque
673 1204 733 1244 ait
753 1204 1027 1252 Aristoteles,
1046 1217 1143 1245 cum
1167 1202 1346 1243 sublatis
1370 1203 1412 1242 in
1437 1201 1585 1243 Sicilia
1597 1210 1647 1246 46

130 1262 341 1315 tyrannis,
363 1276 428 1302 res
452 1262 631 1317 privatae
662 1261 794 1319 longo
817 1262 1042 1303 intervallo
1063 1260 1243 1316 judiciis
1275 1269 1586 1316 repeterentur,

129 1325 223 1358 tum
257 1319 458 1374 primum,
481 1320 597 1374 quod
626 1329 737 1360 esset
770 1329 896 1360 acuta
927 1319 998 1360 illa
1034 1333 1154 1374 gens,
1178 1327 1221 1359 et
1259 1321 1296 1351 19
1309 1327 1588 1358 controversa

128 1375 300 1427 natura,
323 1385 457 1417 artem
480 1386 522 1417 et
546 1386 766 1433 praecepta
790 1377 973 1427 Siculos,
998 1375 1206 1417 Coracem
1232 1384 1275 1416 et
1297 1375 1457 1417 Tisiam
1482 1388 1587 1415 con-

127 1433 368 1489 scripsisse.
429 1433 544 1475 Nam
576 1445 703 1476 antea
725 1435 939 1476 neminem
968 1434 1141 1475 solitum
1165 1433 1249 1485 via,
1272 1447 1351 1473 nec
1383 1443 1488 1482 arte,
1512 1431 1586 1473 sed

127 1500 328 1532 accurate
352 1501 510 1542 tamen,
533 1501 576 1533 et
600 1493 653 1533 de
684 1493 845 1548 scripto
871 1493 1095 1548 plerosque
1117 1492 1284 1532 dicere:
1317 1491 1586 1545 scriptasque

125 1546 258 1589 fuisse
293 1558 336 1590 et
377 1558 547 1605 paratas
590 1564 614 1589 a
657 1548 898 1605 Protagora
937 1564 1074 1590 rerum
1119 1548 1348 1589 illustrium
1388 1548 1582 1603 disputa-

124 1605 281 1656 tiones,
302 1621 400 1662 quae
423 1621 538 1647 nunc
560 1621 811 1647 communes
843 1606 1113 1664 appellantur
1144 1605 1242 1646 loci.
1305 1605 1434 1652 Quod
1466 1604 1645 1652 idem47

127 1661 281 1704 fecisse
305 1664 533 1720 Gorgiam,
556 1679 655 1705 cum
679 1665 942 1721 singularum
965 1679 1104 1705 rerum
1128 1663 1275 1704 laudes
1298 1662 1583 1719 vituperatio-

124 1734 287 1776 nesque
307 1721 658 1777 conscripsisset:
691 1723 805 1778 quod
823 1722 1043 1778 judicaret
1066 1721 1150 1762 hoc
1169 1720 1351 1761 oratoris
1374 1734 1466 1760 6556
1488 1734 1581 1760 ma-

125 1778 246 1819 xime
268 1779 504 1835 proprium,
523 1793 612 1820 rem
635 1794 793 1836 augere
815 1794 941 1837 posse
963 1778 1192 1831 laudando,
1208 1777 1582 1834 vituperandoque

124 1849 270 1877 rursus
300 1836 506 1893 affligere.
568 1836 687 1879 Huic
716 1837 1034 1894 Antiphontem
1074 1836 1392 1877 Rhamnusium
1425 1834 1582 1875 similia.

125 1893 377 1948 20quaeda1u
401 1894 601 1935 habuisse
622 1895 893 1951 conscripta:
918 1910 1003 1950 quo
1021 1894 1237 1935 neminem
1261 1907 1466 1948 umquam
1489 1906 1580 1932 me-

121 1948 203 1991 lius
237 1951 365 1992 ullam
387 1952 574 1993 oravisse
594 1953 749 2008 capitis
771 1967 960 2002 causam,
983 1967 1082 1993 cum
1114 1966 1158 1992 se
1190 1951 1280 2006 ipse
1310 1950 1576 2001 defenderet,

108 2018 168 2048 ‘se
190 2009 407 2061 audiente,
429 2009 619 2065 locuples
642 2019 792 2051 auctor
813 2011 984 2066 scripsit
1006 2007 1298 2064 Thucydides,
1351 2008 1465 2048 Nam
1491 2007 1576 2063 Ly·
1587 2015 1639 2051 48

122 2065 230 2107 siam
263 2066 404 2122 primo
438 2067 629 2123 profiteri
664 2067 838 2109 solitum
872 2076 1007 2108 artem
1046 2081 1138 2108 esse
1174 2065 1372 2107 dicendi:
1404 2064 1576 2116 deinde,

122 2124 239 2178 quod
258 2123 510 2166 Theodorus
531 2134 642 2166 esset
664 2125 706 2166 in
730 2135 821 2166 arte
843 2124 1055 2175 subtilior,
1077 2125 1118 2164 in
1139 2123 1408 2164 orationibus
1430 2134 1575 2163 autem

115 2180 326 2237 jejunior,
349 2182 565 2225 orationes
587 2197 684 2224 eum
712 2183 897 2225 scribere
928 2182 1022 2223 aliis
1044 2182 1246 2238 coepisse,
1269 2191 1403 2222 artem
1435 2194 1574 2222 remo-

167 2312 204 2342 18
240 2311 359 2352 Ilaque
385 2314 434 2343 ait
461 2313 664 2354 Aristoteles]
695 2313 764 2344 scil.
788 2313 824 2343 in
864 2312 994 2344 habent
1016 2313 1256 2344 controversia.-
1279 2311 1335 2342 sed
1358 2311 1390 2341 id
1404 2311 1440 2342 h.
1460 2310 1571 2341 [5611-

120 2353 218 2390 libro,
234 2355 288 2393 qui
311 2355 430 2395 periit;
454 2354 489 2386 in
508 2365 572 2394 quo
593 2365 708 2387 omnes
729 2364 825 2396 supe-
868 2366 940 2386 sum
966 2356 1098 2386 nullum
1119 2355 1229 2386 efficit.
1274 2355 1306 2384 Si
1332 2353 1467 2392 vulgata
1489 2353 1570 2385 sana

122 2396 246 2427 riorum
268 2402 355 2428 artes
379 2398 536 2437 expositae
558 2402 666 2436 erant,
690 2403 825 2429 auctore
867 2404 930 2436 est,
946 2398 1124 2437 significat,
1141 2403 1274 2437 gentem
1288 2396 1433 2426 Siculam
1449 2401 1570 2427 natura

123 2438 281 2469 Cicerone
297 2440 330 2469 in
347 2439 385 2470 L.
401 2439 445 2470 11.
460 2441 499 2471 de
515 2440 572 2471 Or.
589 2446 623 2471 et
635 2440 674 2472 de
689 2440 820 2471 Invent.
866 2441 1045 2481 proclivem
1080 2440 1122 2471 ad
1157 2439 1396 2470 controversias
1424 2443 1459 2468 et
1493 2439 1568 2469 lites

122 2479 286 2512 Corradus
308 2488 421 2513 autem
441 2483 537 2513 affert
553 2483 744 2520 lectionem,
766 2492 822 2514 ne-
866 2484 982 2514 fuisse:
1008 2481 1096 2522 quod
1119 2482 1285 2512 consentit
1306 2481 1357 2517 iis,
1373 2490 1446 2520 quae.
1464 2481 1504 2512 de
1519 2481 1569 2511 Si·

123 2523 190 2553 scio
204 2523 303 2560 unde,
319 2525 431 2562 aliam,
452 2527 514 2562 ita,
531 2531 569 2556 ut
584 2530 618 2556 et
639 2526 679 2556 ad
703 2535 824 2567 praece-
868 2526 1019 2556 culorum
1036 2526 1168 2564 ingenio
1183 2529 1308 2554 veteres
1322 2523 1497 2554 tradidere.

122 2564 255 2596 dentem
261 2568 459 2599 sententiam
471 2569 649 2609 pertineat,
659 2569 765 2607 sitque
771 2573 822 2598 to·
909 2571 950 2599 ΞΟ
962 2569 1109 2608 quedam
1123 2567 1270 2597 habuisse
1281 2566 1477 2606 conscripta]
1496 2566 1569 2597 Hoc

123 2612 179 2637 tus
201 2607 291 2638 loeus
315 2619 424 2640 versus
446 2622 484 2641 ex
508 2611 696 2642 Aristotelis
717 2611 820 2641 libro:
867 2620 935 2641 non
958 2610 1061 2641 tradit
1081 2609 1288 2649 Thucydides
1302 2619 1353 2645 eo,
1369 2609 1423 2648 qui
1442 2609 1495 2639 hic
1519 2610 1570 2639 in-

123 2658 185 2680 nec
196 2651 226 2680 ei
241 2650 408 2691 displicere
420 2653 559 2685 videtur.
605 2654 666 2684 Sed
690 2663 756 2683 non
772 2658 822 2683 est
867 2654 994 2689 unitur,
1014 2652 1101 2689 loco,
1114 2651 1210 2688 VIII,
1224 2651 1275 2683 68.
1318 2651 1437 2690 Itaque
1452 2652 1514 2681 hoc
1528 2650 1570 2681 ad

123 2691 188 2723 ista
203 2693 308 2724 forma
322 2694 549 2733 Ciceroniana,
562 2700 596 2727 et
614 2696 700 2727 infra
723 2696 826 2726 inser·
868 2694 1056 2726 Aristotelis
1071 2694 1295 2725 narrationem
1311 2694 1468 2734 pertinet,
1483 2697 1571 2724 cete-

120 2740 197 2765 tum
218 2739 267 2766 est
282 2738 475 2775 narrationi,
499 2739 585 2778 quod
609 2749 677 2770 non
691 2744 742 2770 est
753 2739 826 2770 Ari·-
869 2748 906 2769 ra
915 2738 1026 2775 modo,
1039 2747 1099 2778 quo
1112 2737 1276 2768 neminem
1289 2737 1346 2766 ἃς.
1358 2741 1437 2766 sunt
1450 2747 1467 2765 e
1478 2736 1570 2767 Thu—

105 2776 264 2815 -ntotelis,
279 2778 335 2808 sed
347 2779 556 2821 Thucydidis.
869 2780 993 2821 cydide.
1014 2780 1124 2820 itaque
1148 2779 1246 2810 colon
1268 2779 1381 2822 scripsi
1400 2783 1475 2820 post
1497 2787 1572 2809 con-

168 2821 207 2854 19
238 2825 442 2854 controversa
475 2823 618 2864 natura]
656 2823 739 2855 Edd.
774 2833 825 2865 pr.
868 2824 1004 2865 ποτήρια.

791 2865 902 2909 Ff4
