1945 3235
316 127 388 162 106
785 124 864 162 AD
899 124 1274 164 HERENNIUM

312 235 355 267 et
376 225 581 268 auditoris
602 227 793 270 animum
815 244 1150 280 commovemus,
1173 228 1258 270 sic:
1285 227 1394 275 Quis
1419 234 1491 268 est⁴
1506 235 1592 270 tam
1615 229 1732 271 tenui

312 284 577 339 cogitatione
600 286 818 340 praeditus,
839 286 961 341 cujus
984 287 1150 327 animus
1174 285 1303 327 tantis
1325 283 1534 341 angustiis
1556 285 1730 340 invidiae

311 341 571 392 continetur,
594 343 666 397 qui
698 358 783 384 non
807 345 919 385 hunc
939 344 1155 385 hominem
1179 342 1488 384 studiosissime
1510 341 1667 394 laudet,
1688 352 1733 385 et

313 399 671 453 sapientissimum
699 400 882 454 judicet,
905 402 976 456 qui
1010 416 1086 457 pro
1120 400 1252 441 salute
1281 399 1445 455 patriae,
1469 413 1546 455 pro
1569 398 1733 441 incolu-

313 456 462 497 mitate
483 457 685 507 civitatis,
716 472 790 512 pro
815 458 1061 513 reipublicae
1092 458 1288 508 fortunis,
1311 457 1504 512 quamvis
1526 470 1596 497 ma
1630 471 1733 506 num

311 522 440 567 atque
462 524 584 554 atrox
610 514 843 569 perieulum
864 515 1051 556 studiose
1071 515 1344 570 suscipiat,et
1358 514 1537 554 libenter
1556 528 1602 554 su
1637 515 1732 555 eat?

317 568 526 624 Equidem
552 572 663 611 hunc
694 571 910 612 hominem
942 573 1076 627 magis
1099 575 1226 628 cupio
1261 571 1361 612 satis
1392 570 1575 621 laudare,
1601 585 1732 626 quam

345 643 512 669 ossum:
538 629 734 682 idemque
757 629 838 669 hoe
862 638 978 670 certo
1002 631 1089 669 seio
1116 630 1236 670 vobis
1258 629 1457 669 omnibus
1476 642 1554 668 usu
1573 627 1734 669 venire.

252 684 302 718 56
336 683 475 725 '‘adem
499 700 563 725 res
583 685 714 739 igitur
738 685 801 727 his
826 686 959 727 tribus
985 687 1024 726 in
1041 686 1221 727 dicendo
1235 685 1571 727 commutabitur
1591 684 1734 736 rebus,

314 742 468 792 verbis,
505 742 835 796 pronuntiando,
867 743 1110 785 tractando:
1135 743 1206 784 sed
1236 743 1457 784 tractando
1491 741 1735 798 dupliciter,

313 798 683 848 scrnmcinatione‚
714 808 757 840 et
785 800 1134 841 exsuscitationc.
1195 800 1277 841 Sed
1310 800 1362 841 de
1390 798 1539 841 eadem
1568 813 1613 840 re
1634 813 1734 840 cum

310 855 516 905 dicemus,
548 855 738 911 pluribus
779 866 945 898 utemur
975 856 1401 898 commutationibus.
1478 856 1593 898 Nam
1634 870 1734 898 cum

309 926 399 953 rem
422 912 671 964 simpliciter
693 914 1124 967 pronuntiaverimus,
1143 915 1351 955 rationem
1372 913 1606 969 poterimus
1633 913 1734 954 sub-

303 969 439 1023 jicere
455 986 463 1010 :
489 971 506 999 5
520 969 673 1010 deinde
691 971 932 1027 dupliciter,
952 970 1017 1011 vel
1036 971 1125 1011 sine
1144 971 1380 1011 rationibus
1403 969 1469 1011 vel
1486 984 1585 1011 cum
1603 970 1735 1011 ratio-

311 1026 451 1077 nibus,
475 1027 750 1080 pronuntiare
784 1028 1062 1069 sententiam:
1085 1028 1238 1068 deinde
1267 1026 1416 1068 afferre
1448 1027 1735 1079 contrarium;

310 1083 362 1124 de
387 1084 541 1138 quibus
574 1085 773 1126 omnibus
806 1085 995 1126 diximus
1023 1085 1066 1125 in
1098 1085 1324 1126 verborum
1352 1083 1734 1126 exornationibus:

310 1140 463 1187 ‚deinde
483 1141 619 1182 simile
636 1152 677 1182 et
696 1142 957 1198 exemplum,
980 1143 1032 1183 de
1054 1157 1139 1197 quo
1159 1156 1234 1182 suo
1256 1141 1352 1183 loco
1374 1140 1496 1197 plura
1515 1139 1734 1182 dicemus:

228 1200 300 1248 44
312 1197 464 1238 deinde
497 1198 842 1251 conclusionem3
872 1199 924 1240 de
945 1215 1031 1255 qua
1060 1199 1103 1240 in
1137 1198 1324 1240 secundo
1353 1198 1478 1249 libro,
1499 1212 1596 1253 quae
1626 1211 1736 1254 opus

311 1253 499 1305 fuerunt,
521 1255 724 1307 diffluum,
757 1258 1112 1309 demonstrantes,
1147 1255 1565 1311 argumentationem
1585 1269 1736 1310 quem-

312 1312 544 1352 admodum
574 1314 828 1354 concludere
857 1323 1069 1370 oporteat.
1121 1313 1207 1354 6111
1238 1312 1321 1354 hoc
1353 1312 1463 1353 libro
1493 1312 1736 1363 docuimus,

311 1369 554 1423 cujusmodi
576 1378 686 1411 esset
706 1373 930 1412 exornatio
950 1371 1084 1421 verbi,
1105 1370 1174 1411 cui
1193 1369 1458 1412 conclusioni
1478 1383 1635 1410 nomen
1656 1378 1737 1411 est.

312 1425 429 1482 Ergo
452 1425 698 1480 hujusmodi
729 1428 1003 1469 vehementer
1032 1436 1182 1469 ornata
1210 1428 1368 1483 poterit
1396 1440 1487 1467 esse
1507 1425 1736 1482 expolitio,

310 1498 409 1538 quae
439 1485 656 1525 constabit
676 1499 730 1526 ex
753 1485 1048 1540 frequentibus
1071 1486 1298 1526 verborum
1318 1483 1674 1525 exornationibus
1694 1491 1740 1525 et

311 1541 636 1582 sententiarum.
680 1541 780 1584 Hoc
798 1543 928 1584 modo
942 1543 1073 1599 igitur
1086 1552 1248 1597 septem
1262 1541 1455 1597 partibus
1470 1540 1739 1582 tractabitur.

314 1597 388 1638 sed
409 1598 464 1638 ab
487 1597 679 1652 ejusdem
701 1600 924 1641 sententiae
947 1604 964 1633 7
979 1615 1066 1641 non
1085 1599 1329 1641 recedemus
1343 1597 1556 1653 exemplo,
1569 1606 1618 1638 ut
1631 1597 1740 1640 scire

315 1654 467 1710 possiS‚
488 1669 619 1710 quam
640 1656 764 1698 facile
786 1658 1076 1713 praeceptione
1105 1656 1319 1698 rhetorica
1338 1670 1404 1697 res
1425 1654 1608 1710 simplex
1629 1654 1740 1696 mul-

255 1715 305 1754 57
318 1711 453 1767 tiplici
473 1712 638 1754 ratione
660 1722 880 1755 tractetur.
923 1715 1101 1770 Sapiens
1124 1714 1287 1755 nullum
1311 1726 1387 1768 pro
1405 1710 1625 1766 republica
1643 1725 1740 1766 per-

314 1768 475 1810 iculum
488 1769 666 1822 vitabit;
680 1771 776 1812 ideo
795 1771 910 1827 quod
929 1786 1043 1828 saepe
1056 1771 1120 1823 fit,
1134 1779 1196 1823 ut,
1209 1785 1308 1811 cum
1322 1784 1399 1825 pro
1412 1767 1632 1826 republica
1643 1783 1740 1824 per-

314 1826 376 1868 ire
395 1826 594 1878 noluerit,
614 1829 853 1870 necessario
876 1843 974 1870 cum
1001 1828 1219 1883 republica
1244 1836 1404 1882 pereat.
1457 1825 1514 1866 Et
1534 1826 1741 1881 quoniam

312 1892 413 1924 sunt
442 1884 588 1925 omnia
615 1885 844 1927 commoda
873 1901 898 1928 a
931 1887 1070 1942 patria
1098 1894 1289 1941 accepta,
1316 1883 1480 1925 nullum
1502 1883 1742 1924 incommo-

303 1940 414 1982 dum
445 1954 522 1996 pro
556 1942 695 1998 patria
726 1957 856 1999 grave
885 1943 1123 1998 putandum
1156 1951 1234 1984 est.
1267 1956 1371 1997 ergo
1401 1940 1474 1995 qui
1501 1939 1677 1996 fugiunt
1697 1939 1742 1981 id

201 2038 231 2069 p.
247 1998 564 2057 33,periculum‚
590 2000 706 2055 quod
728 2014 805 2055 pro
834 2000 1055 2056 republica
1076 1999 1346 2041 subeundum
1375 2009 1454 2049 est,
1477 1997 1606 2038 stulte
1634 1996 1742 2038 faci-

267 2078 296 2099 a.
311 2064 403 2096 unt.
466 2055 580 2096 Nam
612 2071 751 2112 neque
779 2057 969 2113 effugere
999 2056 1274 2099 incommoda
1299 2062 1493 2111 possunt,
1515 2063 1559 2095 et
1580 2053 1739 2109 ingrati

302 2111 354 2153 jn
376 2111 596 2153 civitatem
619 2114 902 2169 reperiuntur.
944 2113 1018 2165 At,
1040 2114 1113 2170 qui
1136 2113 1286 2170 patriae
1306 2111 1495 2168 pericula
1516 2113 1534 2142 8
1549 2124 1626 2152 suo
1644 2124 1740 2166 per-

309 2168 423 2210 iculo
441 2179 665 2224 expetunt,
681 2170 724 2211 hi
744 2171 955 2225 sapientes
974 2171 1152 2226 putandi
1174 2178 1286 2220 sunt,
1305 2183 1404 2211 cum
1418 2176 1460 2209 et
1478 2182 1592 2219 eum,
1610 2181 1739 2223 quem

308 2226 483 2278 debent,
516 2226 725 2268 honorem
753 2228 1003 2285 reipublicae
1034 2228 1231 2279 reddunt,
1257 2235 1300 2268 et
1329 2240 1407 2283 pro
1433 2224 1580 2267 multis
1602 2224 1739 2280 perire

349 2359 368 2388 5
382 2356 512 2388 Deinde
532 2357 730 2397 dupliciter]
756 2357 820 2388 Pro
841 2358 1002 2398 duplicem
1044 2368 1118 2389 rum
1134 2358 1305 2399 respicitur
1319 2356 1360 2387 ad
1371 2356 1410 2387 L.
1425 2356 1470 2387 11.
1486 2366 1514 2386 c.
1527 2357 1578 2386 30.
1592 2357 1674 2385 extr.

306 2409 325 2430 e
347 2399 534 2430 melioribus
556 2399 635 2430 Mss.
657 2410 708 2440 ap.
730 2399 815 2430 Oud.
839 2405 874 2431 et
896 2401 1001 2431 Graev.
1086 2404 1104 2434 7
1131 2401 1209 2432 Non
1227 2397 1436 2438 recedemus]
1473 2398 1525 2428 Sic
1547 2402 1581 2427 et
1603 2396 1682 2428 Mss.
1707 2399 1743 2427 et

307 2442 392 2481 quod
417 2450 469 2472 res
496 2441 564 2481 ipsa
590 2441 771 2481 flagitabat.
814 2441 1003 2483 Respondet

304 2484 395 2514 enim
420 2482 518 2514 verbo
545 2484 744 2523 simpliciter.
795 2483 866 2515 Nec
892 2485 1003 2515 minus

305 2526 409 2557 delevi
423 2526 619 2556 sententiam
632 2530 707 2567 post
713 2527 936 2566 pronunciare
949 2527 1003 2557 iis-

305 2567 380 2599 dem
403 2568 534 2599 caussis.
579 2567 660 2598 Edd.
683 2573 808 2599 veteres
829 2578 943 2600 omnes
968 2570 1003 2599 in

304 2610 440 2650 vulgata
453 2609 677 2647 consentiunt,
703 2611 766 2641 nisi
787 2611 875 2651 quod
893 2621 914 2642 a
931 2611 1003 2642 Me-

304 2652 380 2684 diol.
395 2662 445 2692 pr.
461 2653 551 2682 abest
567 2653 770 2683 sententiam.

345 2696 367 2726 6
382 2694 426 2725 In
441 2696 498 2725 hoe
511 2694 748 2725 libro—nomen
760 2695 830 2734 est.]
850 2694 930 2725 Haec
939 2695 1002 2734 eje-

304 2737 351 2768 cit
361 2737 542 2768 Lambinus
555 2748 561 2765 :
578 2745 638 2766 nec
653 2736 779 2767 alienus
793 2746 866 2767 sum
879 2737 920 2767 ab
934 2739 1002 2775 ejus

304 2780 478 2811 sententia.
533 2778 567 2808 Si
593 2779 736 2817 genuina
765 2783 856 2816 sunt,
884 2779 1001 2810 saitem

1045 2442 1116 2473 edd.
1137 2445 1225 2476 1474.
1239 2441 1328 2473 Med.
1343 2451 1392 2482 pr.
1404 2441 1499 2479 idque
1508 2439 1624 2470 melius
1638 2449 1739 2478 quam

1044 2485 1245 2521 ‘rec-edamus,
1260 2489 1298 2514 ut
1311 2483 1405 2514 facile
1421 2483 1554 2522 quisque
1566 2482 1698 2512 sentiet.

1086 2530 1105 2558 8
1116 2527 1329 2566 Suopericulo
1335 2524 1513 2565 expetunt]
1530 2523 1644 2554 Haeret
1649 2524 1740 2554 Groe-

1044 2570 1116 2600 vius
1130 2570 1165 2600 in
1179 2569 1241 2599 boc
1255 2568 1364 2604 verbo,
1378 2571 1412 2597 et
1427 2567 1525 2607 recipi
1539 2565 1612 2596 vult
1625 2566 1740 2596 lectio-

1045 2621 1121 2642 nem
1141 2611 1280 2642 alteram
1304 2609 1462 2640 librorum
1482 2618 1544 2639 ser.
1563 2610 1739 2648 excipiunt.

1045 2653 1108 2684 Sed
1123 2663 1189 2684 non
1203 2653 1344 2683 arbitror
1360 2660 1427 2682 esse
1448 2650 1495 2681 ita
1509 2650 1739 2687 necessarium,

1043 2699 1083 2726 ut
1108 2695 1164 2727 ille
1182 2694 1330 2735 putabat.
1376 2693 1408 2723 Si
1430 2702 1600 2733 possumus
1621 2691 1740 2734 off'erre

1044 2747 1100 2768 nos
1108 2737 1264 2778 perieulis
1275 2746 1334 2776 pro
1349 2735 1466 2775 patria,
1480 2745 1518 2766 ea
1532 2735 1632 2765 etiam
1645 2744 1738 2774 expe-

1045 2784 1124 2816 tere,
1139 2778 1238 2816 adire,
1257 2787 1420 2818 capessere
1439 2786 1621 2817 possumus.
1635 2787 1664 2806 v.
1679 2776 1735 2808 vi-

301 2823 390 2852 ver-bi
403 2819 579 2852 delendum
593 2825 655 2856 est,
674 2830 873 2860 quamquam
893 2825 943 2852 est
962 2821 996 2851 in
1040 2831 1091 2852 ros
1105 2822 1217 2853 doctos
1231 2820 1272 2851 ad
1283 2820 1353 2851 Liv.
1369 2822 1423 2857 30,
1442 2822 1487 2851 18.

302 2873 419 2903 genere
433 2862 656 2895 exornationis
671 2863 856 2894 verborum.
901 2863 997 2894 Ceu:-
