1945 3235
599 159 784 200 LIBER
817 160 1054 201 PRIMUS.
1470 169 1542 205 145

106 276 184 305 nes
207 263 339 322 vulgo
361 266 612 322 probarunt,
634 274 678 307 et
699 265 833 307 secuti
859 274 972 317 sunt,
994 265 1242 321 hujusmodi
1260 283 1268 309 :
1301 276 1349 310 ut
1369 269 1544 325 majori-

109 320 190 362 bus
212 333 316 365 natu
338 333 597 380 assurgatur,
620 332 668 364 ut
686 323 929 380 supplicum
951 323 1225 364 misereatur:
1259 328 1546 381 approbatum

105 388 188 429 est,
210 381 327 435 quod
350 381 559 432 homines,
582 395 680 421 cum
702 381 881 422 dubium
904 389 1028 431 esset,
1051 380 1175 436 quale
1207 380 1352 422 habcri
1376 393 1548 437 oporte—

108 446 188 487 ret,
213 452 289 478 sua
309 438 627 479 constituerunt
655 439 937 479 auctoritate:
973 438 1089 479 velut
1111 437 1299 479 Gracchi
1330 440 1461 494 patris
1485 441 1547 481 fa·-

110 501 245 545 ctum,
268 509 395 550 quem
418 496 602 551 populus
627 495 848 536 Romanus
874 498 914 526 85
928 510 993 546 eo,
1016 495 1132 550 quod
1152 495 1359 536 insciente
1382 496 1548 552 collega

109 550 154 591 in
193 566 372 593 censura
409 552 517 592 nihil
554 553 726 609 egisset,
766 561 865 608 post
901 567 1125 594 censuram
1166 553 1385 593 consulem
1428 553 1545 595 fecit.

112 607 415 665 Comparabile
436 620 578 650 autem
602 619 680 661 est,
703 611 817 665 quod
840 611 885 650 in
907 611 1034 651 rebus
1056 611 1233 651 diversis
1266 610 1447 651 similem
1470 611 1545 651 ali·
1556 621 1606 657 49

109 680 240 720 quam
275 667 484 707 rationem
522 668 731 708 continet.
794 667 900 722 Ejus
934 676 1074 724 partes
1109 677 1208 708 sunt
1246 680 1354 710 tres:
1386 668 1546 725 imago,

109 723 298 775 collatio,
322 724 585 780 exemplum.
646 724 798 781 Imago
822 734 886 766 est
917 725 1054 766 oratio
1077 725 1372 766 demonstrans
1396 740 1549 782 corpo-

109 794 218 832 rum,
240 789 315 822 aut
345 790 593 823 naturarum
618 783 968 824 similitudinem:
1001 782 1174 823 collatio
1193 791 1258 823 est
1285 783 1437 834 oratio,
1460 798 1550 824 rem

107 851 207 878 cum
241 852 285 878 re
318 852 373 879 ex
408 838 689 881 similitudine
720 840 959 881 conferens.
1023 839 1284 896 Exemplum
1317 850 1394 891 est,
1433 841 1551 897 quod

107 909 199 935 rem
222 896 494 947 auctoritate,
517 906 592 937 aut
614 912 713 939 casu
738 897 919 952 alicujus
942 897 1144 948 hominis,
1168 907 1242 938 aut
1262 898 1428 954 negotii
1448 913 1550 940 con-

109 951 266 1003 firmat,
295 961 370 993 aut
402 954 606 995 infirmat.
668 955 838 996 Horum
866 955 1064 1011 exempla
1094 966 1137 996 et
1167 955 1475 1011 descriptiones
1506 956 1551 997 in

106 1010 339 1066 praeceptis
362 1010 617 1053 elocutionis
637 1022 968 1069 cognoscentur.
982 1022 999 1061 A
1028 1011 1094 1053 Ac
1125 1012 1221 1053 sons
1252 1013 1426 1068 quidem
1448 1028 1553 1055 con-

107 1066 380 1119 firmationis,
413 1076 461 1109 ut
492 1068 672 1111 facultas
705 1070 816 1121 tulit,
848 1078 1019 1126 apertus
1052 1078 1130 1121 est,
1161 1084 1240 1112 nec
1270 1070 1411 1111 minus
1443 1071 1552 1112 dilu-

108 1124 220 1175 cide,
243 1140 372 1181 quam
405 1127 464 1167 rei
496 1136 649 1167 natura
680 1127 858 1177 ferebat,
882 1128 1199 1168 demonstratus
1229 1136 1315 1179 est;
1348 1128 1551 1183 quemad—

107 1182 287 1223 modum
306 1191 450 1223 autem
472 1198 655 1239 quaeque
674 1184 944 1235 constitutio,
967 1192 1011 1224 et
1032 1199 1129 1240 pars
1152 1186 1489 1237 constitutionis,
1509 1194 1553 1227 et

109 1240 252 1280 omnis
275 1241 581 1292 controversia,
605 1242 693 1282 sive
715 1242 760 1282 in
783 1241 963 1293 ratione,
987 1241 1076 1282 sive
1095 1241 1138 1281 in
1162 1243 1322 1297 scripto
1347 1253 1550 1295 versetur,

110 1297 284 1338 tractari
307 1298 475 1348 debeat,
498 1308 541 1339 et
564 1314 660 1354 quae
683 1299 728 1340 in
751 1314 943 1354 quasque
974 1300 1370 1354 argumentationes
1393 1315 1551 1342 conve—

108 1354 245 1406 niant,
269 1354 520 1411 singillatim
543 1356 585 1396 in
608 1357 795 1397 secundo
817 1356 927 1396 libro
951 1356 1003 1397 de
1026 1371 1287 1411 unoquoque
1310 1372 1465 1413 genere
1487 1358 1553 1399 di-

108 1425 270 1453 cemus,
330 1411 382 1452 In
416 1414 647 1468 praesentia
670 1413 970 1454 tantummodo
993 1428 1208 1464 numeros,
1239 1423 1283 1455 et
1308 1415 1474 1467 modos,
1509 1425 1553 1457 et

109 1477 251 1524 partes
273 1471 603 1525 argumentandi
623 1471 801 1512 confuse
819 1480 862 1511 et
884 1471 1099 1527 permixte
1118 1471 1420 1527 dispersimus:
1453 1483 1552 1529 post

108 1526 151 1556 86
163 1525 345 1567 discrete
371 1536 415 1567 et
440 1527 575 1568 electe
606 1529 649 1569 in
681 1543 815 1585 genus
847 1529 1049 1585 quodque
1079 1544 1234 1580 causae,
1263 1530 1366 1585 quid
1396 1532 1552 1587 cuique

107 1583 352 1635 conveniat,
375 1599 429 1625 ex
449 1584 531 1626 hac
554 1587 679 1641 copia
701 1587 959 1643 digeremus,

165 1639 312 1696 Atque
341 1642 523 1683 inveniri
552 1644 727 1698 quidem
750 1643 889 1684 omnis
911 1658 966 1684 ex
996 1642 1064 1684 his
1095 1643 1200 1685 locis
1231 1645 1548 1700 argumentatio
1561 1655 1613 1689 50

107 1699 291 1753 poterit:
324 1699 544 1740 inventam
566 1702 780 1753 exornari,
803 1710 848 1742 et
868 1710 1005 1742 certas
1038 1701 1082 1742 in
1112 1711 1253 1757 partes
1276 1702 1486 1758 distingui
1507 1712 1551 1744 et

109 1755 411 1797 suavissimum
433 1766 511 1808 est,
531 1767 574 1798 et
597 1773 762 1799 summe
783 1759 1084 1809 necessarium,
1105 1769 1147 1799 et
1170 1760 1224 1799 ab
1244 1759 1345 1800 artis
1369 1761 1551 1816 scripto-

110 1812 230 1853 ribus
251 1814 440 1856 maxime
463 1815 724 1871 neglectum.
749 1830 880 1871 quare
901 1826 945 1856 et
966 1816 1018 1856 de
1040 1831 1090 1856 ea
1112 1817 1404 1872 praeceptione
1427 1818 1552 1859 nobis

111 1869 156 1909 in
178 1869 262 1911 hoc
284 1871 380 1911 loco
399 1875 439 1905 87
449 1872 681 1913 dicendum
705 1874 843 1914 visum
862 1882 940 1924 est,
963 1883 1011 1913 ut
1035 1873 1087 1914 ad
1108 1874 1401 1915 inventionem
1424 1890 1553 1932 argu-

109 1927 261 1979 menti,
300 1927 516 1970 absolutio
548 1944 720 1985 quoque
751 1931 1081 1987 argumentandi
1113 1930 1435 1987 adjungeretur.
1497 1933 1556 1974 Et

110 1997 270 2041 magna
290 2000 390 2026 cum
409 2001 512 2027 cura
531 1996 574 2027 et
591 1987 817 2043 diligentia
835 1988 953 2029 locus
967 1987 1039 2029 hic
1059 1989 1198 2028 omnis
1218 1989 1552 2032 considerandus

111 2051 190 2093 est,
213 2043 329 2098 quod
351 2057 438 2083 non
461 2044 599 2085 solum
623 2045 682 2085 rei
705 2059 864 2102 magna
889 2045 1051 2086 utilitas
1072 2053 1151 2095 est,
1176 2046 1249 2086 sed
1271 2047 1552 2103 praecipiendi

109 2113 283 2154 quoque
305 2114 472 2141 summa
493 2101 738 2143 difficultas.

169 2156 324 2198 Omnis
343 2158 477 2214 igitur
495 2159 813 2215 argumentatio
832 2167 906 2201 aut
924 2173 1000 2215 per
1018 2158 1314 2201 inductionem
1329 2163 1631 2210 tractanda3l

109 2221 188 2265 est,
212 2223 286 2255 aut
315 2224 391 2271 per
421 2216 810 2258 ratiocinationem.
872 2216 1075 2258 Inductio
1105 2226 1170 2258 est
1191 2218 1345 2270 oratio,
1368 2234 1464 2275 quac
1488 2235 1611 2269 re-51
1634 2231 1635 2234 ’

111 2270 191 2311 bus
221 2286 308 2313 non
336 2273 478 2319 dubiis
509 2282 656 2331 captat
685 2275 975 2316 assensionem
1008 2274 1115 2329 erS,
1150 2276 1325 2330 quicum
1355 2278 1555 2320 instituta

108 2336 199 2371 est:
231 2329 387 2385 quibus
419 2332 736 2373 assensionibus
765 2332 885 2384 facit,
907 2340 955 2373 ut
987 2331 1047 2372 illi
1080 2332 1213 2375 dubia
1243 2336 1444 2389 quaedam
1475 2351 1554 2388 res,

153 2461 193 2490 85
219 2460 267 2491 Ob
281 2460 317 2490 id
328 2461 436 2501 quod]
469 2461 619 2492 Oudend.
635 2473 653 2493 e
665 2463 812 2503 vestigiis
854 2463 956 2493 etiam
971 2463 1050 2494 Mss.
1066 2464 1129 2494 Gu.
1142 2468 1282 2503 uterque
1296 2468 1330 2494 et
1343 2464 1431 2494 Cass.
1445 2468 1559 2502 estque

110 2499 191 2532 Mss.
225 2503 373 2542 corrigit,
408 2514 442 2533 eo
476 2505 577 2544 quod.-
614 2505 810 2536 rectissime:
855 2506 1045 2544 exquisitius
1061 2507 1205 2546 vulgato.
1228 2506 1342 2545 Itaque
1358 2506 1474 2545 recepi.

109 2542 229 2582 glossa,
243 2546 278 2575 ob
299 2544 496 2586 idfirctum‚
512 2546 548 2577 in
567 2552 697 2578 textum
713 2549 814 2580 venit.
900 2551 938 2582 87
975 2547 1165 2579 Dicendum
1198 2549 1270 2588 esa]
1310 2547 1390 2578 Mss.
1427 2553 1462 2578 et
1487 2546 1559 2578 edd.

111 2585 191 2615 Mox
216 2587 316 2617 etiam
345 2597 403 2628 pro
429 2589 556 2626 egisset,
584 2590 714 2620 restitui
741 2590 814 2620 vult
857 2595 937 2621 vett.
965 2591 1137 2621 dicendum
1171 2592 1278 2621 visum
1300 2596 1359 2626 est,
1388 2589 1483 2629 idque
1511 2599 1561 2622 re-

107 2629 220 2666 gessit,
233 2629 318 2668 quod
332 2639 409 2660 sane
426 2630 550 2662 habent
573 2631 652 2662 Mss.
667 2632 765 2662 multi
780 2639 815 2663 et
856 2632 1038 2670 stituimus,
1053 2633 1155 2663 etiam
1176 2634 1253 2673 quia
1273 2633 1420 2672 sequitur
1439 2631 1560 2672 adjun-

111 2669 192 2699 editi
214 2670 307 2701 libri:
332 2673 387 2702 sed
406 2672 553 2704 latinitas
576 2683 643 2704 non
666 2676 812 2714 patitur,
853 2680 1001 2712 geretur,
1018 2675 1106 2714 quod
1127 2681 1203 2715 post
1218 2676 1389 2706 dicendum
1403 2679 1450 2706 est
1463 2675 1559 2704 vitio-

112 2712 293 2752 perfectum
318 2714 486 2745 indicativi
508 2715 618 2746 locum
642 2722 716 2757 post
727 2717 815 2758 feeit
857 2725 929 2746 sum
955 2721 1050 2749 esset.
1095 2718 1156 2748 Sed
1181 2718 1310 2748 videtur
1335 2719 1431 2748 luisse
1456 2717 1559 2748 dicere

112 2762 180 2783 non
202 2753 322 2785 habet:
345 2762 380 2786 et
393 2758 529 2789 verbum
548 2768 664 2797 gerere
677 2759 753 2790 huie
769 2759 816 2790 rei
856 2760 961 2789 visum
991 2764 1046 2790 est.
1092 2760 1184 2799 Mox,
1212 2765 1251 2791 ut
1275 2761 1321 2790 ad
1347 2760 1563 2790 inventionem

112 2804 181 2827 non
195 2798 358 2828 convenit.
858 2802 1013 2832 absolutio
1042 2802 1300 2842 argumentandi
1333 2800 1402 2842 adj.
1439 2801 1562 2839 habens

156 2838 196 2868 86
219 2837 369 2870 Discrete
382 2845 412 2872 et
425 2842 544 2882 electa]
579 2842 651 2873 Hoc
665 2842 815 2874 Oudend.
862 2843 939 2874 Mss.
961 2844 1106 2883 quidam,
1121 2846 1221 2876 etiam
1238 2845 1326 2875 Cass.
1344 2849 1378 2874 et
1392 2843 1463 2882 edd.
1478 2847 1561 2874 vett.

113 2880 247 2922 praefert
268 2881 402 2921 vulgato
421 2885 576 2924 descripte
589 2889 619 2915 et
633 2887 673 2916 el.
696 2896 713 2915 e
735 2885 816 2915 duou
858 2892 937 2917 ante
950 2886 1084 2926 Aldum,
1099 2888 1155 2926 qui
1169 2887 1361 2927 argumenti
1374 2885 1508 2917 addidit.

113 2922 173 2953 bus
210 2922 288 2953 Mss.
318 2925 398 2956 item
427 2927 584 2958 Graevius.
613 2927 666 2957 Sic
693 2928 817 2959 habent

173 2979 282 3007 vot..
308 2980 340 3008 1.
852 2981 878 3010 Ϊ.
