1945 3235
309 382 379 431 2‘2
395 380 522 422 endo.

327 1531 379 1572 87
394 1529 508 1570 bam.

395 164 474 200 448

982 159 1256 201 BRUTUS.

332 272 382 305 85
400 264 501 306 Erat
523 264 701 307 omnino
722 273 813 306 tum
846 279 953 314 mOS,
985 274 1034 306 ut
1065 266 1106 306 in
1140 265 1310 322 reliquis
1343 264 1469 307 rebus
1498 262 1664 319 melior,
1697 266 1757 310 sic
1790 257 1837 310 iil

397 323 479 364 hoc
511 323 605 380 ipso
629 323 869 372 humanior,
893 333 939 363 ut
962 323 1106 364 fat-iles
1128 334 1269 364 essent
1300 324 1342 363 in
1375 337 1498 364 suum
1520 324 1676 379 cuique
1702 325 1838 366 tribu·

583 379 799 422 Memoria
837 390 976 430 tenco,
1011 383 1205 436 Smyrnae
1242 395 1308 421 nie
1340 395 1395 422 ex
1432 380 1481 420 P.
1512 380 1679 424 Rutilio
1717 381 1837 423 Rufo

394 437 578 489 audisse,
600 452 697 479 cuin
729 438 905 486 diceret,
936 437 1255 478 adolescentulo
1287 451 1330 479 se
1361 438 1581 490 accidisse,
1605 447 1651 480 ut
1673 450 1728 480 ex
1760 439 1837 480 Se·

393 496 720 537 natusconsulto
747 495 795 535 Ρ.
820 494 967 550 Scipio
998 505 1042 536 ct
1077 494 1131 535 l).
1157 496 1316 536 Brutus
1347 500 1415 548 (ut
1444 495 1618 551 opinor)
1642 495 1837 538 consules

392 553 447 594 de
476 567 521 594 re
559 553 693 593 atroci
728 565 970 607 magnaque
999 563 1255 607 quaerercnt.

1318 552 1431 593 Nam
1464 567 1562 594 cum
1602 553 1644 595 in
1682 553 1841 594 ⁴7silva

395 610 486 651 Sila
509 610 623 650 facta
655 610 793 650 caedes
816 619 941 659 essct,
967 608 1145 664 notique
1177 609 1373 651 homines
1406 609 1636 662 interfecti,
1658 609 1839 652 insimu-

393 667 636 721 lareturque
659 666 835 717 familia,
858 665 1014 721 partini
1037 667 1167 706 etiam
1199 667 1338 719 liberi,
1370 667 1588 709 societatis
1608 667 1717 723 ejiiS,
1738 681 1837 724 quae

394 725 576 781 picarias
610 723 662 764 de
695 723 745 764 P.
778 722 995 773 Cornelio,
1030 723 1077 763 L.
1110 722 1328 764 Mummio
1358 725 1606 766 censoribus
1636 725 1841 766 redemis-

395 792 473 832 set,
497 780 734 822 decrevisse
762 789 972 830 senatum,
991 789 1039 820 ut
1060 780 1113 821 de
1134 794 1184 821 ea
1207 794 1249 821 re
1271 792 1583 837 cognoscerent
1604 792 1647 824 et
1678 790 1839 824 statue-

329 849 383 886 86
397 848 490 879 rent
510 838 721 880 consules.
783 837 969 879 Causam
993 852 1070 894 pro
1092 837 1333 894 publicanis
1364 848 1578 892 accurate,
1599 849 1648 881 ut
1671 853 1839 896 semper

394 895 543 937 solitus
567 906 693 946 esset,
715 895 1016 950 eleganterque
1041 894 1202 936 dixisse
1236 894 1431 937 Laelium.
1493 895 1605 938 Cum
1627 897 1838 950 consules,

391 967 436 994 re
469 954 630 1004 audita,
661 952 835 1007 amplius
867 953 919 993 de
952 951 1120 993 consilii
1161 953 1374 994 sententia
1408 953 1836 1010 pronunciavissen't.;

391 1012 540 1067 paucis
563 1010 828 1066 interpositis
850 1009 1001 1051 diebus
1034 1009 1187 1050 iterum
1217 1009 1399 1052 Laelium
1429 1011 1566 1052 multo
1587 1011 1838 1068 diligentius

390 1068 628 1124 meliusque
650 1069 826 1118 dixisse,
846 1068 1087 1122 iterumque
1108 1067 1260 1108 eodem
1282 1068 1412 1109 modo
1434 1083 1459 1110 a
1479 1064 1726 1110 consulibus
1746 1083 1839 1113 rem

390 1139 482 1167 esse
503 1126 728 1182 prolatam.

392 1183 570 1234 xissent‚
604 1184 879 1240 egissentque
919 1182 1093 1238 gratias,

788 1124 900 1166 Tum
924 1124 1121 1176 Laelium,
1143 1139 1242 1166 cum
1263 1139 1362 1166 eum
1390 1126 1494 1168 socii
1513 1127 1689 1168 domum
1711 1126 1837 1168 redu-

1129 1191 1187 1234 et‚
1224 1196 1278 1223 ne
1314 1181 1637 1240 defatigaretur,
1674 1184 1837 1225 oravis-

392 1250 502 1293 sent,
540 1241 731 1283 locutum
767 1254 857 1281 esse
898 1240 983 1281 ita:
1018 1253 1076 1290 se,
1113 1254 1210 1295 quae
1249 1239 1436 1292 fecisset,
1476 1241 1651 1282 honoris
1685 1254 1835 1284 eorum

390 1313 534 1348 causa,
563 1299 768 1350 studiose,
799 1306 1083 1352 accurateque
1111 1297 1286 1349 fecisse3
1319 1298 1391 1339 sed
1423 1312 1467 1340 se
1496 1297 1710 1351 arbitrari,
1735 1312 1837 1341 cau-

392 1370 483 1396 sam
506 1355 619 1397 illam
643 1372 668 1397 a
689 1356 780 1397 Ser.
804 1355 960 1406 Galba,
983 1354 1098 1410 quod
1130 1355 1164 1395 is
1196 1354 1240 1395 in
1262 1355 1446 1396 dicendo
1475 1354 1698 1412 48gravior
1727 1356 1837 1398 acri-

391 1427 526 1469 orque
548 1422 674 1471 esset,
698 1414 870 1468 gravius
892 1420 935 1453 et
957 1411 1252 1452 vehementius
1283 1427 1409 1468 posse
1433 1411 1622 1454 defendi.
1682 1411 1837 1469 Itaque

392 1471 650 1512 auctoritate
683 1471 735 1512 C.
766 1469 888 1511 Laelii
919 1468 1172 1525 publicanos
1206 1483 1379 1510 causam
1412 1468 1615 1512 detulisse
1647 1470 1700 1512 ad
1731 1469 1837 1513 Gal-

568 1528 695 1569 Illum
728 1536 887 1578 autem,
910 1526 1024 1581 quod
1047 1526 1085 1566 ei
1117 1526 1210 1567 viro
1233 1526 1548 1568 succedendum
1569 1537 1695 1578 esset,
1717 1541 1836 1569 vere-

389 1586 531 1627 cunde
559 1595 603 1626 ct
631 1586 880 1626 dubitanter
909 1583 1132 1638 recepisse.
1164 1597 1314 1634 unum,
1336 1584 1507 1638 49quasi
1538 1585 1836 1641 comperendi-

388 1652 533 1694 natus,
563 1643 754 1683 medium
774 1642 890 1682 diem
922 1641 1067 1692 fuisse,
1089 1654 1218 1696 quem
1247 1647 1387 1681 totum
1413 1640 1599 1682 Galbam
1628 1642 1672 1683 in
1695 1643 1838 1684 consi-

387 1700 577 1742 deranda
597 1714 740 1752 causa,
762 1697 1147 1755 componendaque
1177 1697 1385 1754 posuisse.
1417 1706 1474 1750 et,
1496 1712 1596 1739 cum
1617 1699 1834 1756 cognitio-

386 1758 455 1799 nis
477 1758 566 1799 dies
589 1766 715 1808 esset,
736 1766 780 1798 et
810 1757 902 1813 ipse
934 1755 1124 1796 Rutilius
1149 1764 1305 1812 rogatu
1336 1755 1551 1796 sociorum
1572 1756 1756 1809 domum¹
1779 1757 1837 1800 ad·

387 1814 575 1857 Galbam
609 1829 734 1856 mane
766 1814 966 1864 venisset,
997 1822 1045 1854 ut
1076 1824 1175 1854 euin
1206 1813 1471 1864 admoneret,
1498 1822 1543 1854 et
1573 1812 1631 1854 ad
1659 1813 1831 1857 dicendi

386 1881 558 1930 tempus
590 1872 846 1923 adducerem
876 1884 1011 1926 usque
1041 1867 1176 1922 illum,
1199 1870 1340 1926 quoad
1365 1871 1403 1912 ei
1436 1871 1683 1925 nuntiatum
1705 1866 1833 1925 esset,

386 1931 584 1973 consules
617 1929 900 1980 descendisse,
937 1927 1137 1969 omnibus
1173 1927 1374 1979 exclusis,
1410 1936 1763 1982 commentatum:
1786 1929 1832 1970 in

387 1989 574 2044 quadam
612 1987 827 2029 testudine
867 2001 966 2027 cum
1005 1985 1136 2026 servis
1173 1985 1373 2026 litteratis
1411 1983 1556 2037 fuisse,
1595 1986 1832 2042 50'quorjum

387 2045 481 2087 aliis
505 2046 618 2087 aliud
642 2045 804 2087 dictare
825 2044 976 2085 eodem
995 2051 1190 2099 tempore
1217 2043 1366 2084 solitus
1388 2050 1512 2084 esset.
1536 2043 1706 2085 interim
1729 2057 1831 2086 cum

387 2113 501 2144 esset
520 2104 559 2144 ei
584 2103 829 2144 nuntiatum
855 2111 1023 2156 tempus
1045 2114 1150 2152 esse,
1172 2100 1312 2141 exisse
1334 2100 1378 2141 in
1402 2099 1514 2141 aedes
1536 2114 1587 2142 eo
1608 2099 1765 2154 colore,
1787 2108 1832 2142 et

389 2160 441 2202 iis
474 2161 625 2211 oculis,
659 2169 707 2201 ut
738 2160 876 2217 egisse
912 2172 1099 2210 eausam,
1140 2172 1226 2199 non
1261 2166 1607 2199 commentatum
1643 2166 1831 2215 putares.

325 2223 376 2259 88
390 2217 592 2260 Addebat
612 2218 758 2270 etiam,
780 2217 909 2272 idque
938 2215 992 2257 ad
1018 2229 1107 2256 rem
1137 2215 1350 2272 pertinere
1381 2213 1578 2271 putabat,
1599 2215 1835 2275 scriptores

430 2336 472 2367 47
494 2334 578 2363 silua
601 2331 689 2372 Sila]
716 2331 776 2362 Eat
795 2342 832 2362 ex
850 2329 978 2361 emend.
1000 2329 1086 2360 Tur-

389 2376 463 2406 nebi
477 2388 483 2405 :
508 2386 584 2405 mox
595 2376 743 2415 picarias
757 2374 830 2406 edd.
846 2372 934 2404 Med.
950 2372 1026 2403 Ald.
1047 2378 1087 2403 ut

389 2418 498 2448 editur
528 2428 626 2448 nnnc.
665 2424 766 2455 recte,
794 2416 868 2448 aliae
896 2415 1010 2446 aliter:
1048 2419 1087 2445 ut

386 2460 670 2500 Juiit.1mcuar·ias
685 2461 743 2490 &cu

427 2505 469 2533 43
506 2504 652 2532 ornatior
682 2500 864 2541 acriorque]
904 2499 964 2530 Ed.
994 2498 1086 2530 Med.

382 2545 521 2582 grat-ior
535 2547 715 2584 acriorque.
760 2543 861 2575 Aldus
874 2542 975 2574 edidit
987 2551 1085 2572 orna·

384 2588 468 2617 tior.-
491 2593 527 2616 ut
544 2587 638 2617 dunt.
658 2587 683 2617 1.
700 2587 802 2617 Gron.
817 2596 834 2615 e
858 2595 885 2615 e.
902 2587 953 2616 80.
975 2585 1083 2623 conje—

384 2630 428 2659 m't
439 2631 548 2660 altior.
556 2630 693 2667 gravior
701 2638 778 2659 sane
789 2627 1009 2668 aptissimum,
1021 2627 1084 2657 nisi

383 2672 470 2710 quod
480 2672 576 2701 nimis
588 2682 685 2711 parvo
696 2669 870 2701 intervallo
880 2676 930 2700 est
936 2670 1083 2707 gravius.

381 2710 469 2745 Tum
493 2715 614 2750 neseio,
631 2724 671 2743 an
688 2714 786 2743 altior
799 2718 833 2743 et
845 2713 985 2750 gravius
1004 2711 1083 2741 satis

382 2756 465 2787 hene
488 2756 548 2786 sibi
571 2756 800 2795 respondeant.
818 2754 957 2785 allittulo
979 2752 1080 2783 habet

380 2799 649 2835 admirationem,
666 2807 732 2828 non
748 2799 954 2836 gravitatem.
1001 2794 1080 2825 Nou

379 2842 530 2871 ‹im-erno.
574 2840 636 2870 Sed
658 2846 771 2870 tamen
799 2839 1005 2868 veterrimam
1033 2836 1079 2867 le-

378 2883 522 2913 ctionem
535 2880 824 2922 grum'orpraetuli,
839 2881 917 2911 dum
933 2879 1049 2910 melior
1061 2890 1079 2910 e

377 2925 567 2959 melioribus
591 2924 681 2956 libris
703 2924 896 2965 reperiatur.
940 2922 1076 2964 Conjcci

1129 2329 1305 2369 aliquando
1307 2328 1447 2370 fortior.

1169 2377 1213 2408 49
1225 2396 1227 2399 .
1241 2374 1335 2413 quasi
1357 2369 1676 2413 comperendinatus]
1708 2370 1828 2403 Corra-

1129 2414 1188 2445 dus
1209 2415 1355 2447 malebat
1375 2415 1711 2457 coneperenqlirustum,
1726 2419 1763 2444 ut
1784 2414 1826 2445 ad

1129 2456 1474 2495 Galbam'referretur‚
1490 2458 1580 2497 quasi
1601 2455 1828 2496 comperendi-

1128 2504 1226 2530 natus
1239 2506 1334 2530 esset.
1364 2500 1418 2530 Sir:
1430 2495 1536 2530 habet'
1545 2496 1607 2529 Ms.
1622 2507 1689 2538 reg.
1702 2497 1828 2538 Vulga-

1126 2545 1200 2572 tum
1218 2539 1333 2572 melius
1349 2546 1444 2582 puto,
1459 2550 1577 2581 nempe
1590 2539 1675 2570 diem
1691 2550 1823 2581 compe-

1127 2583 1333 2622 rendinatus,
1359 2583 1415 2623 qui
1439 2593 1484 2614 sc.
1511 2583 1636 2613 medius
1661 2586 1712 2614 est
1737 2583 1827 2614 inter

1126 2626 1266 2666 primam
1279 2630 1314 2657 et
1324 2626 1465 2656 alteram
1478 2625 1656 2655 actionem.

1168 2670 1210 2698 50
1230 2677 1368 2707 quorum
1393 2667 1470 2697 aliis
1491 2667 1587 2698 aliud
1605 2665 1746 2707 dictare]
1771 2664 1827 2696 Fi-

1126 2709 1242 2740 denter
1266 2709 1373 2741 addidi
1401 2709 1488 2740 aliis.
1532 2708 1620 2740 Nam
1648 2707 1728 2739 alias
1756 2716 1826 2740 non

1121 2758 1171 2783 est
1194 2761 1308 2782 sensus
1333 2751 1526 2784 verborum:
1550 2749 1696 2782 dictabat
1718 2749 1824 2791 pluri·

1120 2795 1181 2825 bus
1195 2793 1419 2835 scriptoribus,
1435 2793 1491 2824 scd
1506 2793 1577 2824 aliis
1591 2791 1693 2824 aliud.
1716 2790 1825 2824 Miror

1120 2837 1184 2868 hoc
1221 2846 1288 2866 non
1323 2835 1584 2868 animadversum
1619 2834 1705 2872 aliis,
1734 2833 1835 2874 quod,

1121 2877 1253 2918 quidem
1272 2878 1394 2911 sciam:
1418 2888 1497 2912 uam
1519 2887 1570 2910 res
1591 2876 1628 2909 in
1646 2874 1758 2909 ocutus
1771 2877 1825 2909 in-

1119 2921 1235 2954 currit.
