1945 3235
267 1100 337 1150 43
351 1112 392 1138 ιιι
398 1113 420 1138 ιι
427 1113 459 1138 5.

263 1173 337 1208 153
350 1156 542 1196 ordinem
585 1170 659 1211 per
663 1170 902 1211 sequamur.

263 1571 336 1607 159
349 1567 391 1598 et
413 1558 645 1612 perbrevis.

265 1855 338 1891 160
350 1854 535 1886 secutus.

338 138 417 173 464

926 134 1213 174 BRUTUs.

337 238 540 294 junctum
563 247 689 291 esset,
713 237 862 279 veliem
886 254 1161 296 cognoscere,
1186 249 1228 281 et
1250 253 1363 279 nunc
1386 237 1777 294 meumjudicium,

344 296 480 337 multo
504 297 640 353 inagis
671 297 880 338 confirmo
913 298 1158 338 testimonio
1191 307 1233 337 et
1255 296 1424 350 judicio
1448 305 1546 336 tuo:
1580 297 1704 339 simul
1725 298 1777 338 il-

344 353 415 393 lud
431 354 612 409 gaudeo,
633 355 746 409 quod
768 364 809 394 et
827 355 1047 408 aequalitas
1069 365 1219 404 vestra,
1242 363 1283 393 et
1307 368 1424 417 pares
1448 353 1658 394 honorum
1681 368 1779 410 gra-

345 411 440 461 dus,
456 422 498 452 et
520 411 674 453 attium
699 412 1021 474 studiorumque
1040 412 1157 466 quasi
1176 410 1585 461 finitiin·1vicinit·ts,
1609 421 1777 452 tantum

347 468 468 509 abest
486 471 548 503 93
539 469 593 509 ab
616 470 794 509 obtrect
787 468 930 509 trione
953 470 1099 509 invidi·
1091 484 1212 524 uque,
1234 483 1307 523 qu
1295 484 1330 508 ἰι
1355 467 1459 508 solet
1484 469 1667 509 lacerare
1689 467 1778 523 ple-

347 539 517 590 rosque,
542 527 601 566 uti
637 540 687 566 σι
718 540 801 566 non
827 525 955 565 modo
989 526 1341 567 1ionexulc·eiaie
1365 537 1475 565 vestr
1477 540 1545 566 am
1578 525 1779 581 gratiam,

348 583 419 623 sed
442 584 570 624 etiam
594 582 760 624 concili·
754 597 822 622 uc
846 582 941 622 vide
944 592 1052 623 atur.

1084 598 1156 639 qu
1145 584 1196 624 ¹1li
1221 583 1334 623 euim
1355 591 1396 623 te
1418 597 1519 638 erg-t
1542 557 1659 623 illum
1682 596 1778 638 per-

261 641 334 679 157
349 640 498 696 spicio,
519 640 589 681 tali
616 639 757 680 illum
750 654 790 679 ιιι
816 649 857 679 te
881 638 1098 680 voluntate.
1114 640 1367 695 judicioque
1383 639 1585 695 cognovi.
1626 639 1779 695 Itaque

346 697 470 738 doleo
489 708 530 737 ct
555 697 663 737 illius
686 696 880 746 consilio,
902 705 945 736 ct
974 706 1047 737 tua
1073 711 1174 738 voce
1202 697 1406 752 populum
1437 697 1678 737 Ronlanum
1708 711 1782 738 ca-

345 769 436 795 rere
472 765 556 794 tam
588 754 686 794 diu:
719 754 832 808 quod
865 768 963 795 cum
994 768 1068 809 per
1090 767 1133 794 se
1163 754 1391 794 dolendum
1423 763 1501 805 est,
1524 763 1613 794 tum
1642 753 1780 795 multo

346 811 484 866 magis
515 811 818 861 consideranti,
848 810 900 852 ad
929 825 1035 865 quos
1068 811 1162 861 ista,
1184 814 1321 851 9⁴non
1346 811 1548 852 translata
1577 811 1676 862 sint,
1707 810 1780 852 sed

346 869 492 909 nescio
525 883 610 932 quo
644 877 769 932 pacto
803 868 1066 910 devenerint.

1129 867 1217 908 Hic
1239 867 1427 918 Atticm,
1461 867 1681 918 Dixerani,
1714 868 1781 909 in-

349 926 458 980 quit,
494 942 516 967 a
550 926 779 989 princrpiQ
802 926 854 966 de
880 925 1099 980 republica
1129 935 1177 967 ut
1207 925 1450 966 sileremus:
1484 925 1627 980 itaque
1650 925 1781 967 facia-

349 997 460 1023 mus.
482 986 629 1023 95na1n
660 997 693 1023 5ι
726 983 809 1023 isto
840 983 968 1023 niodo
993 982 1187 1023 volumus
1221 982 1408 1038 singulas
1442 996 1506 1022 res
1527 982 1781 1047 desiderare,

349 1054 437 1081 non
460 1040 589 1081 modo
622 1040 842 1095 querendi,
873 1040 943 1081 sed
967 1054 1020 1080 ne
1051 1040 1225 1097 lugendi
1247 1040 1421 1095 quidem
1443 1040 1572 1080 finem
1599 1040 1782 1104 reperie-

348 1213 695 1268 exspectabatur,
724 1212 1002 1254 audiebatur:

522 1097 757 1154 Pergamus
789 1111 907 1153 ergO,
942 1097 1132 1152 inquam,
1166 1098 1216 1139 ad
1248 1097 1422 1153 leliqua,
1461 1106 1504 1137 et
1535 1096 1782 1139 institutum

966 1154 1145 1196 Paratus
1187 1155 1320 1211 igitur
1357 1154 1554 1195 veniebat
1588 1153 1783 1205 Crassus,

1036 1228 1060 1253 a
1090 1212 1303 1269 piincipio
1337 1212 1497 1262 statim,
1524 1211 1658 1266 (quod
1690 1221 1787 1253 erat.

347 1271 461 1326 apud
495 1284 592 1310 eum
627 1284 793 1326 semper
821 1284 960 1311 accur
962 1271 1089 1321 ttum)
1122 1270 1447 1335 exspectatione
1479 1269 1635 1325 dignus
1665 1269 1802 1310 vide--

348 1328 498 1369 batur:
532 1342 616 1369 non
649 1328 782 1368 multa
810 1327 994 1382 jactatio
1027 1328 1234 1383 corporis,
1267 1342 1351 1368 non
1397 1325 1620 1368 inclinatio
1650 1326 1784 1377 vocis,

345 1385 462 1426 nulla
481 1384 777 1436 inambulafio,
792 1400 877 1425 non
896 1385 1045 1426 crebra
1067 1385 1286 1440 supplosio
1309 1384 1452 1440 pedis:
1478 1383 1720 1435 vehemens,
1742 1394 1787 1425 et

346 1443 561 1483 interdum
592 1443 711 1493 irata,
734 1453 777 1483 et
807 1443 931 1498 plena
953 1442 1063 1496 justi
1086 1442 1244 1482 doloris
1264 1442 1428 1492 olatio:
1450 1439 1604 1482 multae
1620 1451 1663 1483 et
1685 1456 1785 1484 cum

348 1500 560 1556 gravitate
583 1500 777 1541 Proetiae:
801 1500 1002 1554 quodque
1022 1499 1196 1540 difficile
1215 1507 1292 1549 est,
1316 1498 1427 1539 idem
1450 1507 1492 1539 et
1515 1507 1782 1554 perornatus,

704 1556 802 1598 Jam
833 1557 874 1597 in
907 1556 1152 1598 altercando
1175 1556 1340 1596 invenit
1362 1570 1507 1612 parem
1539 1556 1780 1598 neminem:

349 1624 538 1656 versatus
571 1623 635 1654 est
661 1614 702 1654 in
737 1614 854 1654 omni
879 1612 965 1654 fere
999 1628 1155 1669 genere
1187 1627 1439 1654 causarum:
1471 1621 1636 1654 mature
1657 1614 1701 1655 in
1720 1613 1784 1654 lo-

348 1686 447 1713 cum
481 1672 723 1728 prinClpum
749 1681 893 1712 Orator
899 1686 967 1712 Um
993 1671 1122 1711 vessit.

1182 1670 1416 1711 Accusavit
1449 1669 1500 1710 C.
1524 1669 1784 1722 Carbonem,

348 1728 745 1794 eloquentissimum
770 1729 1004 1778 hominem,
1019 1728 1251 1769 admodum
1274 1727 1540 1769 adolescens:
1573 1742 1785 1769 summam

347 1786 512 1843 ingenii
536 1801 621 1827 non
647 1786 814 1828 laudem
838 1787 982 1837 modo,
1006 1786 1077 1827 sed
1099 1787 1228 1826 etiam
1249 1785 1575 1826 admirationem
1597 1794 1662 1826 est
1682 1800 1786 1827 con-

602 1843 808 1885 Defendit
839 1853 987 1908 postea
1021 1843 1227 1884 Liciniam
1262 1843 1343 1883 vir
1329 1843 1490 1898 ginem,
1523 1856 1621 1883 cum
1651 1857 1786 1884 annos

349 1915 495 1944 xxvn
529 1911 654 1942 natus
686 1912 811 1942 esset.
846 1916 889 1942 ln
923 1916 973 1942 ea
1002 1901 1094 1956 ipsa
1123 1915 1251 1942 causa
1283 1900 1366 1941 fuit
1398 1900 1787 1955 eloquentissimus,

347 1959 640 2015 orationisque
662 1959 754 2015 ejus
786 1959 965 2015 scriptas
988 1958 1192 2013 quasdam
1226 1971 1367 2014 partes
1391 1957 1576 2012 reliquit.

1636 1957 1787 2000 Voluit

347 2016 641 2067 adolescens,
633 2031 675 2057 1n
706 2016 877 2058 colonia
900 2017 939 2057 N
945 2016 1173 2057 arbonensi
1206 2030 1345 2057 causae
1379 2014 1595 2071 popularis
1623 2015 1786 2071 aliquid

348 2075 577 2131 attingerqe
599 2089 778 2131 eamque
791 2073 1020 2124 coloniam,
1044 2082 1092 2114 ut
1114 2073 1230 2125 fecit,
1254 2073 1344 2129 ipse
1363 2073 1586 2114 deducere.
1630 2071 1788 2114 Exstat

349 2131 396 2172 in
417 2146 511 2173 earn
535 2132 671 2187 legem
694 2133 735 2166 96
749 2132 903 2182 senior,
920 2141 965 2172 ut
984 2132 1044 2172 ita
1066 2131 1221 2182 dicam,
1244 2145 1372 2185 quain
1394 2130 1462 2170 illa
1478 2139 1582 2171 aetas
1604 2128 1783 2182 ferebat,

351 2198 505 2232 Ol‘ath·

389 2356 430 2389 93
453 2353 494 2385 ab
515 2353 741 2384 obtrectatione
761 2353 956 2394 invidiaque,
978 2361 1047 2393 quoe

345 2395 387 2436 5.]
407 2397 458 2427 Sic
477 2407 515 2427 ex
539 2396 591 2427 ed.
608 2396 706 2426 Rom.
723 2395 836 2426 laudat
853 2396 977 2432 Rivius,
992 2405 1048 2425 vo-

347 2437 472 2478 luitque
497 2438 590 2469 edere
617 2439 789 2475 Gruterus,
820 2449 878 2479 pro
912 2438 1048 2477 vulgato

346 2482 490 2518 invidiae,
505 2491 574 2520 quoe
589 2491 613 2511 s.
629 2481 683 2510 sed
696 2490 803 2521 operae
819 2490 885 2511 non
901 2490 1047 2521 paruere.

349 2523 410 2553 Sed
425 2523 471 2553 sic
494 2523 591 2553 habet
608 2524 707 2553 etiam
723 2522 773 2553 ed.
791 2523 879 2553 Med.
896 2523 1045 2562 quaedam

349 2566 449 2595 etiam
476 2566 556 2596 obtr.
576 2570 607 2595 et
633 2566 769 2603 invidia,
793 2565 879 2605 quod
900 2565 1048 2605 sequitur

349 2607 524 2638 Corradus.

392 2652 434 2683 94
456 2659 517 2679 non
541 2651 707 2681 translata
728 2651 805 2687 sint,
821 2650 1050 2681 sed-devene-

348 2691 445 2732 rint]
486 2691 612 2731 Nempe
641 2702 690 2722 res
725 2692 879 2723 dicuntur
912 2692 1049 2723 honeste

349 2733 540 2773 transferri,
565 2740 602 2764 ut
629 2739 842 2772 testamentO,
865 2734 1047 2765 hereditate

349 2777 408 2807 διο.
420 2777 567 2807 devenire
580 2776 679 2806 etiam
694 2787 751 2816 per
766 2778 932 2818 injuriam,
946 2776 1049 2807 malas

348 2823 446 2850 artes.
473 2818 557 2856 Ista,
585 2819 648 2849 int.
673 2818 712 2849 de
738 2820 914 2861 republica.
943 2819 1050 2850 Inter-

349 2862 576 2903 punxiautem
590 2865 665 2903 post
674 2862 749 2893 ista.

566 2176 723 2233 Multa:
757 2189 911 2230 deinde
942 2203 1106 2241 causae3
1138 2188 1211 2230 sed
1241 2188 1303 2228 it¹t
1333 2187 1489 2229 tacitus
1528 2187 1787 2240 tribunatus,

1130 2354 1170 2388 95
1192 2362 1273 2383 nam
1303 2350 1571 2391 ,si—desiderare]
1609 2350 1788 2390 Eleganter

1089 2404 1148 2435 pro
1170 2394 1383 2432 considerare,
1404 2395 1437 2425 in
1463 2404 1508 2430 re,
1531 2403 1604 2433 quae
1624 2393 1665 2423 ad
1679 2394 1790 2433 jactu·

1091 2447 1159 2468 rani
1176 2438 1341 2477 pertinet:
1367 2446 1442 2467 nam
1464 2437 1542 2466 alias
1564 2435 1664 2476 possis
1684 2435 1789 2474 conji-

1091 2490 1161 2510 cere
1174 2479 1348 2519 legendum
1361 2479 1574 2513 considerare,
1587 2482 1625 2508 ut
1635 2482 1712 2508 ante
1726 2483 1788 2509 est.

1089 2522 1150 2552 Sed
1173 2532 1231 2562 pro
1255 2521 1418 2562 quoerendi
1441 2520 1552 2559 scripsi
1574 2520 1728 2560 querendi
1749 2530 1788 2551 ex

1089 2564 1160 2595 cdd.
1176 2564 1263 2595 Med.
1277 2563 1350 2594 Ald.
1378 2563 1472 2602 idque
1497 2566 1575 2592 ante
1602 2563 1790 2602 conjectura

1091 2613 1257 2637 assecutus
1282 2615 1395 2636 eram:
1438 2614 1515 2634 nam
1544 2604 1727 2635 desiderare
1753 2608 1789 2635 et

1091 2651 1194 2688 queri,
1225 2647 1421 2688 respondent
1443 2647 1661 2686 superioribus
1688 2647 1790 2677 consi-

1092 2692 1209 2721 derare
1221 2696 1255 2721 et
1274 2690 1389 2719 dolere.
1433 2689 1493 2719 Est
1507 2690 1575 2718 sine
1597 2688 1695 2719 dubio
1710 2699 1728 2720 e
1744 2689 1791 2719 vi-

1090 2734 1138 2764 tio
1151 2744 1191 2774 01
1186 2744 1210 2762 ε
1214 2741 1320 2762 rarum
1335 2737 1458 2767 ortum,
1473 2740 1539 2761 non
1554 2731 1788 2762 animadverso.

1133 2777 1175 2809 96
1197 2775 1298 2805 oratio
1312 2775 1417 2804 senem
1433 2775 1479 2804 &c
1484 2773 1505 2812 ]
1525 2773 1702 2812 Eleganter
1715 2783 1789 2813 pro,

1092 2827 1163 2858 quae
1174 2817 1327 2848 aseniore
1340 2816 1485 2852 homine,
1500 2825 1598 2854 quam
1611 2821 1683 2847 tum
1696 2816 1793 2848 Cras-

1093 2869 1148 2891 sus
1162 2864 1245 2897 erat,
1259 2859 1380 2900 scripta
1391 2858 1549 2890 videatur.
