1945 3235
401 173 482 208 444
993 167 1281 207 BRUTUS.

404 272 622 315 orationes
641 270 824 328 amplius
841 279 1015 314 centum
1038 272 1357 328 quinquaginta
1374 275 1498 327 (quas
1517 272 1691 327 quidem
1708 272 1850 316 adhuc

406 329 658 380 invenerim,
680 340 724 371 et
756 329 952 385 legerim)
974 340 1018 371 et
1051 331 1207 381 verbis,
1232 339 1276 370 et
1310 330 1434 370 rebus
1465 330 1715 371 illustribus.
1746 331 1849 373 licet

406 402 461 428 ex
485 387 550 428 his
581 387 742 443 eligant
774 402 838 438 ea,
860 402 956 442 quae
982 387 1206 428 notatione
1238 396 1281 427 et
1308 386 1431 427 laude
1460 387 1593 443 digna
1613 388 1723 439 sint3
1753 398 1846 430 om·-

341 454 395 489 66
408 459 481 486 nes
499 446 697 486 oratoria:
722 445 900 485 virtutes
925 445 966 485 in
989 445 1050 485 eis
1072 445 1352 501 reperientur.
1396 443 1497 486 Jam
1520 459 1619 486 vero
1643 445 1845 501 Origines

406 502 500 557 ejus
522 517 649 558 quem
676 502 839 551 florem,
862 511 936 542 aut
959 502 1073 557 quod
1096 502 1238 544 lumen
1263 501 1522 556 eloquentiae
1545 516 1633 543 non
1656 501 1845 544 habent?

408 560 634 600 Amatores
655 559 756 600 huic
775 559 942 608 desunt,
963 559 1089 600 sicuti
1107 559 1356 614 mttltisjani
1380 568 1479 599 ante
1495 559 1661 600 saeculis
1679 569 1723 600 et
1741 558 1845 600 Phi-

365 616 507 658 b.listo
530 617 774 672 Syracusio,
796 625 839 656 et
862 616 942 672 ipsi
965 615 1224 672 Thucydidi.
1278 616 1390 657 Nam
1416 626 1463 657 ut
1485 616 1638 658 horum
1660 616 1844 658 concisis

408 674 646 724 sententiis,
679 673 893 714 interdum
930 673 1061 714 etiam
1090 687 1175 714 non
1211 674 1312 714 satis
1341 674 1499 729 apertis
1529 676 1679 715 ³3cum
1707 674 1847 715 brevi-

406 740 509 781 tate,
542 741 634 771 tum
667 730 802 771 nimio
833 730 1046 781 acumine,
1075 729 1213 771 officit
1244 729 1551 786 Theopompus
1573 731 1758 772 elatione
1780 739 1845 772 at-

403 803 488 843 quc
509 787 736 828 altitudine
757 788 963 829 orationis
995 802 1112 829 suae:
1140 787 1256 842 quod
1281 787 1392 828 idem
1423 788 1558 843 Lysiae
1590 788 1845 830 Demosthe-

405 860 502 896 nes3
525 846 586 886 sic
601 845 780 886 Catonis
803 845 1035 886 luminibus
1057 845 1278 886 obstruxit
1299 843 1393 884 haec
1417 845 1698 900 posteriorum
1721 845 1843 901 quasi

340 911 392 949 (ῖῖ
403 912 667 958 exaggerata
688 903 814 943 altius
833 903 985 943 oratio.
1017 902 1102 943 Sed
1124 910 1167 943 et
1190 902 1233 942 in
1257 901 1411 942 nostris
1432 902 1605 944 inscitia
1625 913 1703 955 est,
1725 902 1844 958 quod

403 960 433 1000 ii
458 959 553 1016 ipsi,
576 961 650 1015 qui
685 961 727 1001 in
753 960 919 1001 Graeeis
949 960 1207 1015 antiquitate
1237 958 1519 1009 delectantur,
1546 973 1680 1014 eaque
1705 960 1843 1001 subti-

401 1017 536 1067 litate,
558 1032 686 1073 quam
710 1015 902 1058 Atticam
933 1017 1165 1074 appellant,
1194 1016 1305 1057 hanc
1329 1016 1371 1056 in
1393 1015 1561 1057 Catone
1590 1019 1632 1048 34
1648 1030 1735 1058 non
1764 1031 1843 1058 no-

400 1085 555 1115 verunt
585 1075 784 1132 quidem:
820 1074 1057 1131 Hyperidae
1085 1074 1236 1115 volunt
1257 1087 1349 1114 esse
1377 1082 1421 1114 et
1455 1073 1613 1129 Lysiae.
1675 1073 1840 1115 Laudo.

399 1132 472 1172 sed
499 1147 575 1174 eur
604 1132 757 1174 nolunt
780 1131 990 1174 Catonis?
1022 1131 1172 1173 Attico
1201 1145 1357 1188 genere
1387 1131 1557 1172 dicendi
1581 1145 1625 1172 se
1654 1131 1842 1189 gaudere

333 1189 563 1231 GSdicunt.
624 1190 848 1247 Sapienter
878 1190 921 1231 id
952 1190 1141 1244 quidem.
1200 1189 1346 1244 Atque
1368 1188 1533 1229 utinam
1556 1189 1841 1240 imitarentur,

395 1249 436 1278 35
447 1262 525 1289 nee
547 1262 643 1289 ossa
665 1247 816 1297 solum,
840 1247 911 1288 sed
934 1248 1064 1288 etiam
1089 1246 1369 1303 sanguinem!
1402 1255 1572 1302 gratum
1595 1256 1660 1287 est
1681 1256 1841 1297 tamen,

393 1306 507 1360 qu‘od
531 1305 694 1346 volunt.
758 1305 847 1346 Cur
869 1305 1001 1360 igitur
1025 1304 1173 1360 Lysias
1201 1313 1246 1345 et
1268 1303 1514 1359 Hyperides
1536 1314 1718 1354 amatur,
1740 1316 1840 1345 eum

391 1362 564 1418 penitus
599 1362 819 1418 ignoretur
863 1362 1004 1404 Cato?
1054 1362 1290 1417 Antiquior
1327 1370 1393 1401 est
1430 1361 1559 1416 hujus
1603 1375 1757 1412 sermo,
1795 1368 1841 1401 et

391 1421 591 1474 quaedam
624 1420 864 1461 horridiora
898 1419 1053 1460 verba:
1086 1419 1148 1460 ita
1176 1419 1292 1460 enim
1327 1427 1417 1458 tum
1456 1419 1757 1474 loquebantur.
1794 1417 1840 1459 id

391 1487 527 1528 muta,
567 1478 681 1531 quod
721 1488 812 1518 tum
851 1477 919 1518 ille
949 1491 1034 1517 non
1075 1476 1231 1532 potuit,
1265 1487 1308 1516 et
1339 1475 1448 1516 adde
1483 1490 1711 1528 numeros,
1741 1475 1839 1516 36et

393 1535 535 1590 aptior
557 1537 613 1575 sit
634 1535 798 1576 oratio:
831 1535 925 1589 ipsa
947 1534 1076 1574 verba
1098 1546 1325 1589 compone,
1356 1541 1399 1573 et
1421 1533 1542 1588 quasi
1564 1540 1840 1589 coagmenta,

392 1592 507 1646 quod
524 1607 576 1632 nc
599 1592 744 1633 Graeci
768 1591 942 1647 quidem
966 1600 1128 1631 veteres
1146 1590 1476 1631 factitaverunt:
1502 1589 1597 1644 jam
1619 1590 1836 1631 neminem

327 1652 378 1688 69
392 1658 626 1705 antepones
652 1648 825 1690 Catoni.
888 1648 1043 1689 Ornari
1066 1648 1306 1689 orationem
1330 1646 1474 1688 Graeci
1498 1656 1667 1703 putant,
1690 1648 1723 1689 si
1742 1661 1837 1688 ver-

392 1706 545 1748 borum
578 1706 952 1748 immutationibus
987 1715 1177 1756 utantur,
1208 1719 1317 1761 quos
1358 1703 1577 1760 appellant
1607 1708 1762 1762 τρόπους,
1791 1712 1839 1746 et.

390 1764 699 1805 sententiarum
727 1764 1020 1819 orationisque
1051 1762 1217 1813 formis,
1238 1777 1335 1817 quae
1360 1770 1519 1803 vocant
1548 1764 1724 1813 σχήμασι.
1745 1774 1834 1804 non

387 1821 618 1863 verisimile
646 1831 725 1873 est,
747 1837 875 1877 quam
910 1821 966 1861 sit
995 1821 1039 1861 in
1070 1830 1252 1876 utroque
1275 1833 1430 1876 genere
1453 1827 1496 1860 et
1524 1818 1673 1860 creber
1695 1825 1739 1859 et
1767 1818 1834 1859 di·

307 1881 372 1930 18
387 1879 569 1920 stinctus
601 1879 728 1920 Cato.
789 1879 884 1921 Nee
914 1893 1014 1919 vero
1039 1878 1207 1934 ignoro,
1238 1877 1431 1917 nondum
1464 1890 1556 1918 esse
1587 1874 1690 1916 satis
1720 1875 1833 1931 poli*

385 1946 477 1977 tum
500 1936 615 1978 hunc
638 1946 866 1987 oratorem,
897 1945 940 1976 et
961 1936 1242 1991 quae1·endum
1263 1948 1354 1975 esse
1384 1933 1545 1990 aliquid
1568 1931 1827 1989 perfectius:

383 1994 545 2050 quippe
567 2009 666 2036 cuin
690 1995 751 2034 ita
763 1995 819 2034 sit
840 1993 893 2034 ad
916 2002 1162 2034 nostrorum
1186 2002 1429 2048 temporum
1453 1991 1663 2032 rationem
1686 1998 1827 2041 vetus,

382 2061 432 2091 ut
455 2052 611 2093 nullius
645 2052 853 2108 scriptum
887 2062 1029 2092 exstet
1061 2051 1241 2106 dignum
1275 2049 1450 2105 quidem
1481 2048 1678 2098 lectione,
1708 2047 1826 2103 quod

382 2108 438 2148 sit
459 2109 693 2165 antiquiUS.
720 2109 793 2150 sed
816 2108 979 2164 majore
1010 2107 1173 2149 honore
1194 2109 1238 2149 in
1271 2106 1473 2147 omnibus
1495 2105 1673 2155 artibus,
1696 2118 1827 2160 quam

316 2165 422 2215 'toin
447 2165 527 2207 hac
549 2181 635 2208 una
655 2166 841 2217 dicendi,
862 2174 1054 2207 versatur
1075 2165 1325 2221 antiquitaS.
1387 2164 1496 2210 Quis
1518 2163 1634 2204 enirn
1660 2175 1828 2214 eorum,

378 2223 452 2278 qui
478 2223 571 2265 haec
601 2223 769 2265 minora
799 2223 1160 2274 animadvertunt,
1183 2236 1271 2263 non
1300 2221 1520 2276 intelligit,
1551 2218 1745 2262 Canachi
1769 2219 1827 2260 si-

378 2295 465 2335 gna
501 2281 707 2337 rigidiora
747 2295 852 2331 esse,
891 2295 1019 2335 quam
1062 2290 1110 2321 ut
1151 2280 1374 2321 imitentur
1410 2278 1665 2319 veritatem?
1697 2275 1826 2318 Cala-

376 2339 503 2379 midis
536 2340 642 2380 dura
672 2338 743 2379 illa
772 2338 961 2393 quidem,
996 2337 1068 2378 sed
1103 2347 1246 2378 tamen
1278 2335 1490 2386 molliora,
1520 2349 1650 2390 quam
1681 2333 1824 2375 Cana-

376 2395 472 2437 chi:
515 2396 708 2437 nondum
749 2395 950 2452 Myronis
993 2395 1095 2436 satis
1127 2395 1181 2436 ad
1219 2394 1448 2435 veritatem
1489 2392 1699 2442 adducta3
1725 2390 1822 2446 jam

375 2462 535 2504 tamen,
572 2468 670 2508 quae
712 2468 799 2494 non
838 2453 1009 2494 dubites
1052 2451 1199 2509 pulcra
1240 2451 1407 2492 dicere:
1441 2449 1655 2506 pulcriora
1687 2448 1822 2490 etiam

377 2508 605 2565 Polycleti,
649 2520 692 2551 et
723 2511 817 2565 jam
851 2511 976 2567 plane
1007 2509 1213 2566 perfecta,
1248 2517 1298 2550 ut
1335 2507 1443 2549 mihi
1474 2506 1648 2562 quidem
1683 2504 1821 2547 videri

373 2567 527 2608 solent.
591 2567 753 2608 Similis
787 2569 832 2608 in
869 2568 1039 2624 pictura
1069 2567 1179 2608 ratio
1215 2574 1303 2608 est:
1336 2566 1382 2606 in
1416 2578 1503 2620 qua
1539 2562 1739 2614 Zeuxim,
1775 2570 1823 2604 et

411 2670 451 2697 23
474 2677 547 2697 cum
577 2668 745 2704 bren-irate,
768 2673 839 2698 tum
867 2669 967 2698 nimio
994 2676 1073 2698 acu·
1114 2671 1233 2697 rentur
1257 2666 1382 2697 ossibus
1408 2669 1444 2696 et
1468 2663 1621 2704 sanguini
1645 2671 1714 2693 non
1735 2662 1821 2694 bene

369 2709 469 2749 mine]
510 2709 591 2740 Haet·
613 2720 672 2750 pro
694 2711 800 2747 glossa
813 2711 905 2741 tollit
917 2710 1072 2748 Budaeus,
1116 2709 1282 2740 convenit.

366 2754 528 2793 probante
546 2752 651 2782 Ririo.
670 2763 728 2782 uec
745 2753 905 2792 displicet.
1158 2751 1199 2782 36
1221 2755 1252 2781 et
1272 2750 1380 2791 aptior
1394 2750 1435 2780 sit
1451 2748 1512 2789 or.]
1539 2747 1603 2778 Ms.
1618 2757 1687 2787 reg.
1706 2751 1746 2778 ut
1760 2755 1818 2787 ap.

407 2797 449 2826 34
470 2804 534 2825 non
561 2799 722 2825 noverunt
759 2795 902 2835 quidem]
948 2795 999 2826 An
1028 2804 1070 2825 ne
1111 2805 1139 2825 s.
1164 2804 1191 2824 0.
1220 2803 1288 2824 non
1321 2793 1417 2823 bene.
1462 2791 1525 2822 Sed
1553 2800 1612 2820 nec
1640 2794 1671 2820 et
1697 2789 1820 2837 placet,

362 2846 434 2867 nov.
446 2848 476 2877 q.
1110 2835 1287 2874 nialimque
1302 2834 1414 2866 deleri.
1431 2834 1541 2874 aptior
1552 2833 1594 2863 sic
1607 2832 1720 2862 oratio.
1765 2832 1819 2862 Sic

404 2882 444 2910 35
467 2889 524 2910 nec
546 2889 614 2910 ossa
637 2880 739 2910 tolum
761 2889 786 2908 s.
803 2888 829 2909 e.
852 2879 1063 2918 sangninem]
1111 2878 1286 2918 respondet
1313 2877 1427 2918 priori,
1455 2881 1494 2906 ut
1515 2874 1611 2905 alteri
1633 2883 1723 2910 mox,
1736 2871 1818 2915 jam

361 2921 501 2954 Videtur
515 2922 650 2954 verbum
673 2921 838 2954 excidisse.
855 2931 933 2954 nam
956 2922 1067 2953 imita-
1110 2921 1272 2952 neminem
1287 2929 1320 2952 a.
1340 2919 1374 2952 C.
1390 2927 1456 2952 non
1467 2922 1498 2950 ct
1501 2916 1583 2959 jam
1597 2926 1631 2949 n.
1643 2925 1676 2948 α.
1696 2916 1731 2947 C.
