1945 3235
607 136 991 186 ORATORUffl.

1448 146 1524 184 6⁶29

87 241 171 289 Est
189 247 305 290 enim
328 245 531 289 vitiosum
553 246 597 289 in
627 247 853 299 sententia,
875 245 909 287 si
931 244 1036 301 quid
1058 244 1305 297 absurdum,
1327 252 1401 288 aut
1423 247 1525 289 alie-

82 319 210 358 num,
229 314 304 348 aut
324 319 409 370 nqn
429 312 618 356 acutum,
640 315 716 347 aut
733 302 1022 346 subinsulsum
1041 311 1129 344 est:
1162 303 1206 344 in
1225 304 1381 368 verbiS,
1402 305 1435 345 si
1459 306 1524 346 in-

82 363 329 427 quinatum,
351 362 386 403 si
402 362 636 417 abjectum,
651 363 683 403 si
706 377 794 404 non
814 370 981 417 aptum,
997 359 1032 400 si
1054 358 1222 423 durum,
1245 361 1279 401 si
1297 360 1426 417 longe
1447 377 1522 419 pe·

81 420 232 462 xitum.
293 420 406 462 Haec
433 420 682 462 vitaverunt
710 419 798 461 fere
817 432 985 469 omnes,
1002 416 1076 472 qui
1098 426 1174 458 aut
1205 417 1343 459 Attici
1371 425 1556 461 nume-8

83 486 250 530 rantur,
279 487 355 519 aut
389 478 541 518 dicunt
568 476 731 519 Attice.
769 476 842 516 sed
882 484 1095 531 quatenus
1131 473 1520 526 value1unt‚⁵sani

77 534 302 598 {duntaxat
324 544 368 576 et
397 535 500 576 sicci
525 534 778 584 habeantur,
801 533 872 574 sed
905 533 980 583 ita,
1004 541 1053 572 ut
1075 530 1316 587 palaestiice
1347 536 1522 589 spatiaii

79 591 131 632 in
153 601 283 648 xysto
312 593 363 634 iis
387 592 527 643 liceat,
549 605 636 632 non
659 591 713 631 ab
746 590 963 647 Olympiis
992 603 1196 630 coronam
1225 598 1393 654 petant.
1417 592 1523 646 uni

83 650 282 705 quamvis
314 659 487 691 careant
516 649 635 689 omni
657 648 780 700 vitio,
802 662 889 690 non
921 656 1021 688 sunt
1041 647 1235 688 contenti
1258 647 1379 702 quasi
1412 648 1525 689 bona

87 707 346 758 valetudine,
376 706 448 747 sed
479 706 605 758 vires,
633 706 829 758 lacertos,
861 704 1114 761 sanguinem
1145 713 1360 760 quaerunt,
1389 720 1524 760 quan-

81 764 184 805 dam
207 764 337 805 etiam
364 763 620 805 suavitatem
650 763 820 805 coloris.
851 777 924 803 eos
938 737 1187 812 imitemur,
1209 762 1242 802 si
1267 776 1522 818 possumus:

83 822 150 862 sin
173 822 328 872 minus,
351 821 445 862 illos
476 822 636 877 potius,
658 821 732 876 qui
761 821 1012 876 incorrupta
1038 819 1221 860 sanitate
1251 829 1364 870 sunt,
1386 821 1522 875 (quod

81 887 149 919 est
169 879 393 936 proprium
423 877 706 930 Atticorum,)
727 893 857 934 quam
879 892 967 929 eos,
988 891 1172 932 quorum
1199 876 1358 918 vitiosa
1385 879 1521 919 abun-

80 936 231 977 dantia
256 945 335 988 est,
358 936 503 1001 quales
532 935 638 977 Asia
656 936 817 977 multos
839 935 952 976 tulit.

1013 935 1145 983 Quod
1166 948 1264 975 cum
1297 934 1519 988 faciemus,
1532 947 1556 981 9

76 993 138 1047 (si
159 995 290 1036 modo
311 994 388 1035 id
378 1008 519 1058 ipsum
538 1008 834 1049 assequemur:
858 1002 925 1035 est
941 993 1058 1036 enim
1080 993 1433 1048 permagnum)
1425 994 1522 1034 imi-

80 1062 236 1103 temur,
266 1051 301 1093 si
342 1051 593 1108 poterimus,
626 1052 815 1116 Lvsiam,
846 1060 890 1091 et
925 1050 1019 1106 ejus
1048 1049 1224 1106 quidem
1264 1050 1521 1092 tenuitatem

80 1109 382 1174 potissimum:
413 1118 478 1150 est
499 1109 615 1151 enim
638 1109 811 1150 multis
802 1123 846 1149 in
868 1108 974 1149 locis
998 1107 1226 1164 grandior.
1261 1109 1333 1149 sed
1355 1108 1457 1163 quia
1477 1118 1521 1150 et

79 1167 268 1222 privatas
300 1166 370 1208 ille
400 1166 637 1232 plerasque,
666 1177 711 1207 et
741 1182 812 1208 eas
843 1165 957 1224 ipsas
986 1166 1095 1216 aliis,
1117 1174 1161 1205 et
1193 1179 1421 1230 parvarum
1456 1181 1520 1207 re-

78 1238 175 1265 rum
213 1224 407 1266 causulas
438 1225 624 1288 scripsit,
666 1224 835 1266 videtur
864 1237 956 1265 esse
986 1223 1195 1278 jejunior,
1231 1224 1438 1278 quoniam
1477 1239 1521 1265 se

78 1281 172 1337 ipse
202 1282 401 1324 consulto
431 1283 484 1324 ad
521 1281 786 1324 minutarum
825 1295 983 1337 genera
1022 1295 1248 1322 causarum
1289 1280 1518 1322 limaverit.

80 1339 212 1386 Quod
241 1340 316 1395 qui
341 1340 402 1381 ita
431 1339 575 1390 faciet,
597 1348 661 1390 ut,
684 1340 718 1381 si
744 1340 893 1396 cupiat
923 1339 1095 1379 uberior
1117 1352 1223 1389 esse,
1246 1353 1332 1379 non
1366 1339 1516 1394 possit,
1530 1350 1566 1398 4

78 1396 289 1438 habeatur
310 1411 411 1438 sane
431 1407 591 1449 orator,
613 1397 686 1437 sed
707 1397 760 1438 de
781 1396 1049 1437 minoribus:
1082 1410 1241 1452 magno
1261 1406 1404 1436 autem
1423 1411 1519 1437 Ola-

78 1455 162 1495 tori
183 1454 314 1495 etiam
337 1455 410 1496 illo
435 1455 566 1496 modo
589 1468 706 1510 saepe
734 1454 965 1495 dicendum
987 1464 1053 1494 est
1075 1453 1116 1493 in
1143 1453 1214 1494 tali
1239 1468 1396 1518 genere
1417 1469 1519 1495 cau-

77 1526 235 1553 sasnul-

74 1584 198 1611 cel'e.

297 1511 366 1553 Ita
394 1511 458 1563 fit,
482 1521 530 1552 ut
554 1511 871 1553 Demosthenes
893 1521 1009 1552 celte
1040 1511 1177 1566 possit
1208 1511 1432 1552 summisse
1453 1512 1519 1552 di-
1534 1525 1582 1557 10

237 1569 349 1611 elate
388 1569 538 1625 Lysias
571 1569 754 1611 fortasse
794 1583 882 1610 non
924 1568 1076 1625 possit.

1136 1568 1253 1610 ⁷Sed
1293 1569 1327 1609 si
1366 1569 1519 1610 eodem

77 1627 208 1670 modo
233 1636 403 1683 putant,
424 1627 617 1669 exercitu
642 1626 685 1667 in
717 1626 812 1668 foro
843 1626 953 1667 etin
984 1625 1186 1667 omnibus
1212 1626 1397 1682 templis,
1421 1642 1518 1682 quae

73 1685 241 1726 circum
264 1685 406 1726 forum
426 1693 540 1736 sunt,
555 1684 783 1734 collocato,
801 1684 887 1725 dici
903 1698 981 1740 pro
1006 1683 1176 1724 Milone
1193 1684 1402 1735 decuisse,
1420 1695 1467 1726 ut
1484 1686 1518 1726 si

75 1743 130 1783 de
151 1757 195 1783 re
217 1743 385 1799 privata
406 1742 460 1784 ad
481 1756 614 1784 unum
631 1742 827 1798 judicem
848 1741 1115 1793 diceremus;
1150 1741 1235 1782 vim
1258 1742 1519 1797 eloquentiae

74 1814 153 1840 sua
174 1799 393 1851 facultate,
418 1814 506 1840 non
532 1800 591 1841 rei
624 1809 792 1851 natura,
820 1800 1074 1840 metiuntur.

1136 1799 1283 1846 Quare
1312 1801 1518 1855 quoniam
1536 1808 1579 1840 11

74 1857 380 1899 nonnullorum
404 1871 541 1898 sermo
556 1857 651 1913 jam
672 1857 905 1908 increbuit,
922 1858 1081 1914 partim
1101 1857 1263 1913 seipsos
1287 1857 1433 1898 Attice
1456 1858 1520 1899 di-

72 1929 185 1967 cere,
210 1916 366 1972 partim
389 1915 606 1957 neminem
627 1924 823 1957 nostrum
853 1915 1020 1957 dicere:
1053 1914 1210 1956 alteros
1232 1915 1520 1971 negligamus.

74 1973 179 2014 satis
200 1973 318 2015 enim
339 1972 407 2014 his
430 1987 495 2014 res
517 1973 612 2029 ipsa
634 1972 880 2029 respondet,
899 1987 999 2014 cum
1021 1982 1096 2013 aut
1121 1987 1208 2013 non
1233 1973 1521 2014 adhibeantur

73 2031 127 2072 ad
152 2046 317 2081 causas,
340 2040 416 2072 aut
443 2030 630 2072 adhibiti
660 2030 948 2071 derideantur.
986 2034 1115 2071 8nam
1152 2030 1187 2071 si
1217 2030 1520 2082 arriderentur,

71 2098 186 2129 esset
220 2089 262 2131 id
296 2089 438 2145 ipsum
465 2086 729 2130 Atticorum.
789 2087 875 2129 Sed
907 2088 981 2144 qui
1015 2088 1102 2129 dici
1142 2103 1167 2128 a
1202 2088 1328 2129 nobis
1368 2087 1652 2144 Atticop,244,

72 2161 193 2188 more
215 2146 385 2196 nolunt,
408 2146 489 2202 ipsi
512 2155 672 2198 autem,
694 2150 715 2181 9
729 2159 774 2187 se
794 2159 883 2187 non
904 2154 1096 2187 oratores
1116 2159 1224 2196 esse,
1239 2145 1518 2201 profitentur;
1532 2156 1560 2177 ³·

69 2204 108 2245 si
139 2213 295 2245 teretes
317 2218 439 2245 aures
471 2202 648 2256 habent,
681 2202 1011 2259 intelligensque
1034 2202 1269 2259 judicium,
1297 2213 1518 2258 tamquam

68 2261 124 2307 ad
148 2262 362 2318 picturam
389 2260 672 2318 probandam,
699 2264 735 2292 ¹0
747 2260 1009 2303 adhibentur
1028 2261 1160 2302 etiam
1182 2261 1307 2302 inscii
1330 2260 1518 2303 faciendi

113 2389 132 2418 5
160 2388 234 2417 suni
257 2387 424 2418 duntaxat
451 2391 483 2417 et
509 2386 598 2427 sicci]
637 2388 690 2419 Sic
717 2386 769 2418 ed.

69 2429 154 2466 Ven.
178 2429 270 2462 Med.
285 2430 381 2460 bene.
405 2439 465 2470 pro
486 2440 514 2461 s.
535 2434 568 2461 ec
591 2430 666 2461 m'cci
687 2430 771 2460 dun-

67 2476 175 2503 tarot.

112 2515 132 2545 6
154 2514 209 2555 qm‘
232 2523 307 2545 cum
327 2514 478 2555 careant]
503 2514 658 2546 Refertur
672 2515 712 2546 ad
734 2514 775 2546 il-

68 2556 118 2587 los
140 2562 287 2588 oratores
310 2557 452 2595 AtticoS,
467 2557 506 2588 de
530 2558 647 2597 quibus
668 2558 772 2588 dixit:

68 2599 124 2630 sed
136 2600 252 2629 vitium
268 2600 355 2630 inest
369 2599 486 2630 verbis.
509 2601 534 2630 C
538 2601 643 2630 ori-exi
657 2610 773 2641 quam-

67 2642 117 2671 vis
129 2651 188 2682 pro
203 2651 276 2671 cum
301 2653 339 2672 ex
353 2641 405 2673 ed.
419 2642 503 2672 Ven.
519 2642 575 2674 Ita
591 2649 704 2673 tamen
720 2650 774 2673 ut-

68 2694 208 2722 cumque
231 2684 373 2724 intelligi
401 2688 521 2725 potest.
566 2685 627 2715 Sed
654 2686 689 2715 in
717 2685 775 2716 illa

67 2726 212 2756 editione
227 2733 295 2756 est·
330 2728 385 2766 qui
398 2737 458 2767 quo
473 2728 564 2758 modo
579 2732 610 2758 et
624 2738 746 2768 quamt-
749 2729 775 2759 is

65 2769 149 2799 c.1n
167 2779 231 2807 quo
247 2767 323 2816 quid
338 2769 441 2800 lateat
457 2770 576 2800 nescio.

110 2814 127 2844 7
154 2810 220 2841 Sed
232 2812 259 2841 si
274 2811 382 2842 eodem
404 2812 510 2852 modo]
540 2812 681 2843 Videtur
696 2812 774 2843 scri-

68 2853 213 2884 bendum
229 2854 255 2883 si
271 2855 338 2893 qui,
354 2858 414 2884 aut
427 2855 494 2894 qui.

109 2899 131 2938 β
155 2905 235 2926 nam
257 2897 284 2927 si
300 2895 546 2938 arriderentur]
565 2897 617 2927 Sic
639 2907 697 2939 pro
720 2908 776 2928 ar-

813 2387 990 2418 rideantur
1001 2387 1161 2418 edidimus
1174 2398 1182 2418 z
1209 2397 1285 2418 nam
1299 2387 1458 2427 sequitur,
1471 2398 1518 2418 es-

813 2435 870 2460 set.
888 2430 953 2461 Ms.
967 2431 1008 2461 V.
1023 2430 1123 2461 habet
1138 2431 1165 2460 si
1180 2430 1346 2467 ridentur,
1361 2430 1448 2470 quod
1469 2438 1520 2461 est

815 2483 833 2503 e
845 2473 1046 2510 riderentur,
1063 2483 1121 2514 per
1136 2473 1365 2513 compendium
1382 2474 1517 2514 scripto.

817 2515 862 2546 Et
876 2515 968 2546 addit
981 2516 1067 2546 idem
1083 2517 1197 2546 etiam.

858 2562 880 2591 9
914 2568 946 2589 se
967 2568 1031 2588 non
1053 2563 1197 2589 oratores
1223 2568 1288 2588 esse
1297 2556 1514 2598 praefitentnr]

816 2599 1003 2632 Deieverim
1019 2611 1094 2632 esse.
1139 2601 1217 2632 Non
1244 2601 1395 2636 dicimus,
1419 2601 1517 2640 proii-

815 2648 890 2673 teor
911 2654 963 2673 me
990 2649 1155 2674 oratorem
1178 2653 1259 2681 esse,
1283 2643 1339 2673 sed
1363 2644 1520 2683 profiteor

816 2695 870 2716 me
885 2692 1062 2716 oratorem.
1088 2687 1149 2716 nisi
1174 2686 1246 2725 quis
1270 2686 1364 2717 malit
1380 2685 1519 2716 scribere

817 2729 1025 2768 corfiteutur.

863 2774 900 2801 lo
912 2771 1122 2810 adhibentur]
1137 2770 1351 2801 scribendum
1367 2775 1417 2800 est
1427 2770 1504 2801 aaliz*
1512 2792 1521 2797 -

817 2813 964 2844 beantur.
1010 2814 1062 2844 Sic
1098 2814 1133 2843 in
1162 2818 1329 2852 sequente,
1358 2813 1443 2851 quod
1471 2821 1521 2845 est

818 2856 894 2886 huic
908 2857 1124 2890 contrarium,
1141 2861 1191 2886 est
1203 2856 1325 2887 dicunt.
1370 2855 1414 2885 Et
1435 2856 1522 2889 soret

818 2899 974 2940 primum,
988 2900 1016 2930 εἰ
1030 2903 1144 2930 teretes
1160 2899 1219 2930 ἃς.
1235 2898 1428 2929 anhusen
