1945 3235
355 172 426 209 196
805 169 885 209 DE
921 169 1300 209 INVENTIONE

355 273 446 326 lege
487 271 651 324 fecerit,
685 273 886 329 proferat.
961 274 1128 315 Deinde
1169 272 1528 329 quemadmodum
1569 272 1613 313 in
1659 286 1777 314 com·

355 329 574 384 paratione
604 331 972 387 praecipiebamus,
1014 342 1057 372 ut
1100 332 1201 372 illud
1241 336 1279 367 9?
1296 331 1408 385 quod
1443 329 1776 385 comparabitur,

351 396 655 428 extenuaretur
691 389 746 429 ab
792 399 1037 429 accusatore
1080 404 1207 443 quam
1246 389 1454 429 maxime:
1506 387 1567 428 sic
1609 386 1652 427 in
1694 386 1776 428 hoe

354 457 509 498 genere
543 446 757 500 oportebit
793 445 902 485 illius
945 446 1129 501 eulpam,
1169 446 1210 486 iu
1244 460 1369 500 quem
1402 444 1562 485 crimen
1599 443 1777 485 transfe-

356 510 485 550 retur,
507 515 605 542 cum
640 501 766 556 hujus
800 502 1026 552 maleficio,
1058 503 1130 557 qui
1155 503 1311 557 sejurc
1337 501 1487 543 fecisse
1512 501 1642 550 dieat,
1660 514 1778 541 eom-

355 571 518 612 parare.
581 558 736 599 Postea
763 558 1141 600 demonstrandmn
1175 570 1252 610 est,
1284 574 1369 599 non
1407 573 1496 599 esse
1534 557 1636 598 illud
1665 556 1778 611 ejus-

355 614 486 665 modi,
511 625 557 655 ut
587 616 644 655 ob
667 615 707 655 id
734 615 813 655 boc
837 615 927 656 fieri
946 619 985 650 98
997 617 1259 657 conveniret.
1319 615 1540 657 Extrema*
1553 623 1632 664 est,
1665 623 1713 655 ut
1734 613 1778 654 in

355 672 689 726 comparatione,
722 673 927 714 assumtio
954 673 1250 727 judicationis,
1273 683 1316 714 et
1348 674 1400 714 de
1421 688 1471 714 ea
1499 686 1574 728 per
1595 670 1777 726 amplifi-

270 721 339 768 98
355 728 568 769 cationcm
590 743 643 768 ex
663 728 980 770 deliberationis
1013 731 1238 786 praeceptis
1259 730 1407 771 dictio.
1469 729 1682 770 Defensor
1703 742 1777 769 au·

294 793 341 827 83
358 794 456 833 tem,
480 800 574 839 quae
610 799 682 840 per
715 785 816 827 alias
845 787 1174 828 constitutiones
1206 787 1475 837 inducentur,
1497 801 1551 827 ex
1584 786 1634 826 iis
1657 785 1776 834 locis,

355 843 426 896 qui
453 842 595 882 traditi
625 853 738 892 sunt,
768 843 1022 885 infirmabit:
1057 845 1189 900 ipsam
1222 854 1364 885 autem
1386 844 1635 885 relationem
1657 856 1776 884 com-

353 899 568 953 probabit,
603 901 786 954 primum
820 901 1016 956 augendo
1047 902 1154 956 ejus,
1196 901 1239 942 in
1273 916 1401 956 quem
1442 900 1570 942 refert
1599 900 1775 950 crimen,

350 955 518 1011 culpam
541 966 584 996 et
613 957 850 1008 audaciam,
884 967 928 997 ct
948 972 1074 1012 quam
1098 958 1286 998 maxime
1315 972 1389 1014 per
1419 957 1775 1013 indignationem,

351 1013 383 1051 si
424 1027 488 1053 res
529 1011 647 1062 feret,
683 1013 837 1067 juncta
879 1014 1200 1069 conquestione,
1235 1026 1333 1055 ante
1371 1015 1516 1056 oeulos
1559 1013 1775 1070 ponendo.

353 1068 509 1110 Postea
530 1069 662 1110 levius
693 1071 1023 1113 demonstrando
1052 1084 1171 1112 reum
1196 1072 1408 1126 punitum,
1430 1076 1470 1106 99
1483 1086 1610 1126 quam
1633 1071 1689 1112 sit
1706 1069 1776 1111 ille

351 1125 621 1180 promeritus,
651 1137 692 1167 et
726 1143 847 1168 suum
882 1129 1140 1185 supplicium
1172 1143 1270 1169 cum
1301 1129 1412 1169 illius
1442 1128 1598 1183 injuria
1626 1127 1774 1169 eonfe-

351 1183 496 1224 rendo.
558 1183 726 1225 Deinde
757 1187 974 1241 oportebit
995 1200 1067 1227 eos
1098 1185 1229 1235 locos,
1251 1186 1324 1241 qui
1347 1185 1407 1227 ita
1427 1193 1552 1226 erunt
1572 1185 1626 1225 ab
1647 1199 1774 1236 aceu-

352 1250 489 1281 satore
510 1243 694 1292 tractati,
718 1253 765 1282 ut
786 1242 934 1293 refelli,
956 1253 1000 1284 et
1029 1243 1285 1284 contrariam
1318 1243 1360 1283 in
1393 1252 1558 1298 partem
1579 1242 1772 1283 converti

352 1298 530 1352 possint,
553 1313 638 1353 quo
660 1299 702 1339 in
723 1313 878 1355 genere
900 1310 998 1341 sunt.
1021 1310 1103 1341 tres
1126 1301 1322 1350 extremi,
1346 1299 1570 1341 contrariis
1591 1298 1770 1340 rationi-

288 1355 337 1388 84
354 1355 429 1395 bus
452 1355 679 1396 infirmare.
743 1356 820 1397 llla
848 1368 988 1398 autem
1021 1357 1226 1398 acerrima
1255 1366 1552 1398 accusatorum
1573 1356 1774 1397 crimina-

351 1412 426 1462 tio,
449 1426 524 1467 per
545 1428 672 1467 quam
698 1415 1060 1468 perturbationem
1085 1414 1174 1455 fore
1205 1414 1396 1455 omnium
1413 1413 1679 1468 judiciorum
1700 1413 1774 1454 de-

349 1479 601 1520 monstrant,
624 1471 658 1510 si
683 1472 734 1511 de
757 1471 1004 1512 indemnato
1023 1471 1220 1527 supplicii
1245 1472 1438 1512 sumendi
1462 1480 1650 1526 potestas
1671 1469 1772 1511 data

347 1525 416 1575 sit,
440 1526 664 1578 levabitur,
698 1528 881 1583 primum
913 1530 945 1569 si
976 1529 1187 1583 ejusmodi
1217 1528 1579 1569 demonstrabitur
1600 1527 1772 1582 injuria,

348 1593 394 1622 ut
415 1598 501 1624 non
530 1584 660 1624 modo
689 1584 778 1625 viro
812 1586 939 1636 bono,
961 1600 1106 1626 verum
1139 1585 1315 1626 omnino
1346 1585 1510 1626 homini
1541 1585 1675 1626 libero
1711 1584 1774 1626 vi-

345 1639 494 1680 deatur
514 1655 601 1681 non
626 1640 755 1682 fuisse
778 1642 1019 1684 toleranda:
1052 1643 1204 1684 deiude
1227 1643 1287 1683 ita
1316 1642 1554 1698 perspicua,
1575 1651 1622 1682 ut
1643 1655 1696 1682 ne
1716 1641 1773 1682 ab

346 1696 439 1751 ipso
466 1698 654 1752 quidem,
688 1699 759 1754 qui
797 1699 982 1750 fecisset,
1017 1701 1060 1741 in
1098 1700 1276 1740 dubium
1320 1708 1568 1740 vocaretur:
1619 1697 1773 1743 deinde

235 1771 265 1802 p.
279 1764 329 1794 73.
344 1753 570 1808 ejusmodi,
594 1765 641 1795 ut
661 1756 702 1795 in
726 1770 819 1796 eam
842 1757 875 1797 is
896 1757 1084 1797 maxime
1105 1757 1301 1798 debuerit
1321 1756 1672 1807 animadvertere,
1694 1754 1777 1810 qui·

301 1811 716 1864 ³·ani1nadverterit3
749 1824 796 1854 ut
827 1828 912 1854 non
946 1824 1034 1855 tam
1064 1823 1242 1864 rectum,
1265 1829 1349 1854 non
1383 1823 1468 1854 tam
1488 1813 1618 1854 fuerit
1638 1812 1771 1854 hone-

342 1877 469 1919 stum,
489 1868 530 1909 iu
547 1869 765 1923 judicium
795 1870 909 1911 illam
943 1885 1031 1912 rem
1061 1885 1296 1926 pervemre,
1317 1885 1518 1926 quam-eo
1540 1870 1685 1921 modo,
1707 1878 1785 1923 at-¹

341 1939 424 1979 que
450 1928 508 1956 ¹0⁰
521 1928 575 1967 ab
604 1941 655 1966 eo
688 1927 909 1978 vindicari,
942 1928 1159 1983 quomodo
1192 1938 1235 1969 et
1264 1944 1289 1968 a
1322 1942 1409 1983 quo
1441 1928 1497 1968 sit
1530 1927 1775 1969 vindicata:-

342 1991 491 2036 postea
520 1983 581 2024 sic
614 1998 702 2024 rem
737 1983 867 2025 fuisse
899 1994 1105 2040 apertam,
1139 1993 1186 2026 ut
1205 1985 1422 2040 judicium
1452 1984 1505 2026 de
1533 1998 1584 2026 ea
1612 1998 1657 2025 re
1678 1982 1779 2025 fieri.

279 2040 328 2079 85
342 2038 449 2079 nihil
467 2040 704 2082 attinuerit.
762 2041 908 2097 Atque
939 2043 1008 2083 hic
1029 2042 1410 2083 demonstrandum
1422 2051 1494 2086 ,est
1514 2041 1768 2091 rationibus,

341 2105 383 2135 et
413 2097 537 2137 rebus
572 2097 798 2148 similibus,
821 2099 1051 2154 permultas
1083 2099 1143 2139 ita
1171 2109 1351 2149 atroces,
1373 2108 1417 2139 et
1439 2098 1682 2154 perspicuas
1705 2111 1770 2138 res

338 2166 442 2203 esse,
467 2162 514 2194 ut
534 2153 586 2193 de
616 2154 682 2194 his
706 2169 790 2195 non
814 2155 942 2196 modo
973 2170 1059 2196 non
1089 2169 1258 2196 neeesse
1281 2155 1349 2205 sit,
1381 2157 1453 2196 sed
1474 2169 1526 2195 ne
1549 2156 1652 2196 utile
1673 2155 1768 2210 qui-

336 2208 449 2261 dem,
475 2213 631 2265 lquam
661 2225 763 2251 mox
789 2211 1006 2266 judicium
1037 2212 1126 2263 fiat,
1149 2223 1413 2269 exspectare.
1477 2211 1616 2253 Locus
1649 2225 1768 2254 com-

375 2342 415 2372 97
429 2339 528 2380 ῼιιοᾱ
535 2341 807 2381 comparabitur]
828 2341 880 2372 Sic
888 2342 1029 2372 ειη-111611·
1073 2342 1135 2373 Sed
1147 2353 1187 2374 ea
1199 2343 1298 2373 lectio
1313 2343 1339 2372 si
1356 2342 1524 2384 probetur,
1546 2342 1589 2373 sit
1609 2340 1770 2378 deleatur,

334 2379 412 2412 dum
431 2391 559 2422 semper
566 2383 725 2423 ,iudicavss
741 2393 799 2423 pro
820 2386 1029 2425 comparabat·
1073 2385 1159 2425 quod
1172 2392 1205 2416 et
1220 2386 1280 2426 ipsi
1296 2385 1414 2425 placet.
1770 2414 1773 2417 .

333 2427 399 2453 tur.
416 2423 499 2454 Ecce
512 2424 544 2454 id
553 2430 602 2454 est
615 2425 649 2454 in
663 2426 751 2455 Cass.
765 2426 825 2456 nisi
840 2428 909 2465 quis
924 2427 1029 2463 malit,
1119 2430 1177 2458 100
1188 2428 1238 2458 Ab
1252 2438 1285 2457 eo
1300 2425 1486 2466 vindicari]
1515 2426 1568 2456 Sic
1590 2434 1648 2466 pro
1663 2424 1770 2455 vindi-

331 2471 591 2504 compararetur‚
619 2467 705 2505 quod
729 2472 778 2498 est
800 2469 842 2507 1111Ι
856 2468 917 2498 Gn.
941 2470 971 2500 2.
997 2475 1030 2499 et
1074 2478 1149 2499 care
1160 2470 1272 2511 scripsi
1285 2480 1302 2500 e
1316 2469 1396 2500 Mss.
1412 2469 1500 2499 Cass.
1514 2469 1576 2498 Gu.
1596 2470 1620 2497 1.
1633 2469 1664 2498 2.
1676 2465 1768 2497 Leid.

332 2506 440 2537 sehon.
455 2518 507 2547 ap.
519 2508 604 2539 Ouzl.
640 2509 684 2539 Et
699 2509 760 2540 hoc
775 2510 842 2551 ipse
869 2511 1028 2550 praetulis-
1073 2511 1150 2547 duo,
1165 2512 1235 2542 edd.
1253 2517 1332 2542 vett.
1355 2510 1450 2551 idque
1464 2515 1500 2541 et
1518 2513 1691 2540 contextus
1710 2518 1772 2549 po-

330 2557 411 2585 sem,
436 2550 496 2579 uisi
511 2551 714 2589 ὁμοιατέλευτα
728 2552 946 2592 displicerent.
1075 2554 1189 2584 stulat.
1391 2588 1395 2592 .

373 2594 412 2623 98
435 2591 647 2632 (hm-murel]
683 2594 844 2624 Vitiosum
869 2595 931 2625 hoe
956 2596 1026 2634 qui-
1120 2599 1130 2626 1
1160 2595 1253 2636 Quin
1276 2603 1349 2625 mox
1366 2593 1535 2635 judicium·
1552 2593 1649 2636 fiat]
1679 2593 1768 2634 Quid

330 2631 404 2662 dem
430 2640 492 2663 est:
521 2642 577 2665 aut
600 2637 783 2666 convenerit
807 2637 1028 2675 scribendum,
1072 2636 1124 2667 hic
1151 2639 1190 2668 fit
1215 2637 1385 2677 vulgatum
1412 2637 1488 2676 quin
1491 2637 1576 2678 fiat,
1596 2645 1693 2667 nemo
1719 2635 1768 2666 di-

329 2681 388 2705 aut
402 2678 579 2706 cont-enias.
1071 2683 1134 2710 cat.
1186 2680 1284 2710 Haud
1310 2683 1507 2709 cunctanter
1533 2678 1631 2715 edidi,
1667 2687 1767 2718 quam

369 2721 411 2750 99
438 2717 552 2758 ‚Quam
578 2720 620 2749 sit
636 2721 689 2749 ille
706 2720 928 2759 promeritum]
958 2720 1024 2750 Ou-
1073 2722 1230 2763 moxfinc.
1286 2721 1338 2751 Sic
1351 2726 1401 2751 est
1426 2731 1485 2761 pro
1505 2720 1600 2752 Rosc.
1619 2720 1713 2751 Com.
1740 2722 1768 2750 1.

328 2758 423 2789 dend-
439 2759 473 2790 in
487 2760 565 2791 Mss.
576 2762 709 2800 optimis
724 2763 856 2802 reperit,
872 2772 970 2802 quam
986 2764 1028 2792 sit
1071 2768 1224 2803 exspecto,
1253 2772 1352 2803 quam
1380 2773 1453 2794 moa:
1484 2764 1616 2796 Chaerea
1635 2763 1696 2792 hac
1711 2770 1768 2792 ra-

326 2802 416 2831 illt'us
435 2811 498 2841 pro
521 2804 656 2840 meritis,
682 2805 768 2843 quod
791 2804 887 2843 plane
915 2815 1026 2834 verum
1071 2806 1157 2837 tione
1171 2810 1297 2837 utatur.

321 2842 468 2881 judicat:
497 2852 610 2885 estque
631 2845 734 2887 plane
762 2847 1026 2878 Ciceronianum.

1932 1584 1945 1657 (-<..-
