1945 3235
604 102 793 140 LIBER
821 102 1098 141 TERTIUS.
1511 108 1585 142 421

136 218 188 257 ae
210 205 409 260 delectet,
430 206 538 249 nihil
559 221 660 248 sane
681 206 821 263 egisse
843 206 1054 247 videatur.
1101 206 1224 248 Nihil
1247 218 1311 249 est
1332 216 1476 250 autem
1499 217 1588 249 tam

136 275 373 321 cognatum
414 265 633 306 mentibus
674 264 848 315 nostris,
887 279 1018 319 quam
1060 264 1227 304 numeri
1267 274 1395 320 atque
1433 280 1587 318 voces3

135 324 295 378 quibus
317 332 360 364 et
382 322 639 373 excitamur,
661 331 705 363 et
735 321 1021 373 incendimur,
1044 329 1087 361 et
1117 321 1316 373 lenimur,
1338 331 1382 362 et
1410 322 1589 378 langue-

138 382 313 431 scimus,
346 389 390 421 et
431 380 483 421 ad
519 380 794 429 hilaritatem,
835 387 880 419 et
909 379 962 419 ad
1002 378 1224 419 tristitiam
1258 393 1372 433 saepe
1414 379 1591 420 deduci-

133 451 256 480 mur:
300 440 535 493 71quorum
575 437 645 477 illa
684 450 851 477 summa
882 437 948 477 vis
981 436 1245 477 carminibus
1276 445 1342 476 est
1372 436 1515 491 aptior
1547 445 1592 477 et

136 496 350 546 cantibus,
382 510 469 536 non
500 494 712 550 neglecta,
735 503 783 534 ut
813 493 921 534 mihi
945 494 1129 544 videtur,
1152 508 1177 534 a
1201 493 1361 544 Numa,
1382 507 1484 549 rege
1514 494 1592 534 do-

135 553 344 604 ctissimo,
367 552 689 607 majoribusque
720 551 894 602 nostris,
927 560 975 592 ut
1005 551 1227 607 epularum
1261 550 1517 592 sollennium
1541 551 1593 591 fi-

135 610 210 651 des
232 626 282 651 ac
305 609 440 659 tibiae‚
464 609 764 664 Saliorumque
796 622 940 649 versus
972 609 1193 661 indicant;
1224 609 1415 650 maxime
1446 617 1593 649 autem

135 682 160 708 a
180 667 353 709 Graecia
375 676 517 708 vetere
539 666 769 707 celebrata.
832 666 1004 712 Quibus
1028 667 1194 707 utinam
1218 666 1516 721 similibusque
1538 666 1592 707 de

133 726 261 766 rebus
292 724 518 779 disputari,
541 739 670 779 quam
702 725 755 765 de
786 724 1022 780 puerilibus
1055 724 1120 764 his
1153 725 1382 765 verborum
1412 723 1592 768 transla-

134 782 325 823 tionibus
347 781 630 823 maluissetis!
666 782 841 833 V·,e1um
865 790 913 822 ut
938 797 980 822 111
1005 796 1128 823 versu
1153 782 1323 838 vulgUS‚
1347 782 1380 822 si
1404 791 1468 823 est
1490 796 1590 838 pec·
1605 787 1679 823 193

132 850 294 891 catum,
317 839 459 881 videt:
493 841 567 891 sic,
592 840 625 880 si
649 840 790 894 quid
782 855 825 880 in
856 850 1005 880 nostra
1026 839 1221 880 oratione
1228 814 1473 891 claudicat,
1496 854 1591 880 sen-

135 896 202 938 tit.
232 898 304 938 sed
337 897 483 953 poetae
514 912 601 938 non
634 896 838 954 ignoscit,
866 898 993 938 nobis
1019 897 1245 940 concedit:
1279 897 1411 939 tacite
1444 907 1590 939 tamen

131 969 283 996 omnes
315 969 401 996 non
427 970 518 996 esse
550 955 669 1006 illud,
701 955 818 1010 quod
849 955 1057 1005 diximus,
1081 964 1232 1010 aptum
1264 954 1636 1011 perfectumqueb

130 1022 329 1054 cernunt.
392 1012 546 1069 Itaque
579 1013 639 1053 illi
673 1023 851 1063 veteres,
886 1013 999 1053 sicut
1033 1012 1163 1053 bodie
1195 1012 1327 1053 etiam
1360 1013 1592 1054 nonnullos

133 1070 344 1121 videmus,
367 1086 466 1112 cum
490 1070 720 1112 circuitum
743 1080 787 1110 et
805 1070 926 1126 quasi
951 1071 1099 1111 orbem
1125 1071 1352 1111 verborum
1378 1070 1593 1112 conficere

132 1143 219 1169 non
254 1138 446 1185 possent,
477 1133 595 1181 (nam
628 1128 670 1169 id
697 1128 873 1183 quidem
902 1142 1041 1184 nuper
1074 1127 1141 1169 vel
1174 1142 1312 1184 posse,
1339 1127 1404 1169 vel
1437 1128 1594 1170 audere

131 1187 385 1243 coepimus,)
419 1188 605 1237 72‘terna‚
639 1196 713 1226 aut
754 1186 870 1236 bina,
907 1196 982 1226 aut
1020 1177 1218 1226 nonnulli
1257 1185 1429 1242 singula
1461 1186 1595 1227 etiam

131 1247 264 1286 verba
292 1244 521 1286 dicebant:
554 1243 628 1299 qui
660 1244 756 1284 73in
790 1243 861 1284 illa
892 1243 1077 1284 infantia
1100 1243 1300 1295 naturali,
1333 1243 1454 1294 illud,
1476 1244 1596 1299 quod

131 1317 254 1344 aures
285 1301 513 1343 hominum
546 1301 820 1357 flagitabant,
845 1301 1083 1342 tendebant
1106 1310 1266 1352 tamen,
1290 1314 1337 1342 ut
1359 1310 1402 1342 et
1435 1300 1506 1342 illa
1528 1316 1594 1342 es-

131 1369 227 1401 sent
266 1360 401 1416 paria,
435 1374 532 1415 quae
567 1359 775 1412 dicerent,
808 1368 852 1400 et
891 1359 1131 1415 aequalibus
1165 1358 1593 1416 interspirationibus

130 1427 368 1459 uterentur.

188 1475 385 1540 Exposui
409 1475 512 1526 fere,
536 1484 584 1516 ut
614 1476 754 1531 potui,
776 1490 875 1531 quae
906 1475 1099 1516 maxime
1130 1476 1183 1517 ad
1206 1483 1407 1518 ornatum
1429 1476 1590 1522 oratio·
1605 1472 1673 1521 52

129 1533 195 1575 nis
227 1535 443 1590 pertinere
474 1533 729 1574 arbitrabar.
792 1532 900 1575 Dixi
931 1533 1047 1574 enirn
1079 1534 1132 1577 de
1164 1533 1435 1591 singulorum
1463 1534 1590 1577 laude
1607 1546 1681 1580 199

129 1593 376 1643 verborum,
413 1591 505 1632 dixi
545 1590 597 1632 de
634 1591 946 1656 conjunctione
981 1606 1146 1656 eorum,
1183 1592 1277 1633 dixi
1317 1592 1370 1632 de
1409 1606 1591 1633 numero

129 1659 259 1705 atque
282 1649 435 1690 foi-‚ma
498 1648 582 1689 Sed
614 1649 648 1689 si
680 1649 879 1690 habiturn
902 1649 1112 1690 orationis
1134 1650 1282 1701 etiam,
1305 1659 1349 1690 et
1371 1649 1492 1704 quasi
1516 1665 1593 1691 co-

129 1706 265 1748 lorem
295 1707 482 1762 aliquem
515 1707 746 1762 requiritis,
771 1715 837 1748 est
867 1715 910 1747 et
941 1706 1069 1763 plena
1099 1682 1317 1764 quaedarii,
1347 1707 1421 1748 sed
1446 1716 1591 1749 tamen

128 1773 267 1806 teres:
300 1774 344 1805 et
366 1764 521 1815 tenuis,
541 1779 627 1805 non
652 1765 743 1805 sine
765 1764 906 1806 nervis
930 1779 980 1805 ac
1004 1765 1194 1807 viribus:
1219 1774 1262 1807 et
1283 1780 1348 1816 ea,
1371 1780 1470 1821 quae
1495 1781 1592 1822 par-

128 1823 265 1878 ticeps
289 1822 560 1886 1111111511116Β
536 1823 702 1863 o·eneris
726 1823 912 1878 quadam
932 1823 1236 1864 mediocritate
1254 1823 1468 1865 laudatul.
1504 1823 1589 1865 His

127 1880 266 1921 tribus
300 1879 449 1936 figulis
482 1880 666 1930 insidere
697 1881 874 1935 quidam
907 1881 1162 1932 venustatis,
1194 1896 1283 1922 non
1313 1880 1415 1923 fuco
1439 1881 1587 1933 illitus,

128 1938 198 1979 sed
225 1954 253 1979 s
247 1938 434 1994 inguine
463 1928 644 1979 diffusus
668 1938 797 1979 debet
818 1937 951 1980 color.
1011 1938 1124 1979 Tum
1147 1939 1334 1994 denique
1363 1939 1490 1980 nobis
1514 1938 1586 1981 hic
1598 1937 1680 1978 200

127 2005 274 2039 oratoi
293 1972 703 2051 itaconfoimandus
726 2006 791 2037 est
812 2006 856 2037 et
872 1996 1013 2047 verbis
1037 2005 1080 2037 et
1099 1997 1340 2054 sententiis,
1359 2005 1406 2037 ut
1410 2011 1586 2053 ,quem-

127 2053 362 2115 admodum
384 2053 458 2131 qui
492 2049 672 2105 utuntur
702 2054 831 2095 armis
861 2065 937 2111 aut
969 2043 1185 2113 palaestra,
1216 2070 1303 2101 non
1334 2048 1475 2105 solum
1501 2055 1586 2098 sibi

877 2186 916 2220 lis
945 2185 1092 2226 infantia
1122 2191 1173 2221 est
1199 2187 1386 2221 communis
1415 2187 1585 2225 omnibus,

123 2184 274 2226 prqfecta
300 2190 357 2216 est.
402 2186 465 2218 Sed
487 2196 564 2226 curn
592 2195 658 2221 non
686 2185 832 2227 placeret

877 2229 1025 2260 nondum
1042 2234 1114 2260 arte
1135 2234 1170 2259 et
1184 2229 1422 2267 exercitatione
1439 2230 1584 2262 sublata.

127 2234 254 2259 natura
269 2233 408 2266 moveat,
422 2238 591 2259 correxere
604 2233 776 2259 natu-ram.

170 2274 207 2305 71
233 2281 372 2311 quorum
396 2273 456 2301 illa
470 2281 602 2305 summa
627 2271 689 2311 vis]
716 2270 832 2301 Paullo

127 2313 240 2345 durius
263 2318 313 2344 est
335 2324 487 2354 quorum,
503 2324 578 2345 cum
594 2314 667 2352 jam
691 2319 769 2344 ante
789 2313 833 2344 sit

129 2356 168 2386 (le
190 2357 304 2388 iisdem
322 2357 455 2388 vocibus
470 2367 507 2387 ac
523 2357 682 2393 numeris,
706 2357 832 2396 quibus.

130 2399 193 2429 Sed
207 2399 328 2430 similia
343 2399 495 2439 exempla
508 2399 588 2429 mihi
606 2399 718 2429 videor
732 2399 766 2428 in
782 2398 833 2428 his

127 2441 299 2479 rhetoricis
320 2447 354 2472 et
379 2441 614 2482 philosophicis
634 2441 833 2481 disputatio-

128 2484 224 2514 nibus
247 2485 412 2525 reperisse.
457 2483 695 2523 Accipiendum
719 2489 832 2514 autem

128 2530 179 2556 est
194 2536 266 2566 pro,
281 2527 338 2557 sed
358 2536 469 2557 eorum
485 2536 510 2556 s.
526 2537 557 2556 v.
572 2531 612 2557 ut
634 2535 735 2567 supra.
756 2526 786 2563 1,
806 2529 833 2556 1.

128 2578 229 2609 quam
241 2579 329 2609 spem
343 2571 452 2600 consil.
470 2570 529 2600 δίο.

172 2613 212 2645 72
235 2611 537 2651 terna—dicebant]
563 2612 626 2642 int.
651 2621 724 2652 quae
751 2611 832 2642 alias

131 2653 278 2684 membra
291 2658 325 2684 et
337 2654 440 2685 innisa
453 2655 621 2685 dicuntur.

173 2699 213 2730 73
235 2696 271 2726 in
297 2697 358 2727 illa
383 2696 530 2737 infantia
553 2697 720 2733 naturali,
748 2697 837 2727 illud

131 2738 206 2777 δια]
232 2738 382 2769 Pearcius
399 2751 416 2770 e
440 2740 519 2770 Mss.
542 2739 670 2770 duobus
692 2743 751 2769 aut
773 2739 835 2770 tri-

132 2780 194 2810 bus
208 2780 310 2811 edidit
333 2784 490 2812 naturale
505 2783 611 2815 intui,-
635 2781 723 2820 quod
737 2781 834 2812 facile

132 2822 275 2853 arrideat
289 2823 406 2855 leviter
419 2824 555 2856 videnti·
601 2824 662 2855 Est
676 2824 779 2854 etiam
800 2825 835 2854 in

131 2865 195 2896 Ms.
211 2865 250 2898 E.
281 2865 353 2907 Ego
368 2867 540 2908 vulgatum
555 2875 661 2900 serve·
679 2867 834 2899 Natura-

878 2271 1063 2309 Natnrale,
1089 2271 1177 2312 quod
1204 2272 1348 2311 intelligi
1377 2277 1500 2312 potest,
1525 2278 1586 2305 aut

876 2313 950 2344 vult
967 2314 1134 2351 Peardus,
1145 2318 1196 2345 est
1211 2314 1245 2344 in
1260 2315 1380 2351 νει-1115,
1395 2315 1480 2355 quod
1488 2325 1588 2346 aures

867 2355 1052 2396 flagitant.
1099 2357 1163 2392 Sed
1185 2366 1244 2397 pro
1259 2357 1585 2396 x⁷iilgato'teneb14nt‚

876 2399 963 2437 quod
985 2408 1065 2430 sane
1090 2399 1246 2439 explicari
1264 2398 1436 2432 commode
1461 2405 1585 2440 potest,

877 2451 916 2471 ex
930 2441 1003 2472 edd.
1020 2452 1069 2482 pr.
1091 2442 1223 2473 restitui
1239 2443 1426 2479 tendebant,
1441 2444 1464 2474 i.
1478 2443 1586 2473 effice-

878 2493 912 2513 re
940 2485 1168 2515 conabantur:
1204 2484 1291 2524 quod
1328 2485 1404 2515 huic
1433 2485 1507 2515 loco
1533 2490 1585 2516 est

877 2527 1099 2566 aptissimum.
1144 2527 1217 2558 Neo
1235 2533 1305 2559 tam
1329 2527 1425 2560 facile
1449 2529 1520 2567 quis
1537 2533 1585 2559 te-

874 2570 996 2599 nebant
1011 2574 1121 2600 mutet
1136 2569 1170 2599 in
1186 2571 1373 2605 tendebant,
1390 2581 1487 2610 quam
1503 2581 1584 2601 con-

875 2616 940 2642 tra.
995 2612 1108 2642 Prima
1136 2613 1287 2644 tenebant
1316 2612 1416 2644 habet
1445 2613 1583 2644 Mediol.

876 2664 949 2692 quae
975 2653 1056 2685 alias
1080 2655 1130 2686 ed.
1146 2665 1172 2685 s.
1190 2654 1213 2685 1.
1228 2661 1263 2685 et
1283 2666 1312 2686 a.
1335 2655 1495 2695 sequitur.
1542 2656 1582 2686 In

876 2696 927 2726 ed.
944 2696 1034 2737 Lips.
1051 2701 1103 2728 est
1119 2698 1379 2745 perpendebant,
1395 2700 1504 2728 nescio
1519 2707 1583 2728 un

877 2738 940 2776 de;
964 2739 1020 2769 scd
1037 2739 1069 2769 id
1082 2749 1143 2780 pro
1160 2740 1364 2771 correctione
1380 2741 1436 2770 ads
1438 2742 1583 2780 criptum

878 2782 984 2856 rgpe‘gi
1010 2792 1031 2812 a
1055 2792 1158 2815 manu
1171 2782 1270 2815 docta
1291 2783 1326 2814 in
1340 2782 1492 2824 exemplo
1507 2792 1582 2814 mee

877 2834 895 2854 e
975 2834 1019 2857 sc.
1037 2827 1064 2857 1.

794 2915 916 2952 ses
