1945 3235
713 143 989 183 BRUTUS.
1496 148 1571 184 491

129 247 333 292 briorem.
407 248 624 291 Praeterea
664 248 878 306 perfectus
918 247 962 288 in
992 246 1161 298 litteris,
1197 247 1395 305 jurisque
1436 249 1574 290 civilis

119 305 215 364 jam
238 323 263 349 a
286 317 406 365 patre
421 307 642 350 Aculeone
662 307 861 348 traditam
886 306 1026 346 tenuit
1047 304 1337 360 disciplinam.
1398 306 1663 363 Reliqui265

127 375 241 417 sunt,
264 366 338 422 qui
358 366 515 406 mortui
541 365 640 417 sint,
670 365 719 406 L.
741 363 1001 419 TorquatuS,
1024 376 1152 417 quem
1185 372 1228 402 tu
1259 377 1344 403 non
1364 374 1451 404 tam
1486 366 1576 405 cito

126 422 344 464 rhetorem
366 423 563 474 dixisses,
587 422 686 475 (etsi
708 436 796 462 non
820 421 965 461 deerat
996 420 1170 470 oratio,)
1193 434 1339 475 quam,
1362 431 1410 461 ut
1429 421 1574 462 Graeci

124 479 291 532 dicunt,
312 484 495 522 πολιτικόν.
557 479 691 520 Erant
714 480 756 519 in
783 493 833 519 eo
856 478 1053 535 plurimae
1088 477 1260 528 litterae,
1293 491 1369 518 nec
1392 492 1453 518 eae
1486 479 1578 519 vul-

127 552 265 594 gares,
288 539 360 579 sed
385 537 606 578 interiores
626 536 824 592 quaedam
842 546 885 576 et
900 536 1157 577 reconditae:
1189 535 1337 576 divina
1357 536 1578 586 memoria,

126 610 294 637 summa
317 596 541 636 verborum
563 604 606 634 et
628 594 832 650 gravitas,
855 602 898 634 et
919 594 1149 649 elegantia.
1172 602 1301 647 atque
1321 593 1413 634 haec
1432 593 1580 634 omnia

125 653 227 694 vitae
241 653 474 694 decorabat
486 654 525 685 78
536 650 725 708 dignitas
740 662 782 692 et
794 651 1036 708 integritas.
1062 651 1141 691 Me
1154 650 1328 706 quidem
1343 650 1578 691 admodum

125 706 368 753 delectabat
389 710 521 750 etiam
541 708 712 760 Triarii,
737 710 778 750 in
811 709 883 750 illa
914 719 1058 759 aetate,
1084 708 1208 764 plena
1228 708 1432 749 litteratae
1456 721 1578 748 sene-

123 768 255 809 ctutis
278 766 432 808 oratio.
457 778 620 822 quanta
642 768 844 808 severitas
869 767 911 806 in
932 766 1074 807 vultu!
1108 775 1319 821 quantum
1344 766 1512 822 pondus
1533 766 1576 806 in

123 825 284 866 verbis!
318 840 448 880 quam
482 825 590 866 nihil
624 840 708 866 non
733 825 1053 866 consideratum
1083 824 1234 865 exibat
1257 838 1311 864 ex
1336 824 1430 865 ore!
1463 822 1574 864 Tum
1587 832 1685 867 266.

124 881 301 933 Brutus,
324 881 534 938 Torquati
558 893 601 923 et
619 882 773 924 Triarii
798 883 1018 923 mentione
1040 891 1301 932 commotus,
1324 886 1576 937 (utrumque

122 940 239 981 enim
281 954 429 981 eorum
474 941 707 982 admodum
749 941 994 991 dilexerat‚)
1046 940 1126 980 Nae
1167 954 1265 996 ego,
1309 939 1465 994 inquit,
1508 943 1576 992 (ut

123 998 323 1040 omittam
345 1007 502 1050 cetera,
526 1014 623 1056 quae
659 1009 758 1040 sunt
788 997 1154 1048 innumerabilia)
1190 999 1243 1038 de
1279 997 1372 1038 istis
1406 997 1575 1038 duobus

123 1071 222 1097 cum
246 1056 410 1112 cogitO,
442 1056 582 1108 doleo,
616 1056 723 1098 nihil
751 1067 868 1097 tuam
903 1066 1155 1112 perpetuam
1186 1056 1490 1096 auctoritatem
1524 1055 1576 1096 de

123 1128 230 1170 pace
254 1115 455 1157 valuisse!
488 1129 589 1155 nam
624 1129 701 1155 nec
731 1114 835 1156 istos
867 1114 1126 1155 excellentes
1160 1114 1288 1162 viros,
1313 1127 1391 1153 nec
1417 1112 1575 1154 multos

122 1171 229 1213 alios
253 1182 505 1229 praestantes
529 1173 644 1213 cives
665 1172 908 1232 respublica
931 1172 1201 1228 perdidisset.
1264 1171 1489 1221 Sileamus,
1511 1171 1576 1211 in-

121 1244 266 1285 quam,
292 1229 440 1281 Brute,
463 1230 515 1271 de
535 1230 642 1281 istis,
665 1234 705 1263 79
720 1244 772 1270 ne
795 1245 1029 1286 augeamus
1053 1229 1261 1270 dolorem.
1284 1243 1382 1270 nam
1403 1237 1446 1268 et
1463 1243 1574 1284 prae-
1587 1245 1617 1278 b.
1647 1250 1652 1254 »

122 1288 349 1329 teritorum
373 1288 613 1329 recordatio
629 1297 693 1328 est
715 1289 885 1339 acerba,
908 1298 951 1328 et
973 1288 1169 1329 acerbior
1186 1287 1458 1342 exspectatio
1477 1286 1574 1326 reli-

120 1360 320 1401 quorum.
382 1344 536 1402 Itaque
559 1346 810 1386 omittamus
842 1346 1002 1401 lugere,
1036 1354 1080 1386 et
1111 1354 1295 1395 tantum,
1320 1344 1423 1400 quid
1455 1344 1573 1399 quis-

120 1418 204 1458 que
226 1403 410 1444 dicendo
433 1404 637 1460 potuerit,
660 1403 885 1459 (quoniam
911 1404 952 1445 id
975 1403 1245 1459 quaerimus,)
1269 1401 1569 1458 praedicemus.

120 1461 231 1509 Sunt
253 1462 381 1502 etiam
403 1476 456 1502 ex
482 1461 547 1512 iis,
570 1463 643 1517 qui
667 1462 819 1503 eodem
854 1461 963 1503 bello
987 1460 1254 1512 occiderunt,
1279 1459 1346 1501 M.
1373 1459 1569 1511 Bibulus,
1583 1455 1653 1511 77

118 1520 193 1574 qui
216 1528 259 1560 et
291 1519 555 1575 scriptitavit
588 1530 801 1570 accurate,
822 1534 922 1560 cum
957 1520 1195 1580 praesertim
1221 1533 1306 1558 non
1335 1528 1447 1558 esset
1475 1532 1569 1559 ora-
1581 1528 1660 1568 267

122 1576 204 1632 tor,
227 1587 270 1618 et
291 1577 383 1633 egit
405 1576 541 1617 multa
563 1586 836 1618 constanter:
870 1576 1040 1634 Appius
1065 1575 1288 1627 Claudius,
1315 1589 1436 1616 socer
1455 1584 1569 1626 tuus,

120 1635 288 1691 collega
318 1644 361 1675 et
395 1634 618 1675 familiaris
655 1649 801 1687 meus3
834 1634 905 1675 hic
930 1636 1024 1691 jam
1047 1645 1090 1675 et
1123 1635 1224 1675 satis
1258 1633 1490 1685 studiosus,
1526 1641 1571 1674 et

118 1693 243 1733 valde
276 1707 374 1733 cum
399 1692 568 1743 doctus,
608 1702 698 1733 tum
735 1693 867 1734 etiam
903 1692 1165 1733 exercitatus
1200 1702 1358 1742 orator,
1392 1700 1436 1732 et
1469 1706 1570 1732 cum

117 1750 350 1806 auguraliS,
375 1760 465 1791 tum
489 1751 629 1791 omnis
670 1751 833 1806 publici
864 1750 992 1806 juris,
1015 1749 1386 1805 antiquitatisque*
1409 1757 1570 1791 nostrae

117 1807 228 1850 bene
253 1808 413 1864 peritus
437 1807 534 1850 fuit.
597 1808 646 1849 L.
672 1808 893 1850 Domitius
927 1808 1043 1849 nulla
1065 1807 1134 1849 ille
1159 1807 1334 1863 quidem
1367 1817 1472 1858 arte,
1495 1806 1568 1847 sed

118 1865 251 1918 latine
282 1875 442 1916 tamen,
474 1876 517 1906 et
552 1867 689 1907 multa
720 1882 820 1908 cum
850 1866 1049 1907 libertate
1082 1866 1269 1907 dicebat.
1334 1864 1434 1906 Duo
1458 1877 1658 1921 pree-263

118 1933 235 1965 terea
253 1923 422 1965 Lentuli
441 1923 700 1976 consulares,
721 1939 903 1980 quorum
931 1923 1111 1964 Publius
1134 1923 1218 1975 ille,
1238 1932 1480 1964 nostrarum
1504 1923 1570 1963 in-

109 1982 324 2041 juriarum
348 1981 476 2035 ultor,
507 1992 657 2023 auctor
694 1982 856 2033 salutis,
891 1981 1101 2037 quidquid
1138 1981 1306 2031 habuit,
1337 1989 1570 2036 quantum-

116 2054 303 2095 cumque
335 2039 433 2091 fuit,
467 2041 508 2070 80
524 2039 627 2082 illud
661 2049 802 2081 totum
836 2040 990 2081 habuit
1022 2054 1076 2080 ex
1111 2038 1365 2096 disciplina:
1411 2039 1570 2078 instru-

115 2107 263 2139 menta
293 2107 459 2140 naturae
483 2098 685 2140 deerant:
720 2099 792 2140 sed
825 2108 971 2139 tantus
995 2098 1127 2139 animi
1149 2097 1364 2153 splendor,
1382 2105 1425 2137 et
1448 2103 1571 2137 tanta

114 2156 388 2212 magnitudo,
421 2165 471 2197 ut
504 2156 586 2197 sibi
620 2156 782 2207 omnia,
805 2171 903 2212 quae
940 2155 1153 2197 clarorum
1174 2155 1378 2196 'virorum
1409 2163 1567 2206 essent,

114 2227 202 2254 non
232 2214 452 2255 dubitaret
486 2214 739 2265 adsciscere,
761 2228 897 2270 eaque
931 2214 1049 2255 omni
1084 2213 1300 2270 dignitate
1333 2212 1566 2253 obtineret.

116 2269 166 2322 L.
190 2281 334 2312 autem
362 2270 569 2313 Lentulus
598 2271 701 2313 satis
735 2282 828 2313 erat
850 2271 975 2313 fortis
1000 2281 1160 2323 orator,
1183 2271 1215 2312 si
1251 2270 1381 2311 modo
1405 2278 1566 2320 orator,

114 2328 185 2370 sed
212 2329 435 2385 cogitandi
459 2344 544 2371 non
578 2329 743 2370 ferebat
767 2329 975 2371 laborem.
1000 2344 1087 2371 vox
1120 2343 1292 2379 canora,
1315 2328 1447 2369 verba
1478 2341 1567 2369 non

113 2385 288 2428 horrida
310 2401 425 2437 sane,
447 2396 492 2428 ut
516 2387 641 2444 plena
662 2397 773 2428 esset
795 2388 926 2428 animi
950 2396 994 2428 et
1015 2387 1189 2429 terroris
1211 2386 1376 2427 oratio:
1400 2399 1566 2440 quaere-

113 2459 178 2484 res
201 2444 438 2500 injudiciis
471 2444 651 2486 fortasse
674 2445 851 2487 melius:
884 2445 926 2486 in
960 2445 1183 2501 republica
1204 2443 1320 2499 quod
1344 2453 1450 2494 erat,
1472 2456 1565 2484 esse

105 2501 325 2558 judicares
357 2501 474 2543 satis.
551 2503 619 2543 Ne
648 2501 699 2544 T.
721 2504 897 2560 quidem
932 2502 1181 2544 Postumius
1220 2501 1652 2552 contemnendus269

113 2559 156 2599 in
179 2560 387 2603 dicendo:
421 2561 473 2601 de
495 2560 718 2617 republica
741 2576 840 2602 vero
863 2576 950 2602 non
981 2560 1124 2602 minus
1150 2559 1378 2609 vehemens
1402 2569 1561 2610 orator,

153 2688 193 2719 78
217 2686 363 2725 dignitas
385 2691 415 2717 et
437 2686 628 2726 integritas]
654 2685 819 2726 Dignitas
904 2689 945 2721 79
967 2696 1008 2716 ne
1029 2695 1214 2726 augeamus
1237 2685 1393 2726 dolorem]
1418 2685 1484 2716 Ms.
1500 2695 1566 2726 reg.

112 2732 162 2758 est
174 2739 191 2758 e
208 2738 297 2759 mera
312 2732 501 2768 coniectura
515 2730 615 2766 mvii,
628 2735 753 2760 rectum
765 2734 816 2760 ta·
858 2738 917 2760 nec
931 2739 1012 2769 aug.
1313 2749 1316 2754 ι

113 2780 203 2809 men,
219 2776 253 2801 et
265 2776 381 2812 aptum
395 2773 493 2802 verbo
509 2773 692 2803 decorabat.
730 2772 814 2803 Edd.
902 2774 942 2802 80
964 2772 1052 2802 illud
1064 2771 1184 2811 totum]
1210 2770 1299 2802 Alias
1314 2771 1431 2802 Cicero
1453 2769 1488 2799 in
1504 2767 1571 2799 hae>

111 2817 194 2844 vett.
211 2824 324 2845 omnes
344 2816 510 2854 gravitas,
534 2815 621 2855 qnod
644 2826 662 2846 e
682 2816 817 2859 propin·
859 2815 967 2845 forma
981 2814 1060 2845 dicit
1075 2815 1121 2845 id.
1164 2813 1228 2846 Sed
1238 2814 1325 2846 illud
1337 2814 1440 2845 etiam
1455 2812 1502 2843 sie
1516 2816 1568 2842 est

109 2865 174 2894 quo
191 2857 254 2888 huc
272 2858 479 2898 migraverat.
859 2857 937 2898 infr.
948 2868 976 2889 c.
990 2860 1042 2894 79.
1058 2862 1142 2889 extr.
