1945 3235
646 155 652 161 .
687 124 975 164 ORATOR.
1472 132 1549 167 545

99 219 324 278 dicuntur,
349 226 424 268 ubi
446 227 577 269 etiam
609 227 662 270 de
692 228 903 270 industria
933 228 975 268 id
1002 227 1248 272 faciendum
1270 231 1368 284 fuit,
1399 233 1471 274 sed
1503 233 1548 275 in

106 281 302 335 populari
326 285 534 336 oratione,
556 300 642 340 qua
663 301 754 327 mos
777 297 840 327 est
862 285 1046 326 Athenis
1079 286 1239 328 laudari
1271 289 1314 329 in
1337 291 1548 331 concione

105 348 193 388 eos,
215 341 288 394 qui
313 341 399 382 sint
430 342 470 383 in
506 343 672 398 proeliis
697 343 940 384 interfecti:
972 356 1069 397 quae
1102 343 1163 384 sic
1195 346 1376 398 probata
1395 358 1474 398 est,
1499 356 1548 389 ut

104 405 198 435 eam
221 399 467 452 quotanniS,
490 402 538 441 ut
559 401 655 452 scis,
678 401 750 441 illo
773 401 842 441 die
864 399 1032 441 recitari
1054 413 1228 441 necesse
1250 401 1320 442 sit.
1343 404 1385 444 in
1408 419 1459 445 ea
1479 413 1546 446 est

101 453 252 495 crebra
283 455 365 496 ista
398 460 431 490 17
449 472 603 498 vocum
637 457 877 508 concursio,
908 471 1038 512 quam
1068 471 1225 514 magna
1249 472 1304 499 ex
1338 470 1470 515 parte,
1494 473 1542 502 ut

103 508 319 564 vitiosam,
342 513 456 570 fugit
489 514 818 555 Demosthenes.
880 514 964 556 Sed
987 514 1134 556 Graeci
1158 515 1368 568 viderint;
1400 512 1624 569 nobis‚45

100 577 154 606 ne
177 568 209 609 si
233 571 456 626 cupiamus
478 571 667 626 quidem,
688 571 924 613 distrahere
946 586 1073 613 voces
1094 573 1361 614 conceditur.
1422 574 1541 615 Indi-
1556 585 1629 620 152

98 635 200 665 cant
221 629 436 668 orationes
459 627 542 669 illae
565 628 670 684 ipsae
693 628 923 671 horridulae
948 629 1154 672 Catonis:
1178 630 1372 672 indicant
1392 646 1542 672 omnes

97 682 259 780 poilisJae,
291 694 447 739 praeter
467 699 555 737 eos,
576 686 651 741 qui
683 696 731 727 ut
759 702 930 728 versum
953 686 1159 739 facerent,
1189 703 1305 744 saepe
1337 689 1542 732 hiabant:

98 745 147 778 ut
215 742 363 793 aevius,

198 819 224 835 “
242 814 320 856 Vos,
342 817 405 864 qui
423 817 587 854 accolitis
603 818 772 854 Histrum
776 817 950 868 fluvium,
970 823 1080 867 atque
1097 819 1308 867 Algidum.'’

99 874 159 920 Et*
176 879 355 934 ibidem,

200 960 226 977 “
244 957 363 998 Quam
381 971 576 1007 numquam
593 960 691 997 vobis
713 960 832 1003 Graii,
851 964 962 1009 atque
980 960 1174 999 Barbari.’'

91 1019 153 1063 At
175 1021 340 1066 Ennius
363 1027 509 1080 semel,
1143 1026 1146 1028 v

196 1098 320 1149 Scipio
341 1103 480 1139 invicte.

95 1166 133 1196 18
148 1165 205 1208 Et
227 1170 401 1224 quidem
424 1187 516 1224 nOS,

195 1250 221 1266 “
238 1246 320 1282 Hoc
341 1253 438 1284 motu
455 1249 637 1284 radiantis
655 1247 789 1284 Etesiae
806 1249 844 1284 in
862 1248 957 1284 vada
970 1247 1112 1296 ponti.'’

92 1308 194 1353 Hoc
216 1313 329 1355 idem
352 1317 487 1357 nostri
511 1315 668 1372 saepius
702 1331 787 1356 non
810 1316 1022 1368 tulissent,
1045 1315 1160 1371 quod
1186 1315 1332 1357 Graeci
1364 1314 1536 1359 laudare

86 1369 218 1411 etiam
241 1372 393 1415 solent.
440 1378 476 1409 ¹9
490 1374 573 1415 Sed
597 1373 701 1429 quid
723 1388 806 1429 ego
830 1373 1028 1416 vocales?
1061 1374 1152 1413 sine
1176 1373 1396 1415 vocalibus
1419 1382 1534 1430 saep'e
1550 1378 1623 1414 153

88 1425 312 1470 brevitatis
333 1446 463 1472 causa
484 1430 813 1481 contrahebant,
836 1440 883 1472 ut
915 1431 975 1471 ita
1005 1430 1212 1481 dicerent,
1241 1430 1375 1472 multi'
1395 1432 1536 1484 modis,

86 1484 168 1524 vas'
195 1488 412 1543 argenteis,
441 1489 595 1544 ssopass'
627 1495 666 1529 et
699 1488 894 1539 crinibus,
924 1488 1031 1529 tecti'
1049 1486 1222 1544 fluctis,
1283 1489 1402 1536 Quid
1436 1504 1537 1531 vero

84 1539 299 1596 licentius,
321 1561 451 1602 quam
475 1547 591 1602 quod
614 1546 840 1587 homiuum
860 1546 992 1586 etiam
1013 1547 1188 1586 nomina
1205 1547 1538 1600 contrahebant,

83 1613 170 1654 quo
189 1613 344 1644 >essent
374 1604 569 1660 aptiora?
600 1618 700 1644 nam
735 1612 783 1644 ut
814 1602 1007 1655 duellum,
1042 1603 1215 1654 bellurn,
1244 1613 1288 1644 et
1319 1603 1423 1656 decis,
1456 1605 1536 1657 bis,

83 1657 144 1698 sic
167 1657 399 1712 Duellium,
429 1676 543 1713 eum,
574 1662 649 1717 qni
685 1661 846 1702 Poenos
878 1661 1011 1702 classe
1041 1661 1217 1711 devicit,
1244 1660 1426 1702 Bellium
1457 1677 1535 1704 no-

80 1715 371 1770 minaverunt,
393 1734 492 1761 cum
514 1719 754 1776 superiores
776 1719 981 1775 appellati
1002 1729 1145 1759 essent
1164 1733 1332 1775 semper
1354 1719 1533 1762 Duellii.

83 1772 338 1819 Quinetiam
371 1778 500 1818 verba
529 1791 643 1833 saepe
673 1777 1003 1827 contrahuntur,
1034 1791 1120 1817 non
1153 1791 1252 1817 usus
1284 1791 1427 1829 causa,
1459 1779 1534 1821 sed

81 1831 264 1873 aurium.
327 1834 561 1881 Quomodo
582 1835 698 1876 enim
725 1844 863 1875 vester
885 1832 1048 1885 Axilla,
1072 1833 1159 1875 Ala
1181 1834 1322 1876 factus
1344 1845 1424 1886 est,
1448 1836 1531 1877 nisi

81 1886 187 1945 fuga
220 1890 374 1933 litterae
407 1893 632 1935 vastioris?
663 1906 793 1947 quam
826 1892 1012 1933 litteram
1045 1892 1178 1933 etiam
1211 1906 1236 1932 e
1263 1892 1457 1942 maxillis,
1487 1903 1531 1935 et

81 1946 251 1999 taxillis,
274 1958 318 1990 et
348 1949 508 2001 vexillo,
530 1960 573 1991 et
596 1949 772 2005 paxillo,
792 1949 1060 1990 consuetudo
1082 1950 1256 2006 elegans
1286 1949 1408 1990 latini
1441 1965 1528 1992 ser-

79 2006 220 2046 monis
242 2007 401 2049 evellit.
462 2008 667 2049 Libenter
686 2008 816 2048 etiam
840 2007 1084 2063 copulando
1109 2008 1239 2049 verba
1261 2006 1525 2064 jungebant,
1542 2020 1615 2055 154

81 2070 129 2101 ut
157 2063 279 2114 sodes,
302 2081 395 2121 pro,
416 2065 450 2106 si
478 2065 623 2108 andes:
654 2065 720 2116 sis,
752 2080 844 2121 pro,
865 2065 899 2105 si
920 2065 992 2106 vis.
1052 2065 1153 2107 Jam
1185 2065 1229 2105 in
1263 2079 1362 2116 uno,
1384 2067 1527 2121 capsis,

79 2120 163 2160 tria
194 2123 323 2164 verba
356 2135 481 2165 sunt:
517 2123 615 2174 aits,
650 2137 727 2178 pro
763 2123 897 2164 aisne.-
939 2123 1118 2178 nequire,
1152 2137 1245 2178 pro,
1276 2137 1358 2163 non
1387 2124 1526 2179 quire:

77 2176 212 2230 malle,
247 2194 324 2235 pro
357 2182 488 2238 magis
514 2180 638 2223 velle:
670 2179 790 2231 nolle,
832 2195 922 2236 pro,
959 2195 1040 2221 non
1073 2179 1186 2221 velle.
1248 2179 1363 2221 Dein
1395 2182 1528 2223 etiam

78 2252 209 2294 saepe,
240 2249 284 2280 et
314 2240 421 2290 exin,
452 2254 529 2296 pro
554 2237 698 2279 deinde
727 2248 770 2279 et
798 2238 940 2279 exinde
969 2238 1168 2279 dicimus.
1241 2238 1359 2285 Quid
1393 2238 1528 2282 illud?

75 2310 164 2336 non
187 2296 272 2337 olet
305 2297 417 2338 unde
449 2298 518 2347 sit,
541 2297 657 2352 quod
679 2296 852 2347 dicitur,
874 2311 962 2336 cum
992 2294 1105 2336 illis?
1134 2311 1224 2337 cum
1245 2305 1390 2337 autem
1411 2297 1529 2337 nohis

75 2368 163 2394 non
192 2355 366 2406 dicitur,
389 2355 460 2395 sed
485 2352 718 2395 nobiscum?
748 2353 850 2408 quia
881 2353 915 2394 si
947 2353 1008 2394 ita
1028 2353 1257 2404 diceretur,
1280 2354 1525 2394 obscaenius

74 2421 380 2454 concurrerent
400 2412 571 2464 litterae,
593 2421 642 2453 ut
662 2411 793 2453 etiam
816 2412 960 2463 modo,
983 2411 1064 2452 nisi
1086 2418 1222 2453 autem
1244 2411 1526 2469 interposuis-

119 2538 155 2569 17
177 2547 291 2568 vocum
304 2537 482 2577 concursio]
510 2537 571 2566 int.
588 2536 772 2573 literarum,

72 2588 152 2618 quas
167 2589 226 2609 nos
249 2581 374 2616 vocales
388 2579 538 2610 dicimus,
553 2588 652 2619 supra
670 2590 699 2609 c.
716 2581 771 2610 533.

71 2628 121 2652 est
148 2618 321 2652 concursus
354 2623 533 2653 vocalium.-
571 2631 631 2652 nec
658 2627 772 2652 tamen

71 2664 147 2694 inde
163 2665 323 2704 corrigam
340 2665 391 2696 hic
407 2666 582 2696 vocalium.

117 2709 152 2737 18
176 2707 226 2738 Ec
240 2708 368 2747 quidem
386 2707 455 2747 nos]
482 2707 523 2738 In
536 2706 676 2738 Arateis.
720 2705 772 2737 De

70 2750 236 2780 radiantis
247 2759 345 2789 supra
358 2751 397 2781 de
412 2750 470 2780 Or.
484 2751 621 2781 dictum.

116 2795 152 2826 19
177 2791 244 2822 Sed
263 2793 342 2831 qaid
360 2804 418 2832 ego
432 2793 582 2831 vocales?
604 2804 629 2823 s.
643 2790 694 2831 v.]
720 2791 773 2821 Sic

69 2834 195 2874 primus
220 2834 425 2875 interpunxit
440 2833 605 2866 Victorius
621 2835 644 2866 l.
669 2845 697 2864 c.
720 2844 773 2864 ea-

70 2887 132 2916 que
147 2878 372 2917 interpunctio
383 2882 470 2909 recte
486 2885 617 2920 recepta
628 2882 689 2909 est.
733 2876 772 2906 In

131 2933 240 2962 voL.
264 2934 296 2961 1.

815 2535 887 2567 edd.
900 2539 989 2566 erat:
1014 2536 1071 2566 sed
1083 2536 1162 2576 quid
1176 2545 1234 2574 ego
1245 2535 1263 2566 ‚P
1285 2545 1351 2566 voc.
1365 2536 1434 2566 sine
1449 2545 1523 2567 sen-

815 2588 866 2610 su.
911 2580 1068 2610 Ceterum
1097 2578 1130 2608 id
1157 2579 1242 2608 refer
1270 2578 1311 2609 ad
1334 2579 1519 2619 superiora:

814 2632 908 2651 nemo
930 2626 969 2651 uc
987 2622 1223 2661 tam-rusticus
1243 2621 1300 2658 sit,
1321 2621 1378 2662 qui
1399 2621 1522 2653 vocales

815 2663 955 2704 conjung
962 2674 1014 2694 ere
1028 2664 1120 2694 nolis.

858 2709 898 2737 <20
930 2707 1018 2745 pass’
1056 2710 1086 2738 et
1120 2704 1278 2746 crinibus]
1323 2705 1519 2746 Recepimus

816 2749 1054 2779 correctionem
1103 2748 1256 2778 Lambini
1301 2749 1518 2779 certissimam

817 2801 874 2831 pro
902 2791 1035 2831 vulgato
1053 2791 1159 2831 palm’
1175 2794 1207 2821 et
1225 2791 1389 2822 crinibus.-
1413 2790 1519 2830 requi-

817 2834 900 2864 ritur
912 2834 1000 2865 enim
1013 2833 1224 2876 adjectivum.

752 2932 836 2961 Nn
