1945 3235
560 114 748 154 LIBER
774 113 1103 154 SECUNDUS.
1475 121 1557 156 201·

128 226 479 274 argumentorum
500 220 696 261 traditur.
755 218 871 260 Nam
901 219 946 259 iu
975 218 1042 259 his
1067 220 1267 261 omnibus
1298 221 1498 276 primum,
1523 224 1557 265 si

127 276 232 330 quid
253 291 317 317 res
340 277 433 333 ipsa
448 277 568 319 dabit
586 275 817 327 facultatis,
830 275 1125 330 conjecturam
1144 277 1289 317 induci
1308 279 1558 328 abaccusa-

127 341 220 373 tore
241 335 472 389 oportebit,
494 344 542 375 ut
564 334 622 385 id,
643 334 760 388 quod
779 332 1000 374 voluntate
1019 333 1182 373 factum
1200 335 1442 388 negabitur,
1455 352 1558 378 con—

127 389 239 431 sulto
261 391 437 442 factum,
460 391 703 447 suspicione
723 390 867 445 aliqua
886 390 1226 431 demonstretur:
1259 391 1412 432 deinde
1435 394 1558 435 indu-

114 461 222 488 cere
251 448 543 489 definitionem
576 448 917 498 necessitudinis,
939 456 1013 487 aut
1043 462 1179 498 casim,
1208 458 1283 487 aut
1314 449 1559 504 impruden-

115 504 216 556 tiae,
239 514 282 546 et
302 505 499 560 exempla
530 506 581 547 ad
603 520 698 546 eam
722 505 1018 546 definitionem
1048 505 1297 560 adjungere,
1329 505 1371 545 in
1403 508 1558 561 quibus

114 560 416 617 ‚imprudentia
436 562 566 603 fuisse
591 563 800 613 videatur,
831 572 905 603 aut
936 577 1073 612 casuS,
1105 572 1180 602 aut
1209 563 1494 615 necessitudo,
1515 574 1559 606 et

125 619 179 659 ab
212 619 276 668 his
307 619 364 670 id,
391 620 506 674 quod
538 635 631 661 reus
662 619 832 671 inferat,
859 621 895 650 16
909 633 1117 675 separare,
1149 619 1213 673 [id
1235 629 1313 670 est,
1336 622 1559 663 ostendere

114 675 365 729 .dissimile‚]
389 677 504 732 quod
526 677 674 729 levius,
697 676 879 728 facilius,
902 692 988 717 non
1021 677 1274 733 ignorabile,
1297 692 1390 737 non¹
1406 678 1559 720 fortui—

112 741 231 784 tum,
253 731 353 774 non*
371 735 658 776 necessarium
680 734 833 776 fuerit:
866 744 1017 791 postea
1037 736 1342 786 demonstrare,
1368 737 1559 791 potuisse

109 789 276 841 *vitari3
307 799 350 830 et
378 790 460 833 hac
494 793 660 833 ratione
690 792 903 848 provideri
935 791 1139 847 potuisse,
1164 792 1197 832 si
1231 792 1329 842 hoc,
1351 803 1425 833 aut
1455 793 1558 835 illud

123 845 319 899 fecisset,
345 849 389 895 ,17
403 859 478 890 aut
506 864 560 890 ne
591 850 651 891 sic
673 850 859 900 fecisset,
882 849 1136 906 praecaveri:
1169 860 1212 890 et
1233 850 1558 892 definitionibus

122 905 361 957 ostendere,
383 921 468 947 non
492 907 603 949 hanc
625 907 974 964 imprudentiam,
996 917 1071 947 ant
1092 921 1252 957 casum,
1275 916 1349 947 aut
1375 909 1558 950 necessi-

123 961 332 1013 tudinem,
365 964 438 1005 sed
467 965 681 1016 inertiam,
711 964 1037 1020 negligentiam,
1067 964 1312 1005 fatuitatem
1344 967 1556 1009 nominari

121 1028 334 1074 oportere.
392 1020 458 1062 Ac
495 1022 528 1062 si
566 1037 651 1077 qua
688 1022 957 1063 necessitudo
992 1022 1303 1077 turpitudinem
1342 1023 1558 1065 videbitur
1571 1039 1645 1072 100

109 1075 293 1128 habere,
323 1080 543 1134 oportebit
573 1094 646 1136 per
678 1079 871 1121 locorum
893 1079 1189 1120 communium
1218 1079 1558 1135 implicationem

123 1133 448 1190 redarguentem
481 1137 787 1188 demonstrare,
817 1136 986 1192 quidvis
1017 1136 1198 1191 perpeti,
1231 1138 1339 1178 mori
1374 1138 1559 1195 denique

124 1191 255 1232 satius
295 1192 439 1245 fuisse,
477 1209 605 1249 quam
647 1194 860 1249 ejusmodi
901 1193 1205 1234 necessitudini
1248 1195 1558 1252 obtemperare.

121 1246 266 1304 At‘que
289 1259 378 1291 tum
401 1265 455 1291 ex
478 1251 544 1292 his
566 1251 686 1303 locis,
705 1251 758 1292 de
780 1251 935 1306 quibus
958 1251 1001 1291 in
1023 1250 1229 1306 negotiali
1249 1261 1370 1306 parte
1392 1254 1556 1296 dictum

122 1316 200 1357 est,
215 1306 327 1361 juris
349 1317 392 1348 et
421 1309 637 1364 requitatis
668 1319 865 1350 naturam
887 1309 1106 1364 oportebit
1127 1323 1332 1363 quaerere,
1355 1318 1411 1361 et,
1434 1313 1556 1366 quasi

121 1362 165 1404 in
188 1365 649 1420 absolutajuridiciali,
672 1381 747 1422 per
777 1381 820 1407 se
851 1366 934 1406 hoc
956 1366 1098 1422 ipsum
1128 1367 1182 1406 ab
1207 1367 1332 1407 rebus
1354 1369 1555 1410 omnibus

121 1422 351 1476 separatim
373 1423 656 1465 considerare.
714 1424 860 1479 Atque
890 1423 972 1464 hoc
996 1423 1038 1463 in
1060 1423 1171 1474 loco,
1195 1423 1227 1463 si
1258 1424 1438 1466 facultas
1460 1427 1555 1478 erit,

121 1479 331 1534 exemplis
353 1480 415 1520 uti
439 1481 671 1536 oportebit,
694 1482 851 1538 quibus
873 1481 915 1521 in
943 1481 1069 1521 simili
1092 1482 1370 1523 excusatione
1391 1498 1478 1524 non
1501 1485 1558 1526 sit

118 1534 343 1591 ignotum:
375 1546 419 1578 et
447 1539 740 1590 contentione,
768 1539 906 1595 magis
940 1539 1021 1579 illis
1055 1539 1367 1594 ignoscendum
1398 1539 1555 1584 fuisse:

118 1602 162 1633 et
183 1608 237 1634 ex
260 1594 580 1637 deliberationis
602 1598 812 1652 partibus,
834 1607 958 1652 turpe
988 1605 1062 1636 aut
1094 1596 1244 1637 inutile
1266 1611 1356 1638 esse
1377 1600 1600 1654 concedip.
1616 1617 1666 1649 75,

119 1663 214 1691 eam
237 1666 340 1703 rem,
360 1668 456 1707 quae
479 1654 534 1694 ab
553 1654 794 1695 adversario
813 1654 1043 1695 commissa
1064 1655 1143 1706 sit3
1167 1668 1450 1710 permagnum
1467 1671 1558 1698 esse
1570 1667 1599 1686 a.

117 1716 163 1748 et
183 1722 344 1764 magno
364 1711 555 1752 futurum
578 1712 851 1763 detrimento,
875 1712 908 1752 si
932 1726 982 1752 ca
1011 1726 1076 1752 res
1107 1713 1161 1752 ab
1184 1711 1250 1762 iis,
1273 1712 1346 1767 qui
1369 1722 1558 1769 potesta-

121 1773 208 1805 tem
230 1765 392 1808 habent
413 1768 675 1820 vindicandi,
697 1769 895 1826 neglecta
918 1769 987 1810 sit.
1048 1768 1263 1810 Defensor
1285 1778 1429 1813 autem
1452 1787 1555 1813 con·
1568 1768 1639 1815 33

120 1823 251 1863 versis
273 1825 474 1865 omnibus
496 1825 562 1866 his
584 1827 778 1882 partibus
799 1826 960 1883 poterit
981 1826 1060 1867 uti.
1120 1825 1320 1868 Maxime
1344 1837 1488 1870 autem
1510 1830 1554 1871 in
1569 1840 1634 1873 101

120 1879 341 1922 voluntate
361 1882 630 1925 defendenda
651 1884 1004 1935 commorabitur,
1023 1892 1067 1924 et
1088 1883 1130 1924 in
1151 1898 1202 1924 ea
1222 1899 1267 1925 re
1288 1885 1555 1942 adaugenda,

117 1951 215 1992 quae
239 1938 449 1980 voluntati
472 1941 601 1982 fuerit
621 1941 957 1998 impedimento:
980 1951 1023 1982 et.
1046 1955 1089 1981 se
1111 1941 1220 1997 plus,
1239 1957 1367 1997 quain
1391 1945 1556 1997 fecerit,

116 1994 256 2037 facere
278 2010 364 2037 non
388 1999 603 2053 potuisse:
635 2009 679 2039 et
709 2000 752 2040 in
783 1999 985 2040 omnibus
1016 1999 1140 2040 rebus
1166 1999 1429 2042 voluntatem
1461 2017 1556 2058 spe-

115 2053 222 2093 ctari
246 2064 468 2110 oportere:
500 2065 544 2096 et
568 2059 603 2087 18
619 2071 662 2097 se
683 2056 884 2098 convinci
908 2071 994 2097 non
1018 2071 1156 2112 posse,
1179 2057 1294 2111 quod
1326 2073 1411 2099 non
1443 2060 1555 2100 absit

113 2124 138 2150 a
159 2110 310 2168 culpa:
342 2120 385 2152 et
405 2127 459 2154 ex
484 2129 560 2155 suo
582 2114 757 2155 nomine
779 2128 1053 2156 communem
1076 2114 1302 2155 hominum
1329 2115 1555 2158 infirmita-

111 2234 281 2269 latinitate
300 2243 362 2277 est,
389 2238 430 2270 ad
449 2239 583 2271 modum
605 2250 721 2270 eorum
745 2243 814 2272 tra-

112 2278 308 2311 ctandorum
335 2283 610 2322 cognoscendum.
654 2283 725 2313 Vox
757 2294 813 2313 ar-

112 2327 345 2359 gumentmmn
366 2325 458 2354 abest
473 2335 493 2356 a
512 2325 575 2356 Ms.
596 2326 689 2356 Voss.
704 2323 814 2367 potest

112 2371 190 2394 sane
203 2366 375 2397 commode
390 2367 511 2398 abesse.

159 2407 196 2438 16
217 2407 395 2448 Separare,
411 2411 448 2440 z'd
467 2415 525 2447 est,
542 2410 705 2441 ostendere
720 2412 811 2442 dissi-

111 2448 199 2486 mile,
212 2452 319 2491 quod]
338 2452 444 2483 Verba
457 2453 494 2483 id
503 2457 561 2490 est,
574 2453 737 2484 ostendere
749 2455 812 2485 dis-

113 2491 229 2528 simile,
242 2494 310 2524 sine
323 2494 421 2525 dubio
433 2500 512 2525 sunt
525 2495 724 2535 glossatoris.
734 2506 812 2527 nain

110 2532 198 2564 sicut
209 2535 343 2567 verbum
352 2537 545 2578 affungere,
558 2538 644 2577 quod
656 2539 753 2570 verbo
765 2550 812 2569 se-

105 2584 234 2614 parare
241 2581 510 2618 estcontrarium,
520 2590 648 2621 semper
659 2582 745 2612 nude
755 2592 812 2621 po-

115 2617 216 2656 nitur,
226 2619 294 2650 sine
302 2623 532 2662 explicatione,
542 2629 580 2653 ut
589 2623 700 2663 paullo
715 2629 792 2654 ante
800 2636 809 2662 ;

113 2659 159 2690 sic
171 2666 206 2691 et
216 2671 379 2701 separare.
394 2665 427 2695 A
432 2666 615 2707 definitione
626 2667 755 2705 aliquid
764 2676 811 2696 se-

98 2731 101 2733 ,
106 2710 246 2741 parare,
261 2710 312 2736 est
330 2705 457 2743 docere,
474 2708 701 2739 definitionem
719 2709 754 2738 in
776 2708 811 2739 id

113 2752 180 2775 non
195 2746 317 2779 cadere.
361 2749 406 2780 Et
419 2750 536 2781 melius
559 2751 606 2781 ita
626 2751 808 2790 sequentia,

113 2788 199 2827 quod
211 2789 268 2820 ἃς.
285 2800 360 2821 cum
374 2792 471 2823 verbo
482 2803 638 2833 separare
651 2794 797 2824 coibunt.

152 2832 186 2863 17
194 2831 263 2861 Aut
274 2842 314 2863 ne
321 2833 526 2875 sicfecisset]
544 2835 686 2866 Restitui
696 2835 810 2866 lectio-

114 2881 190 2904 nem
201 2873 272 2905 edd.
285 2885 333 2916 pr.
345 2885 385 2906 ne
395 2877 452 2914 sic,
462 2887 559 2918 quam
572 2878 716 2918 plerique
729 2878 808 2909 Mss.

856 2240 958 2272 etiam
991 2240 1096 2271 nostri
1124 2245 1244 2281 praeter
1271 2241 1334 2271 Gu.
1369 2244 1394 2271 1.
1421 2241 1555 2273 habent.

855 2282 957 2314 Aldus
980 2282 1106 2313 induxit
1129 2284 1202 2313 nisi.
1247 2283 1309 2314 Sed
1331 2294 1372 2314 ne
1392 2285 1439 2314 sie
1464 2285 1557 2316 locus

855 2331 990 2356 sanatus
1012 2332 1078 2356 est:
1105 2335 1180 2356 nain
1196 2327 1376 2365 proeccwerz'
1389 2337 1430 2357 ne
1450 2326 1556 2366 siese-

855 2369 959 2404 cisset,
976 2377 1043 2398 non
1062 2374 1111 2398 est
1125 2369 1206 2399 bene
1218 2369 1390 2404 Latinum,
1406 2370 1462 2399 sed
1474 2370 1554 2400 Ger-

854 2411 1052 2442 manisinum
1068 2412 1164 2451 sapit.
1180 2411 1392 2442 Constructio
1406 2411 1556 2451 legitima

854 2452 1161 2494 postulat,f‹1eeret.

901 2499 936 2526 18
962 2496 1005 2526 Se
1025 2497 1168 2525 convinci
1189 2504 1253 2525 non
1265 2496 1380 2535 possa]
1409 2496 1451 2527 Se
1469 2497 1554 2527 arbi-

853 2541 925 2569 tror
944 2539 1092 2579 spurium
1107 2548 1187 2574 esse,
1204 2539 1351 2578 sapitque
1366 2539 1553 2570 Germanis-

855 2591 959 2617 mum,
976 2582 1010 2610 in
1024 2580 1084 2610 hac
1098 2581 1353 2612 construetione.
1383 2582 1502 2612 Sensus
1518 2582 1551 2612 h.

854 2623 877 2653 l.
901 2633 969 2653 esse
991 2623 1104 2653 debet:
1130 2633 1196 2653 non
1219 2633 1310 2663 posse
1333 2624 1549 2655 demonstrari

853 2665 977 2696 idoneis
994 2666 1210 2703 argumentis,
1225 2675 1258 2696 se
1270 2677 1289 2696 a
1303 2666 1400 2706 culpa
1415 2676 1482 2696 non
1497 2677 1550 2697 va-

853 2718 944 2738 care:
969 2708 1002 2738 id
1015 2713 1065 2738 est
1077 2709 1221 2738 convinci
1234 2718 1294 2739 non
1301 2718 1402 2748 posse.
1415 2709 1460 2739 sic
1473 2718 1550 2739 con-

853 2751 938 2780 vinci
968 2751 1088 2781 dicitur
1123 2762 1174 2791 ap.
1213 2751 1414 2781 Ciceronem.
1451 2761 1481 2780 v.
1515 2751 1549 2782 in

853 2793 961 2823 Clare.
997 2793 1036 2823 In
1051 2792 1260 2832 sequentibus
1274 2793 1448 2824 delendum
1463 2792 1550 2824 vide-

851 2841 908 2866 tur
920 2846 959 2866 ez·
971 2842 1005 2866 et
1014 2845 1117 2875 posse,
1131 2845 1203 2875 quae
1217 2837 1318 2866 etiam
1334 2837 1368 2866 in
1383 2845 1443 2866 scr.
1458 2835 1549 2866 libris

853 2878 1046 2918 quibusdam
1065 2888 1131 2908 non
1149 2878 1270 2919 reperit
1288 2878 1549 2919 Oudendorpius.
