1914 3220
663 124 1119 187 PRAEFATIO.
1461 131 1609 186 xxvii

167 262 426 336 placeret,
465 263 521 318 in
561 259 775 317 textum
814 261 1098 334 reciperet,
1139 275 1265 331 quae
1308 259 1518 313 diversa
1553 261 1610 314 in

165 349 312 403 libris
353 349 651 421 reperisset,
682 348 958 402 reticeret:
999 345 1096 400 sed
1127 344 1496 398 diversitatem
1537 347 1610 400 le-

166 434 412 488 ctionum
440 434 494 486 in
522 434 766 506 margine
804 432 1004 505 posuit,
1030 449 1099 484 ex
1129 447 1260 501 qua,
1287 439 1349 484 ut
1373 429 1439 482 in.
1458 429 1607 484 Grae-

165 519 242 572 cis
280 519 525 591 inprimis
564 520 696 572 locis
736 518 1108 590 epistolarum,
1148 524 1399 587 apparet,
1439 515 1511 569 ab
1542 535 1608 569 eo

163 596 428 657 editiones
469 605 688 676 primas,
724 612 788 656 ut
828 603 1125 664 Romanas,
1163 602 1437 672 inspectas
1476 618 1608 654 esse.

163 679 452 743 Praemissa
478 690 644 743 etiam
685 698 813 742 sunt
851 695 1115 758 excerpta
1140 705 1170 738 e
1211 685 1397 757 priscis
1436 695 1492 738 et
1531 705 1610 739 re-

162 774 492 828 centioribus
558 774 927 845 sci*iptoribuS‚
979 772 1049 825 ad
1101 771 1608 843 interpretationem

158 859 404 914 locorum
432 859 796 936 difficiiiorum
825 857 1172 930 pertinentia,
1199 865 1256 910 et
1293 857 1469 910 additi
1503 857 1608 929 pri-

163 964 317 999 mum
352 946 557 998 indices
586 944 812 1016 copiosi.
892 943 1094 1014 Itaque
1126 942 1244 995 haec
1282 943 1451 996 editio
1479 961 1609 1015 ope-

159 1049 280 1084 rum
305 1030 786 1084 Ciceronianorum
816 1029 956 1081 inter
985 1028 1278 1101 p1·incipeS‚
1302 1047 1413 1081 non
1440 1029 1607 1082 modo

161 1125 341 1180 aetate,
371 1116 463 1169 sed
494 1115 660 1168 etiam
696 1115 942 1167 bonitate
983 1114 1340 1176 numeranda,
1368 1115 1607 1186 superio-

160 1203 423 1273 ribusque
451 1202 611 1272 longe
638 1199 984 1271 praeferenda·
1005 1206 1103 1252 est.

234 1286 413 1358 Hujus
455 1285 708 1339 editionis
748 1284 1013 1355 exemplis
1049 1284 1196 1337 brevi
1238 1291 1486 1357 tempore
1528 1285 1607 1339 di-

156 1372 408 1435 venditis,
438 1371 602 1424 aliam
640 1370 869 1423 Basiieae
911 1370 1145 1432 instituit
1171 1388 1360 1424 curare
1397 1370 1606 1424 ibidem

156 1457 485 1528 Hervagz’zcs,
514 1474 641 1528 quae
671 1456 829 1509 tomis
860 1463 1100 1527 quatuor
1124 1455 1313 1510 formae
1346 1457 1605 1511 maximae

154 1561 203 1595 a.
239 1549 379 1598 1534
418 1543 669 1595 absoluta
696 1550 795 1606 est,
825 1541 1024 1595 chartis
1065 1553 1121 1596 et
1158 1542 1461 1596 litterarum
1500 1542 1606 1596 for-

153 1630 255 1682 mis
297 1629 533 1701 pulcrior
564 1628 656 1681 illa
682 1636 737 1681 et
777 1628 1128 1700 splendidior.
1210 1627 1335 1681 Nec
1366 1647 1490 1681 vero
1517 1647 1605 1682 ce-

153 1715 278 1767 teris
306 1715 465 1767 rebus
492 1729 600 1766 non
629 1712 814 1776 habet,
843 1730 958 1784 quo
985 1713 1419 1767 commendetur.
1470 1712 1527 1765 N
1531 1731 1605 1768 on

152 1809 236 1853 est
262 1800 512 1861 dubium,
542 1800 695 1869 quin,
725 1799 824 1870 qui
850 1798 900 1852 ei
933 1799 1172 1871 praefuit,
1201 1807 1435 1862 textum,
1465 1816 1603 1870 qua-

151 1885 215 1938 lis
243 1893 324 1938 est
363 1885 419 1936 in
456 1883 837 1945 Cratandrina,
880 1885 1035 1938 basin
1075 1903 1232 1937 novae
1274 1884 1602 1938 recensionis

150 1970 340 2023 fecerit
360 1990 373 2029 3
414 1986 598 2041 neque
627 1978 815 2023 tamen
843 1989 972 2023 eum
1010 1969 1329 2042 simpliciter
1368 1969 1603 2041 repetiit,

151 2055 245 2108 sed
277 2055 492 2126 judicio
530 2073 631 2107 suo
669 2073 799 2107 usus
839 2067 937 2119 est,
966 2055 1297 2126 comparatis
1344 2054 1601 2126 primum,

149 2149 211 2193 ut
247 2140 302 2192 in
342 2140 574 2212 epistola
616 2140 688 2192 ad
728 2140 1073 2194 notissimum
1115 2140 1270 2193 illum
1311 2138 1493 2192 Caroli
1530 2139 1598 2193 V.

150 2225 572 2288 Cancellarium‚
626 2225 883 2289 Heldmn,
935 2226 1088 2290 dicit,
1137 2226 1403 2298 exemplis
1462 2225 1602 2279 anti-

151 2311 424 2383 quissimis
468 2310 826 2382 (singulorum
864 2311 1120 2364 nimirum
1158 2308 1441 2377 librorum)
1492 2310 1602 2363 Ro-

148 2402 344 2459 manis,
375 2395 715 2459 Florentinis,
743 2405 800 2450 et
829 2396 1088 2458 Venetis3
1127 2415 1382 2468 quorum,
1423 2396 1600 2448 nomi-

146 2484 322 2537 natim
389 2481 785 2545 Romanorum,
838 2482 1006 2536 etiam
1057 2482 1286 2553 vestigia
1337 2481 1599 2552 quaedam

147 2567 529 2630 animadverti,
574 2566 715 2620 sicut
757 2567 813 2619 in
855 2566 1237 2631 Cratandrina,
1283 2586 1386 2620 nec
1430 2567 1598 2621 modo

146 2654 287 2707 inter
306 2654 485 2709 *varias
512 2648 791 2716 lectiones,
820 2652 912 2705 sed
943 2653 1109 2706 etiam
1140 2653 1195 2705 in
1219 2661 1394 2716 textu,
1412 2661 1476 2706 ut
1496 2653 1598 2706 At-

147 2740 239 2792 tic.
270 2738 314 2792 Ι.
347 2744 430 2793 18.
459 2747 595 2791 extr.
637 2739 803 2791 etiam
845 2738 1078 2810 scriptiS‚
1106 2739 1162 2792 in
1202 2738 1283 2791 his
1309 2738 1477 2791 etiam
1508 2756 1598 2790 co-

146 2826 270 2880 dice
303 2823 568 2878 Gabrielz‘s
606 2823 863 2878 Florentii
891 2823 1123 2888 Talenti,
1163 2822 1594 2879 Mediolanensis
