1945 3235
557 125 748 166 LIBER
786 120 1120 166 SECUNDUS.
1518 132 1569 174 31

117 233 215 274 TOet
235 246 425 297 quonam
452 230 584 272 modo
615 240 692 272 aut
717 230 914 282 honeste,
933 238 1008 271 aut
1039 229 1131 271 sine
1155 230 1348 286 periculo
1379 234 1574 289 potuerit

119 290 356 332 obsistere:
389 290 423 331 si
456 289 649 330 maxime
676 289 738 329 ita
759 289 829 339 sit,
850 303 956 329 num
978 302 1029 328 ea
1049 301 1094 327 re
1111 290 1159 321 71
1166 289 1347 329 concedi
1372 304 1445 331 reo
1467 306 1573 332 con-

119 349 282 399 ueniat,
315 347 432 403 quod
453 346 594 387 alieno
618 346 799 387 inductu
834 345 1000 386 feceiit.
1032 343 1188 384 deinde
1218 344 1264 385 in
1298 347 1571 401 conjectum-

76 418 86 421 *
118 403 204 446 lem
239 406 429 446 trahetur
463 404 819 468 controversiam,
857 412 901 443 et
930 402 1204 452 edisseretur,
1234 416 1337 443 num
1371 405 1570 446 consulto

118 462 286 504 factum
310 462 379 502 sit.
440 461 486 502 Si
519 475 649 502 causa
672 461 716 502 in
747 475 837 501 rem
866 459 1085 516 quandam
1116 458 1378 511 conferetur,
1398 469 1446 501 et
1476 462 1571 504 haec

120 520 271 561 eadem
301 520 403 570 fere,
431 528 476 559 et
513 519 674 570 omnia,
704 533 802 574 quae
833 517 887 559 de
919 516 1238 558 necessitudine
1267 518 1570 575 praecepimuS,

121 576 434 618 consideranda
454 585 594 617 erunt.

179 633 398 681 Quoniam
418 633 522 674 satis
544 637 585 668 72
597 632 836 674 ostendisse
868 631 1079 684 videmur,
1102 633 1261 688 quibus
1291 641 1568 690 argumenta·
1587 623 1653 672 18

118 691 344 733 tionibus
334 705 378 731 ln
412 705 674 746 unoquoque
696 699 852 747 genere
879 691 1254 746 causaejudicialis
1276 691 1340 731 uti
1341 666 1632 734 ”conveni-27

117 758 207 800 ret3
237 749 445 804 consequi
477 749 660 800 videtur,
702 758 748 789 ut
779 748 1026 799 doceamus,
1056 748 1424 804 quemadmodum
1455 749 1571 805 ipsas

119 806 518 863 argumentationes
541 818 691 848 ornate
717 814 760 846 et
782 805 978 846 absolute
1001 815 1187 848 tractare
1208 820 1437 862 possimus
1469 821 1572 848 nam

119 840 209 905 fere
230 878 320 904 non
350 863 528 904 difficile
559 874 624 905 est
646 863 854 915 invenire,
886 863 990 918 quid
1025 864 1081 904 sit
1114 878 1257 905 caus-<e
1288 864 1570 919 adjumento:
1573 892 1577 895 -

118 921 425 962 difficillimum
448 936 554 963 vero
571 931 650 972 est,
682 921 907 962 inventum
921 921 1149 977 expolite,
1172 932 1216 962 et
1244 906 1448 977 expedite
1472 937 1573 986 pro-

117 979 334 1020 nuntiare.
365 979 462 1020 haec
494 980 610 1021 enim
633 994 698 1020 res
728 979 849 1029 facit,
874 987 921 1020 ut
949 993 1088 1033 neque
1110 978 1288 1030 diutius,
1315 994 1446 1035 quam
1468 981 1573 1021 satis

115 1036 190 1087 sit,
210 1037 254 1078 in
270 1036 433 1078 eisdem
447 1037 552 1078 locis
571 1051 903 1087 commoremur,
921 1050 1060 1091 neque
1079 1037 1232 1077 eodem
1251 1036 1487 1078 identidem
1508 1053 1573 1079 re-

118 1094 359 1146 volvamur,
378 1109 517 1150 neque
547 1093 796 1135 inchoatam
818 1095 1241 1150 argumentationem
1265 1094 1573 1151 relinquamus,

118 1166 260 1207 neque
291 1152 565 1193 incommode
595 1152 649 1193 ad
679 1152 807 1192 aliam
838 1151 1042 1207 deinceps
1075 1163 1355 1193 transeamus.
1418 1153 1575 1208 Itaque

121 1209 205 1250 hac
236 1209 403 1250 ratione
420 1218 465 1250 et
492 1209 573 1265 ipsi
596 1209 842 1250 meminisse
874 1210 1126 1265 potelimus,
1149 1209 1254 1265 quid
1276 1224 1452 1273 quoquo
1476 1211 1573 1252 loeo

121 1267 374 1318 dixerimus,
394 1276 438 1308 et
459 1268 632 1308 auditm
659 1281 759 1308 cum
782 1266 915 1308 totius
938 1282 1096 1331 causae,
1118 1276 1209 1308 tum
1233 1282 1574 1324 umuscujusque

121 1324 509 1380 argumentationis
531 1324 883 1365 distributionem
908 1325 1129 1380 percipere
1158 1334 1202 1365 et
1222 1326 1470 1367 meminisse
1494 1342 1572 1383 po-

124 1358 238 1422 teiit.
287 1380 405 1438 Ergo
427 1382 749 1423 absolutissima
766 1391 809 1423 et
830 1382 1147 1438 peitectissima
1167 1384 1488 1439 argumentatio
1506 1391 1633 1426 estssss

119 1453 185 1491 ea,
207 1454 305 1495 quae
324 1439 367 1480 in
391 1440 582 1496 quinque
605 1450 748 1496 partes
769 1450 835 1481 est
853 1439 1100 1490 distributa,
1125 1440 1482 1496 piopositionem,
1506 1457 1573 1483 ra-

120 1497 300 1549 tionem,
322 1497 501 1538 rationis
523 1497 915 1549 confiimationem,
933 1499 1279 1548 exornationem,
1302 1499 1574 1555 complexio-

118 1568 234 1596 nem.
282 1555 529 1612 Propositio
551 1565 631 1608 est,
652 1570 726 1612 per
744 1570 874 1613 quam
893 1556 1162 1597 ostendimus
1183 1557 1447 1608 summatim,
1467 1558 1573 1613 quid

117 1611 192 1663 sit,
214 1613 331 1668 quod
362 1614 544 1670 probare
575 1614 788 1655 volumus.
853 1612 984 1654 Ratio
1013 1624 1079 1654 est
1099 1629 1369 1669 c·1usa,quae
1393 1615 1573 1657 demon-

121 1679 243 1721 strat,
277 1685 426 1712 verum
458 1686 550 1712 esse
584 1672 642 1723 id,
674 1671 791 1727 quod
823 1671 1103 1721 intendimus,
1133 1672 1249 1712 brevi
1285 1672 1572 1728 subiectione.

123 1726 326 1770 Rationis
345 1729 619 1770 confirmatio
641 1740 707 1770 est
724 1743 789 1781 ea,
807 1744 905 1794 quae
926 1729 1120 1785 pluribus
1140 1744 1185 1770 a}
1189 1732 1409 1783 putrientis
1427 1746 1573 1772 corro-

121 1784 248 1827 horat
287 1787 475 1828 br'ewiter
513 1787 756 1843 expositam
792 1787 1019 1828 lationem.
1085 1765 1324 1829 Exoinatio
1363 1799 1443 1839 est,
1487 1804 1574 1845 qua

122 1843 286 1885 utimur
315 1845 374 1884 rei
405 1844 686 1886 honestandae
711 1849 808 1885 73et
837 1844 1224 1900 collocupletandae
1247 1860 1391 1896 causa,
1414 1847 1575 1888 confir-

121 1910 240 1942 mata
271 1903 661 1957 argumentatione.
725 1901 985 1958 Complexio
1006 1911 1084 1954 est,
1115 1917 1214 1957 quae
1237 1879 1459 1945 concliidit
1479 1906 1575 1946 bie-

125 1957 249 2010 viter‚
272 1959 481 2016 colligens
505 1971 646 2015 par-tes
665 1960 1069 2016 argumentationis.
1133 1959 1268 2001 Hisce
1290 1961 1426 2017 igitur
1447 1961 1617 2018 quin-b-

120 2029 206 2071 que
217 1993 414 2082 partibus
432 2026 479 2058 ut
498 2017 817 2059 absolutissime
837 2027 1022 2069 utamur,
1039 2018 1120 2058 hoc
1139 2018 1271 2059 modo
1290 2021 1574 2062 tractabimus
1591 2012 1660 2067 19

121 2075 562 2130 argumentationem.
596 2074 784 2117 Causam
807 2076 1084 2116 ostendemus
1113 2075 1252 2117 [111551
1277 2076 1423 2128 fuisse,
1442 2093 1576 2133 quale

118 2131 389 2173 interfecerit
422 2132 628 2188 Ajacem:
662 2133 887 2174 inimicum
918 2133 1035 2173 enim
1064 2134 1324 2175 acerrimum
1352 2135 1406 2175 de
1429 2137 1575 2178 medio

122 2188 272 2231 tollere
302 2190 501 2243 volebat3
533 2206 558 2232 a
575 2206 662 2247 quo
694 2191 785 2232 sibi
801 2206 886 2232 non
912 2191 1071 2247 injuria
1094 2206 1311 2233 summum
1334 2193 1577 2249 periculum

161 2353 203 2383 70
237 2347 288 2381 Et
333 2359 476 2390 quonam
512 2349 822 2389 modo—obsistere]
910 2352 948 2383 71
981 2350 1115 2380 concedi
1130 2349 1209 2390 rea]
1236 2348 1408 2391 Exquisite
1421 2351 1574 2387 h.1.dir.=-

119 2392 173 2422 Sic
182 2392 254 2423 edd.
268 2402 383 2423 omnes
396 2398 474 2423 ante
483 2391 617 2430 Aluum,
626 2394 680 2432 qui
697 2393 785 2423 dedit
794 2398 825 2423 et

118 2445 148 2475 q.
165 2436 370 2467 m.-.obsisti.
391 2442 466 2476 post
481 2435 559 2465 fecit
578 2436 695 2476 aliquis
715 2446 825 2476 ecquo-

118 2487 213 2515 nam,
227 2478 337 2509 nescio
350 2489 393 2510 an
407 2478 447 2509 de
468 2478 643 2516 industria,
658 2479 744 2518 quod
758 2480 825 2519 pri-

120 2529 215 2551 mum
237 2521 272 2551 in
286 2521 337 2552 ed.
356 2522 499 2560 Hervag.
513 2520 629 2561 reperi.
674 2522 752 2552 Non
767 2522 825 2552 ha·

118 2561 196 2594 bere
210 2568 319 2604 potest
342 2564 453 2595 locum
479 2564 606 2594 obsisti.-
628 2574 707 2595 nam
729 2564 825 2594 debe-

120 2611 171 2636 ret
184 2606 287 2638 etiam
301 2616 370 2638 esse
377 2607 546 2647 potuisset.
592 2606 762 2638 correctio
777 2607 825 2637 vi-

119 2646 220 2679 detur
232 2657 306 2680 orta
320 2659 360 2679 ex
376 2660 428 2687 e0,
449 2649 536 2688 quod
551 2650 735 2688 subjectum
749 2660 825 2680 reus

120 2690 280 2721 remotius
293 2697 356 2728 est,
370 2691 458 2732 quod
472 2691 615 2730 intelligi
631 2692 738 2723 debet.
763 2693 824 2722 Ce-

118 2737 231 2763 terum
260 2739 375 2765 tamen
400 2735 488 2765 inest
515 2724 640 2773 aliq'uid
669 2735 764 2772 duri;
788 2740 824 2767 et

121 2775 210 2814 quod
228 2775 359 2808 videtur
383 2777 513 2813 vidisse,
529 2777 584 2816 qui
605 2777 695 2808 dedit
710 2787 822 2817 coquo-

118 2826 217 2848 mm:
240 2818 274 2848 Si
286 2824 371 2850 esset
385 2829 480 2860 ecquo
494 2819 599 2856 modo,
619 2820 702 2851 nihil
717 2822 820 2851 offen-

119 2858 226 2897 deret,
237 2866 273 2893 σε
294 2861 432 2894 fortasse
448 2867 480 2894 et
500 2872 560 2901 quo
579 2863 705 2894 factum
719 2869 770 2894 est
784 2874 823 2893 ex

120 2911 224 2943 ecquo

868 2397 942 2422 tum
957 2398 1007 2423 est
1022 2403 1082 2433 pro
1099 2395 1232 2431 ignosci.
1248 2405 1277 2424 v.
1295 2394 1387 2426 Clav'.
1402 2396 1435 2426 in
1451 2396 1484 2427 h.
1500 2408 1531 2429 V.

911 2437 953 2468 72
980 2436 1188 2475 ostendisse]
1215 2437 1268 2466 Sic
1294 2447 1354 2476 pro
1374 2439 1510 2478 vulgato
1527 2452 1574 2472 os*

867 2478 1012 2514 tendere,
1026 2478 1190 2509 edidimus
1209 2489 1247 2509 ex
1264 2479 1360 2516 ,libris
1374 2490 1436 2511 scr.
1452 2493 1487 2513 et
1500 2483 1573 2515 edd.

867 2520 1046 2558 veteribus,
1068 2521 1155 2560 quod
1178 2528 1213 2551 et
1233 2531 1372 2562 sequens
1391 2527 1576 2559 conveniret

867 2568 902 2594 et
916 2572 1030 2594 sensus
1046 2564 1229 2603 requirunt.

909 2609 950 2639 73
964 2606 1014 2636 Et
1022 2608 1202 2644 collocuplei
1197 2607 1329 2647 ‘andoe.]
1346 2607 1406 2638 Ed.
1400 2619 1462 2649 ..pr
1471 2621 1576 2652 nsque

868 2649 908 2679 ad
914 2648 1387 2689 Aldumatquelocupletandoe.
1401 2652 1574 2687 SedCodd.

868 2692 904 2721 in
928 2691 1000 2720 tul⁰
985 2697 1063 2730 gata
1077 2702 1138 2721 eor.
1143 2701 1174 2721 se
1179 2693 1306 2729 ntiunt,
1331 2699 1452 2733 praeter
1466 2707 1574 2728 unum

869 2732 958 2764 Leid.
984 2744 1036 2774 ap.
1051 2734 1203 2764 Oudend.
1227 2735 1372 2765 Verbum
1387 2739 1574 2780 collocuple-

865 2781 940 2807 tare
954 2778 1074 2806 iterum
1090 2777 1234 2808 occurrit
1248 2778 1325 2808 infr.
1342 2789 1369 2808 c.
1385 2781 1436 2814 29.
1450 2781 1507 2812 ubi
1522 2789 1574 2812 ta-

865 2829 896 2849 n·
901 2829 942 2849 en
957 2821 1082 2859 pariter
1093 2819 1164 2850 edd.
1179 2824 1304 2851 veteres
1320 2821 1447 2856 habent
1458 2825 1576 2865 locupl.

866 2863 967 2892 etiam
983 2871 1068 2892 unus
1081 2867 1116 2892 et
1127 2862 1213 2893 alter
1231 2864 1382 2903 scriptus.
