1914 3220
277 141 328 192 xl
693 208 695 210 ,
761 143 1216 214 PRAEFATIO.

276 270 365 323 illa
386 271 551 330 etiam
574 275 929 345 sequentibus
947 275 1201 327 omnibus
1223 274 1508 345 pulcriora.
1553 273 1705 327 Nam

276 356 529 410 Lambino
571 379 620 413 a.
668 365 823 420 1572.
864 369 1097 422 mortu0‚
1126 378 1254 412 cum
1282 379 1423 413 nova
1449 362 1705 432 exempla

267 439 548 498 'Ciceronis
578 446 783 509 fierent,
813 464 958 498 anno
1002 455 1142 516 post,
1170 446 1284 518 ejus
1326 447 1428 498 sub
1465 446 1704 508 nomine,

275 538 496 598 propter
521 530 638 582 illos
671 530 741 583 de
767 531 881 601 ejus
909 530 1143 583 audacia
1167 530 1222 582 in
1251 529 1568 601 corrigendo
1596 529 1709 582 cla·¹

274 629 463 675 morcS,
492 632 571 680 ιζθε
596 615 673 667 ita
698 616 949 679 instituta
973 624 1074 678 est,
1101 615 1283 669 nescio
1311 633 1407 686 per
1433 632 1620 685 quem,
1641 622 1704 666 ut

271 716 457 752 omnes
496 700 739 752 Lambini
768 701 1024 754 lectiones
1050 719 1081 754 θ
1109 709 1264 754 textu
1301 701 1357 753 in
1400 700 1701 772 marginem

267 785 602 855 ejicerentur.
684 785 770 840 Ut
795 804 907 838 uno
934 787 1188 857 exemplo
1225 785 1508 858 defungar,
1548 785 1700 856 quod

259 871 375 942 jam
404 871 457 923 in
485 872 748 925 memoria
776 873 980 926 recenti
1004 881 1110 926 est:
1152 873 1223 926 ad
1256 872 1373 926 Att.
1407 870 1580 934 XIII,
1608 876 1699 924 23.

268 974 365 1026 pro
392 967 569 1010 vetere
595 956 828 1010 lectione
853 965 974 1009 sunt
1002 958 1134 1010 enim
1144 959 1265 1026 jam
1292 957 1487 1028 defecti
1523 954 1701 1010 reddi-

264 1041 417 1092 derat
447 1041 682 1093 detecti:
725 1041 781 1094 id
823 1041 878 1094 in
922 1041 1092 1094 altera
1119 1050 1202 1095 est
1242 1059 1341 1113 pro
1383 1041 1699 1111 conjectura

261 1124 317 1176 in
345 1125 605 1196 margine,
633 1125 686 1177 in
710 1135 863 1179 textu
891 1126 1103 1197 defecti.
1143 1125 1293 1196 quod
1322 1134 1378 1179 et
1416 1125 1471 1177 in
1506 1125 1697 1182 ceteris

262 1208 517 1262 omnibus
553 1221 635 1264 est
663 1222 960 1274 servatum,
998 1211 1051 1263 in
1094 1210 1307 1282 majoris
1347 1210 1536 1262 formae
1577 1208 1698 1272 illis,

260 1303 322 1347 ut
352 1300 510 1357 1578,
559 1297 712 1368 cujus
751 1297 1068 1368 exemplum
1116 1315 1242 1349 cum
1289 1296 1464 1366 prima
1500 1294 1697 1357 habeo,

260 1387 376 1431 tum
404 1380 641 1443 minoriS‚
664 1390 959 1452 textusque
984 1381 1349 1434 Lambiniano
1370 1380 1696 1434 substitutus

258 1474 337 1518 est
364 1466 500 1519 alius
529 1467 813 1537 superioris
851 1467 1089 1538 exempli
1110 1486 1123 1527 ;
1164 1467 1315 1537 quod
1361 1475 1546 1520 tamen
1583 1484 1695 1519 non

255 1550 331 1602 ita
358 1561 672 1604 constanter
698 1551 930 1614 factum,
956 1560 1034 1614 ut,
1056 1552 1210 1623 cujus
1232 1552 1319 1604 ille
1345 1550 1584 1622 exempli
1606 1550 1693 1613 sit,

252 1639 358 1693 dici
405 1641 608 1712 possit:
651 1659 785 1694 nam
830 1660 929 1695 nec
975 1642 1307 1713 praefationis
1348 1641 1558 1712 aliquid
1598 1639 1693 1694 ad-

253 1724 431 1779 ditum
459 1734 559 1789 est,
596 1726 652 1778 in
680 1744 794 1797 qua
821 1726 890 1779 de
916 1727 1166 1780 instituto
1193 1727 1441 1780 universo
1479 1724 1694 1797 exposi-

254 1820 372 1863 tum
419 1811 509 1864 sit:
560 1810 702 1864 sicut
754 1821 810 1864 et
855 1812 986 1864 illud
1030 1812 1211 1883 ipsum
1258 1812 1327 1864 de
1365 1810 1691 1866 lectionibus

255 1894 630 1949 Lambinianis
659 1914 769 1949 non
799 1897 926 1951 satis
956 1897 1242 1968 diligenter
1257 1897 1468 1950 factum
1494 1895 1695 1966 reperi-2

251 1999 388 2034 mus.
469 1980 673 2052 Itaque
699 1980 865 2035 inane
889 1989 944 2035 et
973 1982 1138 2034 fallax
1165 1990 1264 2044 est,
1293 1981 1444 2052 quod
1468 1980 1539 2035 ‚in
1567 1980 1690 2050 qui-

250 2065 481 2118 busdam
511 2066 776 2137 exemplis
806 2067 980 2137 reperi
1008 2066 1258 2119 additum
1287 2066 1472 2123 titulo:
1506 2066 1578 2119 ad
1602 2082 1687 2122 αι’-
1731 2116 1735 2118 ,

248 2158 461 2202 tremam
503 2150 750 2203 Lambini
792 2152 1067 2203 editionem
1080 2171 1099 2210 ;
1143 2170 1272 2204 nam
1308 2169 1421 2203 una
1466 2156 1684 2207 tantum

247 2234 492 2290 Lambini
532 2242 632 2297 est,
686 2235 862 2306 prima
913 2236 1025 2288 illa:
1086 2245 1279 2289 ceterae
1324 2235 1470 2289 hunc
1521 2253 1686 2289 usum

245 2327 475 2389 possunt
501 2318 718 2382 habere,
746 2329 809 2372 ut
835 2338 901 2372 ex
930 2321 1043 2391 ejus
1072 2320 1405 2392 marginibus
1447 2320 1685 2391 plerum-

247 2421 357 2474 que
383 2405 640 2476 cognosci
662 2403 1032 2458 Lambiniana
1058 2406 1220 2460 lectio
1248 2407 1432 2478 possit.
1501 2406 1683 2478 Hujus

240 2488 519 2559 igiturfrei
549 2490 892 2561 ignoratione
935 2491 1200 2564 deceptus
1237 2511 1286 2545 e.
1321 2510 1377 2545 c..
1414 2490 1685 2551 Gruterus

240 2573 452 2644 aliquot
477 2574 608 2627 locis
636 2575 889 2628 Lambino
915 2575 1338 2633 inconstantiam
1365 2576 1706 2647 exprobrat„

242 2666 302 2711 ut
317 2659 399 2712 -ad
429 2658 522 2711 Or.
550 2659 606 2711 in
637 2659 761 2712 Seu.
791 2679 844 2731 p.
878 2659 1017 2714 Red.
1045 2680 1091 2715 c.
1121 2666 1169 2715 5.
1210 2662 1266 2713 in
1292 2662 1681 2731 lectionegra-

238 2743 439 2796 tissimae
465 2744 712 2808 civitatis,
740 2763 839 2816 pro
884 2762 998 2815 qua
1039 2746 1096 2798 in
1124 2746 1442 2799 Victoriana
1484 2746 1679 2802 datum

232 2837 349 2882 erat
404 2828 744 2898 gravissimae,
798 2848 928 2884 cum
979 2830 1142 2884 dicit:
1198 2832 1256 2884 id
1299 2832 1466 2901 ipsum
1501 2830 1682 2887 ,Lama
