1945 3235
585 135 775 174 LIBER
807 135 1086 174 TERTIUS.
1509 140 1563 181 57

114 245 157 278 6ae
168 242 427 285 continuum
449 241 682 283 clamorem
717 240 951 291 remittere,
974 249 1018 281 et
1039 239 1093 280 ad
1116 252 1359 281 sermonem
1382 241 1564 283 transire

116 310 312 358 oportet:
366 299 728 342 commutationes
771 298 888 338 enim
930 297 1112 347 faciunt,
1155 307 1203 337 ut
1244 297 1361 338 nullo
1406 312 1564 354 genere

116 359 236 400 v‘ocis
267 357 420 408 effuso,
442 357 486 397 in
518 356 638 397 omni
671 369 777 397 voce
804 355 961 411 integri
996 355 1151 396 simus:
1183 362 1229 395 et
1263 365 1411 395 acutas
1446 356 1562 397 vocis

116 415 454 458 exclamationes
476 414 515 444 63
531 413 668 454 vitare
690 413 920 454 debemus:
953 413 1065 453 ictus
1097 412 1214 452 enim
1244 411 1309 462 fit,
1335 421 1379 452 et
1414 413 1561 453 vulne-

117 473 447 515 rantur-arteriae
470 480 598 512 acuta
621 479 750 526 atque
773 479 997 510 attenuata
1015 469 1144 510 nimis
1169 469 1495 520 acclamatione,
1518 480 1562 510 et

117 532 153 572 si
174 531 271 587 quis
294 529 495 586 splendor
516 537 582 569 est
604 529 739 578 vocis,
762 528 1032 568 consumitur
1065 542 1151 567 uno
1177 526 1364 568 clamore
1390 528 1563 568 univer-

117 603 210 630 sus:
241 597 285 629 et
314 601 401 628 uno
433 585 588 641 spiritu
622 585 897 627 continenter
943 585 1079 625 multa
1110 584 1252 626 dicere
1292 584 1334 625 in
1367 593 1565 626 extrema

115 644 321 687 convenit
350 644 569 684 oratione:
603 643 748 684 fauces
779 643 894 686 enim
914 642 1135 692 calefiunt,
1166 652 1210 683 et
1242 643 1412 683 arteriae.
1444 656 1565 683 com-

114 703 301 758 plentur,
323 710 368 742 et
390 716 492 751 vox,
515 715 613 756 quae
649 701 765 741 varie
800 709 983 741 tractata
1014 709 1094 750 cst,
1118 700 1340 741 reducitur
1362 700 1405 740 in
1429 714 1566 755 quen-

114 759 214 801 dam
237 773 390 801 sonum
414 759 672 813 aequabilem
695 767 825 813 atque
847 767 1136 799 constantem.
1181 757 1309 812 Saepe
1328 772 1468 798 rerum
1490 772 1565 797 na-

115 826 221 858 turae
254 816 395 873 gratia
424 816 624 871 quaedam
642 816 742 872 jure
764 816 960 866 debetur,
984 815 1101 855 velut
1131 814 1292 855 accidit
1323 817 1367 855 in
1400 815 1480 856 hac
1503 829 1563 858 re.

112 888 214 916 nam
236 889 334 930 quae
350 873 540 914 diximus
564 874 617 915 ad
635 888 783 915 vocem
809 873 1062 915 servandam
1085 872 1302 928 prodesse,
1325 873 1476 913 eadem
1499 882 1566 913 at-

113 932 254 973 tinent
274 932 327 973 ad
358 932 616 973 suavitatem
640 931 1023 988 pronuntiationis,
1047 938 1108 982 ut,
1131 930 1248 986 quod
1280 939 1440 971 nostrae
1466 930 1562 972 voci

112 990 264 1046 prosit,
284 989 400 1031 idem
419 988 642 1046 voluptate
670 989 879 1030 auditoris
902 990 1124 1045 probetur.
1187 987 1305 1030 Utile
1327 997 1390 1029 cst
1414 988 1465 1029 ad
1491 988 1562 1028 fir-
1573 1000 1627 1039 22

111 1047 372 1088 mitudinem
403 1048 538 1098 vocis,
562 1048 709 1088 sedata
731 1062 816 1088 vox
845 1047 888 1087 in
925 1046 1156 1103 princijno.
1189 1046 1293 1101 quid
1324 1046 1561 1098 insuavius,

111 1119 244 1159 quam
274 1104 437 1146 clamor
467 1107 512 1146 in
542 1105 724 1146 exordio
756 1107 924 1145 causae?
957 1103 1191 1144 Intervalla
1222 1118 1373 1144 vocem
1403 1104 1564 1145 confir-

111 1171 256 1204 mant:
290 1163 440 1203 eadem
473 1163 707 1204 sententias
731 1162 1033 1203 cont-iuniores
1057 1161 1272 1201 divisione
1295 1161 1497 1212 reddunt,
1519 1169 1566 1203 et

113 1219 301 1261 auditori
325 1220 514 1276 spatium
547 1219 772 1276 cogitandi
803 1219 1072 1274 relinquunt.
1136 1218 1379 1259 Conservat
1410 1234 1568 1261 vocem

114 1278 310 1319 continui
342 1277 541 1318 clamoris
574 1277 796 1319 remissio:
828 1286 873 1317 et
906 1276 1149 1317 auditorem
1181 1276 1359 1332 quidem
1382 1277 1567 1318 varietas

112 1335 304 1376 maxime
334 1335 545 1386 delectat;
577 1350 678 1376 cum
710 1349 908 1376 sermone
938 1335 1131 1375 animum
1165 1336 1258 1389 ejus
1282 1335 1455 1386 retinet,
1488 1344 1565 1376 aut

111 1393 351 1434 exsuscitat
371 1392 573 1434 clamore.
605 1392 751 1434 Acuta
773 1392 1035 1433 exclamatio
1061 1407 1212 1434 vocem
1236 1401 1280 1433 et
1302 1392 1448 1433 fauces
1470 1392 1564 1433 vul-

111 1459 255 1493 nerat:
287 1450 437 1491 eadem
460 1450 581 1491 laedit
603 1451 862 1492 auditorem.
895 1451 1027 1491 habet
1048 1450 1165 1491 enim
1189 1450 1396 1505 quiddam
1428 1450 1569 1492 illibe-

110 1507 210 1559 rale,
233 1519 277 1548 et
307 1509 359 1549 ad
391 1508 647 1550 muliebrem
680 1509 826 1566 potius
862 1508 1238 1559 vociferatitmem,
1268 1523 1399 1563 quam
1419 1509 1476 1549 ad
1499 1509 1564 1550 vi-

111 1565 233 1606 rilem
252 1565 513 1622 dignitatem
545 1567 589 1607 in
621 1567 807 1608 dicendo
832 1566 1227 1608 accommodatum.
1293 1566 1343 1607 [n
1368 1575 1566 1608 extrema

111 1623 307 1665 oratione
329 1625 556 1666 continens
577 1640 663 1665 vox
684 1625 875 1666 remedio
899 1634 962 1665 est
985 1626 1096 1665 voci.
1128 1625 1260 1680 quid?
1292 1624 1389 1665 haec
1412 1624 1563 1666 eadem

107 1693 254 1722 nonne
276 1682 470 1723 animum
492 1682 872 1724 vehementissime
890 1682 1091 1724 calefacit
1112 1682 1338 1734 auditoris,
1362 1682 1405 1723 in
1431 1683 1565 1724 totius

109 1739 389 1781 conclusione
407 1743 578 1783 causae?
604 1741 826 1787 Quoniam
849 1741 985 1798 igitur
1008 1755 1072 1782 res
1092 1740 1258 1781 eaedem
1282 1740 1402 1782 vocis
1427 1740 1568 1782 firmi-

111 1797 267 1847 tudini,
300 1806 345 1838 et
372 1799 414 1829 64
427 1799 797 1854 pronuntiationis
830 1799 1034 1841 suavitati
1067 1807 1266 1854 prosunt,
1297 1798 1352 1839 de
1385 1809 1566 1854 utraque

109 1866 155 1893 re
178 1853 303 1895 simul
326 1855 408 1896 erit
430 1858 473 1897 in
498 1857 731 1912 praesentia
762 1856 944 1907 dictum,
967 1857 1020 1897 de
1043 1857 1326 1907 firmitudine,
1350 1872 1449 1912 quae.
1473 1857 1567 1897 visa

108 1921 224 1962 sunt,
247 1913 300 1954 de
323 1914 550 1965 suavitate,
573 1929 671 1969 quae
695 1914 932 1970 conjuncta
955 1911 1162 1956 fuerunti
1187 1924 1346 1955 caetera
1369 1929 1445 1955 suo
1464 1914 1563 1955 loco

109 1969 254 2023 paullo
292 1979 392 2026 post
434 1972 643 2013 dicemus·
726 1971 966 2013 Mollitudo
1002 1973 1138 2028 igitur
1180 1972 1315 2023 vocis,
1352 1968 1646 2028 quoniam13

108 2027 249 2067 omnis
272 2028 325 2069 ad
350 2029 533 2070 rhetoris
558 2031 900 2086 praeceptionem
922 2032 1127 2087 pertinet,
1150 2029 1406 2086 diligentius
1432 2030 1623 2074 nobi523

108 2084 423 2128 consideranda
444 2097 523 2128 est.
576 2087 687 2128 Eam
709 2088 944 2129 dividimus
968 2089 1012 2130 in
1036 2102 1294 2139 sermonem,
1315 2089 1562 2129 contentio·
1572 2090 1605 2120 b·

106 2154 223 2194 nem,
254 2144 656 2200 amplificationem.
719 2146 871 2187 Sermo
903 2156 968 2187 est
1001 2146 1141 2187 oratio
1173 2145 1368 2197 remissa,
1390 2155 1435 2187 et
1465 2146 1564 2187 fini-

107 2199 216 2241 tima
254 2202 522 2257 quotidianae
556 2203 795 2247 locutioni:
829 2205 1057 2246 contentio
1088 2213 1154 2245 est
1186 2204 1326 2245 oratio
1362 2204 1487 2255 acris,
1521 2214 1565 2245 et

107 2257 161 2299 ad
199 2259 562 2314 confirmandum,
601 2262 642 2292 65
661 2270 706 2303 et
739 2263 793 2303 ad
836 2262 1155 2304 confutandum
1205 2262 1562 2306 accommodata:

106 2316 391 2373 amplificatio
421 2328 486 2360 est
519 2319 674 2373 oratio,
707 2335 805 2376 quae
829 2320 871 2350 66
889 2330 965 2362 aut
996 2320 1041 2362 in
1072 2320 1344 2362 iracundiam
1376 2320 1563 2372 inducit,

148 2431 189 2464 62
216 2432 415 2466 Continuam
426 2436 604 2466 clamorem
616 2436 809 2476 remittere]
857 2435 913 2466 riis
941 2436 983 2467 ad
1009 2436 1152 2467 formam
1180 2434 1396 2476 praecedentis
1419 2435 1565 2467 formata

105 2472 185 2505 Mss.
206 2475 317 2516 plures
338 2481 374 2507 et
387 2476 461 2508 edd.
482 2488 532 2518 pr.
559 2487 662 2518 usque
677 2478 718 2508 ad
737 2479 811 2510 Ald.
857 2483 920 2516 est,
935 2480 1128 2518 factumque
1143 2479 1317 2518 vulgatum
1332 2478 1549 2509 szcavitudz'ni.

105 2518 273 2564 oniittere3
300 2518 387 2558 quod
401 2530 470 2550 non
491 2520 654 2560 displicet,
678 2526 815 2562 propter
900 2522 941 2552 65
965 2521 1016 2552 Et
1030 2522 1076 2552 ad
1089 2521 1354 2561 consiliandum]
1370 2521 1565 2552 Addidimus

103 2559 277 2599 epitheton
291 2562 444 2593 clamoris
459 2565 650 2594 continuum
660 2575 670 2593 .·
693 2564 750 2594 sed
762 2569 814 2595 ta·
858 2565 905 2595 ad
915 2575 932 2594 e
948 2564 1029 2594 Mss.
1043 2564 1131 2604 quod
1144 2568 1179 2594 et
1201 2564 1343 2593 auctoris
1358 2564 1564 2595 consuetudo

105 2610 183 2649 men
204 2608 240 2633 et
257 2603 345 2636 infra
357 2610 419 2643 est,
434 2607 580 2636 continua·
594 2608 748 2637 clamoris
761 2618 813 2638 re·
855 2611 1016 2648 perpetua
1030 2607 1166 2646 requirit
1181 2606 1216 2636 in
1230 2606 1293 2637 hac
1307 2606 1425 2637 forma.

106 2646 223 2675 missio.
900 2650 941 2681 66
964 2650 1033 2680 Aut
1047 2651 1083 2679 {n
1107 2650 1190 2679 irae.
1215 2649 1344 2678 inducit
1359 2649 1432 2689 &c.]
1460 2649 1561 2680 Dedi-

147 2687 188 2718 63
215 2688 332 2720 Vitare
351 2690 526 2731 debemus]
552 2690 746 2722 Addidimus
761 2692 813 2722 de·
858 2702 932 2723 mus
946 2693 982 2722 in
995 2703 1013 2722 e
1028 2693 1108 2722 Mss.
1123 2696 1157 2722 et
1171 2691 1242 2722 edd.
1258 2701 1307 2732 pr.
1321 2701 1381 2732 pro
1394 2693 1449 2722 ad.
1465 2693 1562 2722 Cete-

106 2728 229 2766 bemus,
243 2732 330 2770 quod
343 2738 378 2763 et
399 2733 480 2764 Mss.
502 2734 600 2764 multi
616 2734 754 2771 habent,
780 2739 814 2765 et
858 2745 934 2765 rum
947 2735 1154 2775 suspicamur
1162 2735 1261 2764 verba
1273 2735 1400 2764 inducit
1414 2740 1448 2765 et
1457 2736 1563 2765 trahit

104 2770 178 2803 edd.
197 2783 245 2813 pr.
260 2784 385 2806 omnes.
430 2775 475 2806 Et
489 2786 566 2806 cum
581 2781 692 2807 cetera
705 2787 810 2808 mem-
852 2787 921 2808 esse
935 2783 1137 2818 permutata.
1151 2787 1230 2808 nam
1243 2779 1376 2808 trahere
1389 2777 1499 2818 aptius
1513 2782 1563 2808 est

106 2813 164 2845 bra
185 2814 330 2848 habeant
350 2818 501 2856 verbum,
517 2829 576 2850 cur
597 2819 634 2851 in
656 2819 719 2850 hoc
740 2829 810 2850 uno
853 2821 925 2858 irae,
964 2821 1119 2851 inducere
1160 2824 1274 2851 autem
1310 2819 1561 2850 misericorditer

104 2863 173 2886 ¹³0ss
187 2858 253 2888 Sit?
854 2873 1054 2904 quamquam
1068 2868 1104 2895 et
1120 2867 1196 2904 post
1220 2867 1270 2892 ast
1286 2863 1332 2893 ad
1351 2862 1565 2894 iracundiam

146 2899 188 2930 64
211 2900 449 2934 Pronuntiatio
460 2905 646 2944 suavitati]
673 2905 725 2936 Sic
738 2905 810 2936 edd.
853 2907 1028 2938 adducere.

106 2946 186 2972 vett.
202 2951 304 2985 usque
317 2944 358 2976 ad
371 2945 445 2976 Ald.
456 2947 667 2979 Tei-minatio
680 2959 700 2980 a
711 2948 810 2980 libra—
