1945 3235
302 127 378 161 584
902 125 1190 166 ORATOR.

302 233 394 285 pro'
423 228 573 281 Avito,
607 244 684 286 pro
718 229 935 283 Cornelio,
975 232 1303 289 compluresque
1334 229 1445 271 aliae.
1476 244 1605 272 nemo
1637 232 1756 275 enim

303 295 450 327 orator
472 295 560 328 tam
582 288 731 340 multa,
753 303 807 330 ne
838 289 882 330 in
904 290 1063 332 Graeco
1086 288 1260 345 quidem
1288 288 1394 340 otio,
1417 288 1604 345 scripsit,
1624 303 1758 345 quam

303 344 440 385 multa
462 354 563 386 sunt
584 356 753 388 nostra:
786 361 920 402 eaque
942 347 1053 389 hanc
1082 347 1219 403 ipsam
1242 345 1418 397 habent,
1446 360 1576 402 quam
1603 347 1759 402 probo,

220 417 287 464 31
307 402 574 443 varietatem.
615 402 686 445 An
708 419 791 461 ego
817 404 1025 456 Homero,
1052 404 1208 453 Ennio,
1231 403 1405 458 reliquis
1423 403 1582 460 poetis,
1602 413 1647 444 et
1667 418 1759 445 ma-

219 491 292 527 109
308 459 425 500 xime
448 460 622 516 tragicis
650 462 947 513 concederem,
971 472 1018 503 ut
1048 477 1102 504 ne
1129 461 1330 502 omnibus
1352 460 1458 502 locis
1485 461 1634 503 eadem
1654 476 1761 503 con-

306 517 500 559 tentione
522 528 756 569 uterentur,
771 520 1009 574 crebroque
1032 528 1262 569 mutarent,
1279 533 1606 575 nonnumquam
1627 519 1760 561 etiam

304 575 357 616 ad
380 576 682 631 quotidianum
706 591 841 632 genus
865 579 1074 618 sermonis
1097 575 1377 619 accederent:
1410 577 1502 633 ipse
1523 591 1761 632 numquam

304 633 360 673 ab
393 633 464 674 illa
491 634 698 674 acerrima
729 634 1010 680 contentione
1043 634 1331 676 discederem?
1363 634 1447 676 Sed
1471 634 1576 690 quid
1600 634 1752 691 po'etas

304 689 453 732 divino
477 691 652 747 ingenio
685 691 885 748 profero?
928 695 968 726 79
982 690 1230 733 Histriones
1260 707 1332 733 eos
1367 693 1567 744 vidimus,
1600 692 1767 748 quibus

303 748 411 788 nihil
430 758 575 803 posset
596 749 640 789 in
655 764 731 790 suo
755 764 910 805 genere
932 764 1024 790 esse
1047 750 1336 806 praestantius‚
1351 751 1424 805 qui
1447 749 1696 791 non-solum
1713 749 1760 791 in

305 804 603 846 dissimillimis
623 808 816 862 personis
840 806 1179 857 satisfaciebant,
1201 821 1300 848 cum
1323 817 1466 848 tamen
1488 808 1533 849 in
1556 809 1643 849 suis
1665 821 1761 849 ver-

307 873 514 914 sarentur,
538 864 610 905 sed
634 873 678 905 et
700 866 951 906 comoedum
974 865 1018 906 in
1038 864 1264 921 t1·agoediS‚
1284 875 1327 905 et
1350 866 1599 921 tragoedum
1622 865 1667 906 in
1690 880 1765 907 co-

220 920 482 982 llomoediis
516 921 750 964 admodum
789 923 957 979 placere
999 923 1200 965 vidimus.
1262 921 1359 978 Ego
1400 937 1488 964 non
1520 923 1768 965 elaborem?

310 977 421 1019 Cum
457 978 556 1020 dico
588 994 685 1022 me:
724 989 782 1031 te,
815 980 965 1031 Brute,
1000 980 1114 1022 dico.
1138 995 1240 1021 nam
1271 980 1315 1020 in
1347 994 1416 1021 me
1447 980 1624 1036 quidem
1650 980 1768 1036 jam-

307 1036 474 1091 pridem
497 1036 701 1079 effectum
734 1048 812 1089 est,
836 1039 952 1094 quod
979 1038 1172 1079 futurum
1194 1037 1294 1079 fuit.
1355 1037 1420 1079 Tu
1446 1046 1592 1079 autem
1613 1039 1766 1080 eodem

306 1093 438 1135 modo
461 1109 610 1136 omnes
635 1111 785 1137 causas
820 1098 946 1153 ages?
979 1107 1054 1137 aut
1086 1095 1260 1151 aliquod
1296 1110 1521 1138 causarum
1545 1110 1680 1152 genus
1702 1110 1770 1136 re-

308 1151 537 1207 pudiabis?
575 1164 649 1194 aut
671 1154 714 1194 in
738 1153 890 1195 iisdem
922 1154 1061 1196 causis
1085 1163 1342 1211 perpetuum
1363 1163 1408 1195 et
1437 1154 1622 1195 eundem
1644 1153 1771 1211 spiri-

309 1218 403 1250 tum
436 1210 527 1251 sine
560 1211 644 1252 ulla
673 1212 1016 1253 commutatione
1047 1211 1290 1254 obtinebis?
1324 1210 1643 1253 Demosthenes
1674 1211 1772 1267 qui-

311 1267 424 1318 dem,
455 1268 579 1323 cujus
613 1284 751 1325 nuper
788 1270 900 1311 inter
936 1270 1147 1327 imagines
1182 1279 1291 1321 tuas,
1322 1285 1372 1311 ac
1407 1278 1595 1320 tuorum,
1631 1269 1772 1324 (quod

312 1340 426 1376 enm,
451 1327 595 1377 credo,
626 1329 825 1379 amares,)
851 1343 950 1369 cum
980 1329 1033 1369 ad
1072 1338 1113 1369 te
1143 1328 1187 1369 in
1218 1326 1512 1369 Tusculanum
1542 1327 1772 1378 venissem,

311 1382 548 1439 imaginem
578 1399 633 1426 ex
671 1400 755 1426 aere
789 1386 892 1436 vidi,
924 1386 1032 1427 nihil
1064 1385 1206 1443 Lysiae
1241 1385 1482 1427 subtilitate
1509 1385 1639 1436 cedit,
1660 1384 1772 1427 nihil

313 1441 494 1497 argutiis
536 1452 579 1483 et
618 1443 818 1484 acumine
850 1443 1083 1500 Hyperidi,
1119 1442 1229 1485 nihil
1264 1443 1442 1484 lenitate
1472 1443 1689 1494 AEschini‚
1728 1452 1774 1484 et

228 1523 296 1555 111
315 1499 541 1554 splendore
565 1501 808 1542 verborum,
871 1500 1029 1542 Multae
1053 1510 1153 1542 sunt
1174 1501 1266 1556 ejus
1290 1509 1395 1542 totae
1427 1501 1644 1542 orationes
1667 1500 1771 1542 sub-

178 1581 208 1614 p,
226 1573 298 1604 207.
316 1556 424 1607 tiles,
450 1568 495 1598 ut
517 1567 669 1598 contra
696 1558 951 1614 Leptinem:
983 1559 1133 1600 multae
1166 1568 1270 1600 totae
1295 1573 1461 1614 graveS,
1493 1568 1542 1600 ut
1571 1558 1773 1614 quaedam

269 1624 299 1644 ἃ·
315 1613 598 1670 Philippicae:
640 1616 788 1657 multae
820 1617 967 1668 variae,
1001 1627 1049 1658 ut
1082 1624 1234 1658 contra
1259 1615 1530 1667 AEschinem,
1563 1615 1682 1658 falsae
1714 1616 1777 1658 le-

311 1673 516 1728 gationiS,
549 1682 596 1714 ut
626 1683 778 1715 eontra
807 1675 990 1716 eundem
1026 1689 1103 1731 pro
1137 1689 1266 1716 causa
1297 1673 1614 1731 CtesiphontiS.
1672 1673 1776 1716 Jam

311 1730 415 1772 illud
448 1731 639 1773 medium
672 1732 843 1788 quoties
876 1732 981 1784 vult,
1019 1733 1184 1789 arripit,
1221 1741 1264 1773 et
1294 1748 1318 1773 a
1347 1732 1604 1789 gravissimo
1635 1731 1775 1775 disce-

311 1788 432 1840 dens,
457 1803 508 1830 eo
539 1789 814 1845 potissimum
846 1790 1074 1833 delabitur.
1138 1790 1359 1832 Clamores
1383 1799 1527 1832 tamen
1556 1798 1650 1831 tum
1679 1804 1776 1831 mo-

312 1855 400 1897 vet,
429 1857 472 1888 et
505 1858 596 1888 tum
629 1847 672 1888 in
707 1848 891 1889 dicendo
917 1848 1150 1905 plurimum
1171 1848 1320 1900 efficit,
1340 1863 1439 1890 cum
1463 1848 1690 1905 gravitatis
1712 1847 1777 1889 lo-

227 1942 299 1977 110
314 1903 375 1945 cis
394 1905 545 1946 utitur.
608 1905 692 1947 Sed
715 1907 769 1947 ab
792 1906 876 1948 hoc
909 1921 1138 1963 parumper
1159 1908 1390 1959 abeamus3
1421 1905 1773 1962 quandoquidem

280 1961 366 2003 “de
389 1977 560 2019 genere,
577 1978 666 2005 non
689 1963 742 2005 de
767 1964 943 2005 homine
965 1965 1225 2020 quaerimus:
1257 1964 1316 2006 rei
1341 1965 1501 2021 potius,
1525 1964 1566 2006 id
1589 1973 1669 2015 est,
1685 1963 1776 2005 elo-

311 2021 502 2076 quentiae
528 2022 615 2063 vim
634 2030 678 2063 et
699 2031 898 2063 naturam
917 2022 1200 2079 explicemus.
1233 2021 1344 2064 Illud
1370 2034 1528 2073 tamen,
1546 2022 1663 2078 quod
1679 2021 1775 2077 jam

312 2088 413 2119 ante
445 2079 653 2131 diximus,
681 2080 1021 2131 meminerimus,
1055 2081 1116 2123 nil
1145 2095 1223 2121 nos
1254 2080 1538 2137 praecipiendi
1571 2082 1776 2121 Socaussa

312 2135 531 2178 dicturos:
565 2148 694 2194 atque
731 2138 792 2179 ita
821 2138 964 2194 potius
988 2147 1176 2189 acturos,
1208 2148 1257 2179 ut
1287 2139 1606 2179 existimatores
1630 2137 1776 2179 videa-

311 2207 410 2235 mur
432 2194 566 2250 loqui,
590 2210 676 2237 non
710 2196 923 2253 magistri.
986 2195 1038 2237 In
1061 2211 1148 2252 quo
1180 2205 1324 2236 tamen
1354 2196 1526 2253 longius
1550 2195 1775 2252 progredi-

313 2266 425 2301 mur,
448 2253 563 2308 quod
587 2253 797 2305 videmus,
817 2269 904 2295 non
926 2263 968 2295 te
990 2253 1086 2295 haec
1109 2253 1247 2294 solum
1270 2268 1361 2295 esse
1383 2253 1610 2305 lecturum,
1629 2253 1704 2309 qui
1725 2267 1776 2294 ea

314 2309 469 2361 multo,
499 2325 629 2366 quam
664 2325 757 2362 nos,
791 2312 866 2367 qui
896 2312 1018 2368 quasi
1050 2311 1205 2354 docere
1235 2311 1472 2363 videamur,
1505 2311 1665 2353 habeas
1697 2325 1777 2352 no-

317 2472 357 2498 nt
377 2478 437 2509 pro
453 2468 573 2500 Roscio
593 2469 685 2500 locus
703 2468 742 2500 de
767 2470 1025 2507 accusatoribus,
1070 2474 1156 2501 esset
1182 2471 1383 2507 (indicimus,
1399 2479 1466 2500 non
1487 2469 1686 2510 displiceret,
1700 2478 1777 2510 pro·

320 2511 359 2541 de
374 2513 495 2542 caussis
513 2512 677 2552 parricidii
701 2513 760 2542 ἃς.
784 2522 844 2553 pro
859 2512 970 2550 Avito,
987 2514 1025 2544 de
1070 2518 1144 2553 pter
1179 2514 1393 2544 varietatem:
1428 2519 1463 2543 et
1490 2511 1576 2542 forte
1609 2512 1779 2543 audiimus

320 2554 409 2583 notis
425 2555 580 2584 censoriis
595 2560 629 2585 et
641 2554 716 2585 alia.
1071 2560 1280 2586 contractum
1304 2559 1391 2585 esset
1404 2555 1438 2585 in
1458 2555 1632 2585 audimus:
1655 2554 1712 2585 sed
1725 2561 1781 2586 ta-

363 2600 405 2631 79
431 2595 614 2627 Histriones
635 2607 685 2627 eos
700 2597 855 2637 vidimus]
885 2598 938 2627 Sic
960 2598 1028 2628 edi·
1071 2608 1150 2628 men
1192 2598 1296 2638 magis
1334 2598 1373 2628 de
1416 2598 1546 2628 actione
1582 2607 1690 2628 sermo
1725 2602 1778 2629 est

321 2638 354 2669 di
386 2649 446 2679 pro
475 2639 632 2676 videmus,
659 2639 713 2670 hic
741 2644 774 2670 et
802 2640 914 2680 paullo
942 2646 1027 2680 post.
1073 2641 1236 2678 universa,
1265 2650 1363 2680 quam
1399 2639 1438 2670 de
1473 2639 1544 2671 sola
1578 2640 1779 2681 pronuncia-

319 2691 398 2712 nam
427 2685 461 2711 et
495 2681 533 2711 de
563 2683 703 2713 mortuis
731 2682 891 2722 loquitur,
919 2689 954 2713 et
979 2693 1028 2713 se-
1070 2684 1173 2714 tione.

321 2725 434 2763 quitur
459 2729 574 2763 posset.
615 2725 667 2754 Sic
704 2729 739 2755 et
776 2725 877 2756 edidit
911 2725 1026 2763 Aldus,
1114 2729 1154 2757 80
1176 2736 1278 2757 causa
1314 2725 1471 2765 dicturos]
1511 2725 1674 2764 Sic,-sine
1699 2735 1776 2764 esse,

319 2767 416 2797 dunt.
444 2766 567 2806 Gryph.
589 2772 623 2796 et
646 2767 681 2796 in
703 2766 808 2798 altero
833 2768 905 2798 loco
928 2768 1027 2799 habet
1070 2768 1143 2799 edd.
1169 2779 1218 2810 pr.
1236 2771 1320 2801 Ven.
1343 2768 1446 2807 Med„
1467 2768 1562 2808 idque
1586 2768 1704 2801 melius
1724 2767 1778 2799 hie

321 2809 370 2839 ed.
396 2811 480 2841 Ven.
511 2809 600 2839 Med.
628 2809 701 2840 Ald.
731 2809 821 2850 Lips.
858 2811 919 2840 Ed.
943 2811 1024 2841 Ven.
1069 2816 1177 2843 sonat.

321 2851 410 2883 Med.
433 2851 533 2883 habet
557 2851 663 2893 primo
687 2852 761 2884 loco
788 2853 950 2884 audimus.
993 2855 1026 2884 Si
