1945 3235
374 158 422 190 86
842 152 918 190 AD
953 150 1323 190 HERENNIUM

374 255 556 297 inultum
588 254 807 297 collocarit
838 255 879 296 in
915 271 1029 306 casu,
1063 256 1163 310 quid
1199 263 1276 305 est,
1306 254 1419 310 quod
1455 255 1492 295 ei
1531 269 1790 313 magnopere

374 327 497 354 casus
531 312 678 353 obesse
710 312 868 368 possit?
920 312 970 353 In
1004 312 1292 360 conclusione,
1322 312 1403 352 hoc
1437 319 1586 367 pacto:
1620 312 1788 360 Quodsi

376 370 421 410 in
443 384 514 411 eos
538 369 762 426 plurimum
785 369 956 410 fortuna
978 378 1132 424 potest,
1153 369 1225 423 qui
1246 383 1340 409 suas
1364 368 1547 409 rationes
1577 383 1724 410 omnes
1743 369 1790 413 in

376 441 521 468 casum
545 427 839 477 contulerunt3
870 440 956 466 non
976 434 1071 466 suut
1095 425 1239 465 omnia
1261 424 1569 466 committenda
1590 424 1791 477 fortunae,

379 498 430 524 ne
456 498 653 540 magnam
690 483 814 524 nimis
844 483 887 523 in
927 497 1003 523 nos
1036 482 1190 523 habeat
1218 481 1569 522 dominationem.
1643 481 1693 523 ln
1723 481 1792 523 his

378 541 513 581 tribus
535 539 762 596 generibus
784 539 836 580 ad
867 538 1204 580 continuationis
1237 538 1320 579 vim
1344 538 1449 579 adeo
1473 537 1793 594 5frequentatio

377 606 442 638 cst
474 597 722 646 necessaria,
757 605 805 636 ut
845 595 1014 636 infirma
1045 594 1224 636 facultas
1263 595 1442 636 oratoris
1472 595 1676 646 videatur,
1710 595 1794 637 nisi

378 654 648 703 sententiam,
685 662 727 693 et
763 652 1039 702 contrarium,
1068 662 1111 692 et
1151 651 1468 694 conclusionem
1500 651 1795 708 frequentibus

377 710 526 751 efferat
548 709 702 750 verbis.
762 709 845 750 Sed
872 718 915 750 et
935 710 1037 750 alias
1058 723 1228 763 quoque
1259 723 1563 764 nonnunquam
1587 722 1671 749 non
1693 707 1797 749 alie-

379 781 483 808 num
516 775 594 817 cst,
624 766 792 807 tametsi
826 780 995 808 necesse
1038 779 1121 806 non
1152 774 1230 815 est,
1262 766 1403 822 eloqui
1434 780 1497 806 res
1529 764 1691 821 aliquas
1721 778 1796 822 per

381 822 677 878 hujuscemodi
701 823 1059 864 continuationes.

300 879 370 935 '20
439 879 628 936 Compar
649 880 900 935 appellatur,
921 880 1036 934 quod
1070 878 1200 920 habet
1221 879 1263 919 in
1295 893 1339 920 se
1361 880 1553 920 membra
1573 878 1795 929 orationis,

382 937 434 978 de
463 937 618 992 quibus
651 946 750 977 ante
783 936 986 986 diximus,
1020 936 1147 990 6quae
1175 944 1373 977 constent
1400 951 1455 977 ex
1480 937 1569 992 pari
1600 935 1690 978 fere
1720 949 1799 976 nu-

337 991 498 1034 bmero
533 993 804 1048 syllabarum.
865 992 966 1034 Hoc
999 995 1118 1032 7non
1148 991 1489 1033 dinumeratione
1521 1001 1667 1034 nostra
1698 991 1797 1034 fiet:

381 1055 498 1103 (nam
522 1051 564 1091 id
586 1051 758 1105 quidem
783 1055 801 1082 8
817 1049 974 1106 puerile
1002 1049 1102 1099 est,)
1124 1048 1196 1089 sed
1218 1052 1419 1090 9tantum
1451 1048 1604 1090 afferet-
1627 1063 1723 1090 usus
1753 1057 1799 1089 et

380 1106 632 1148 exercitatio
657 1107 886 1157 facultatis,
906 1116 953 1147 ut
973 1105 1104 1146 animi
1123 1104 1310 1160 quodam
1329 1119 1452 1146 sensu
1472 1120 1548 1161 par
1560 1107 1800 1147 membrum

383 1163 587 1220 superiori
623 1164 776 1205 referre
808 1164 1033 1220 possimus,
1055 1162 1138 1203 hoc
1159 1162 1314 1203 modo:
1348 1161 1399 1203 ln
1434 1162 1589 1218 proelio
1617 1171 1801 1204 mortem

383 1230 503 1278 pater
541 1222 788 1277 oppetebat,
831 1221 947 1262 domi
996 1219 1107 1260 filius
1142 1219 1314 1274 nuptias
1356 1220 1656 1274 coinparabat3
1705 1219 1802 1260 haec

383 1278 528 1319 omnia
549 1292 698 1334 graves
721 1293 842 1319 casus
865 1276 1235 1319 administrabant.
1289 1275 1415 1327 Item,
1438 1276 1523 1316 Alii
1546 1275 1719 1317 fortuna
1739 1275 1802 1316 fe-

322 1334 588 1376 ‘28licitatem
621 1335 753 1385 dedit,
794 1335 892 1376 huie
928 1333 1137 1375 industria
1170 1333 1372 1374 virtutem
1405 1333 1686 1389 comparavit.
1747 1331 1800 1374 In

383 1392 467 1433 hoc
485 1405 639 1447 genere
662 1406 775 1448 saepe
794 1392 884 1432 fieri
913 1398 1068 1447 potest,
1100 1399 1147 1430 ut
1170 1404 1253 1430 non
1279 1390 1401 1446 plane
1422 1404 1498 1446 par
1528 1390 1584 1430 sit
1603 1403 1804 1432 numerus

384 1448 656 1503 syllabarum,
678 1459 721 1489 et
744 1458 885 1489 tamen
908 1462 997 1489 esse
1017 1447 1223 1497 videatur,
1244 1448 1277 1488 si
1300 1462 1385 1488 una
1415 1455 1489 1487 aut
1517 1447 1646 1487 etiam
1673 1446 1806 1488 altera

387 1509 424 1535 10
439 1504 600 1560 syllaba
641 1515 705 1547 est
741 1506 990 1546 alterutrum
1030 1504 1225 1545 brevius:
1269 1513 1342 1544 aut
1377 1504 1427 1554 si,
1460 1517 1559 1544 cum
1597 1504 1640 1544 in
1671 1503 1805 1545 altero

382 1561 521 1617 plures
544 1572 656 1613 sunt,
680 1563 721 1603 in
753 1563 884 1603 altero
912 1565 941 1592 Η
960 1561 1142 1617 longior,
1173 1570 1246 1600 aut
1268 1560 1497 1617 longioreS,
1528 1560 1708 1616 plenior,
1730 1567 1806 1601 aut

383 1618 592 1674 pleniores
611 1620 784 1674 syllabae
808 1627 954 1659 crunt:
986 1627 1034 1659 ut
1056 1617 1282 1674 longitudo
1305 1627 1378 1659 aut
1398 1617 1620 1674 plenitudo
1640 1617 1805 1668 harum,

381 1675 699 1717 multitudinem
724 1676 896 1717 alterius
919 1684 1170 1730 assequatur
1191 1684 1235 1715 ct
1252 1683 1466 1729 exaequet.

440 1732 644 1774 Similiter
674 1734 829 1775 cadens
863 1736 900 1765 12
912 1733 1137 1774 exornatio
1171 1731 1422 1787 appellatur,
1451 1745 1548 1772 cum
1582 1730 1625 1771 in
1658 1727 1807 1772 eadem

382 1791 701 1832 constructione
741 1791 983 1840 verborum,
1021 1789 1106 1830 duo
1138 1798 1213 1829 aut
1254 1788 1375 1845 plura
1407 1796 1507 1829 sunt
1534 1788 1678 1839 verba,
1709 1801 1806 1844 quae

425 1916 444 1945 5
459 1913 686 1954 Frequemata'o
707 1919 752 1946 est
773 1913 979 1953 necessaria]
1025 1913 1077 1943 An
1118 1912 1168 1943 vel
1169 1911 1274 1952 soree.

383 1956 500 1986 excidit
516 1958 709 1987 verbm-um?
732 1957 816 1997 quod
840 1957 957 1987 saltem
980 1955 1077 1985 intel·
1161 1959 1180 1988 9
1197 1954 1342 1985 Tantum
1369 1952 1488 1996 afferet
1513 1954 1617 1995 mma]
1653 1953 1734 1985 Haec
1759 1957 1810 1984 est

384 1997 441 2036 ligi
460 1998 565 2028 «lebet.
610 1999 719 2029 Etiam
741 1998 989 2029 continuationis
1008 2007 1078 2027 ver-

384 2039 462 2070 bum
475 2044 661 2079 suspectum
675 2040 755 2071 mihi
770 2050 896 2080 semper
907 2040 982 2069 fuit.
1015 2039 1078 2069 Co-

386 2082 485 2119 gitaxi
500 2081 674 2121 aliquando
686 2083 848 2112 orationis.
871 2081 957 2112 Nam
973 2090 1078 2111 sermo

386 2129 434 2153 est
444 2123 481 2153 dc·
495 2124 687 2154 elocutionis
702 2124 824 2163 figuris.

429 2166 449 2195 6
463 2166 547 2206 Qum
560 2166 725 2205 constent]
760 2166 810 2195 Sic
835 2165 912 2195 Mss.
929 2164 1077 2195 meliores

387 2212 418 2236 et
439 2207 487 2237 ed.
517 2210 604 2240 1474.
631 2207 725 2246 idque
751 2208 868 2237 rectius
890 2211 922 2237 et
945 2206 1078 2236 latinius

388 2249 522 2287 vulgato
537 2254 683 2280 constant
692 2263 701 2282 ,·
726 2251 802 2289 quia
817 2249 982 2289 praecedit,
998 2247 1082 2287 quod

389 2292 494 2321 habet.

432 2336 450 2366 7
468 2333 546 2363 Non
579 2334 836 2364 dinumeratione
863 2337 973 2363 nostra
984 2330 1076 2374 fieL]

392 2375 677 2409 Βὶιιηηιεναιὶοηε,
700 2376 785 2414 qtrod
802 2376 872 2413 jam
902 2374 1079 2405 Lambinus

392 2416 505 2452 edidit,
520 2417 615 2456 plane
632 2418 729 2448 habet
753 2417 815 2447 Ms.
829 2417 921 2446 Voss.
937 2416 991 2446 alii
1006 2415 1080 2446 libri

393 2468 452 2487 scr.
481 2459 756 2493 denumeratimae,
778 2458 863 2489 unde
885 2459 1010 2489 factum
1032 2463 1081 2487 est

393 2501 430 2529 de
444 2510 551 2530 enom.
596 2501 748 2531 Ceterum
763 2502 862 2531 etiarn
876 2505 987 2530 nostra
1001 2499 1082 2530 mihi

393 2542 578 2582 suspectum
591 2549 653 2578 cst,
667 2542 752 2582 quod
760 2543 856 2582 longe
869 2542 984 2572 melius
993 2542 1081 2572 abes-

395 2589 456 2614 set.
501 2584 543 2614 Et
559 2584 630 2614 anis
644 2595 770 2623 quoque
793 2585 871 2615 loeis
886 2584 1081 2625 pronomina

395 2631 517 2656 temere
531 2625 642 2656 addita
654 2632 741 2656 sunt.
774 2627 826 2657 Sic
847 2638 876 2656 c.
894 2629 942 2660 19.
963 2626 1084 2656 duobus

398 2669 548 2698 membris
574 2667 652 2697 Mss.
688 2668 819 2707 quidam
847 2667 970 2698 addunt
998 2668 1080 2698 suis.-

395 2709 482 2748 quod
505 2714 539 2740 ct
558 2709 706 2740 Oudend.
727 2711 824 2750 recipi
846 2710 997 2746 volebat3
1027 2718 1082 2740 ne-

395 2761 463 2781 scio
478 2761 586 2790 quare.

399 2813 404 2818 -
439 2796 456 2823 Β
474 2793 609 2824 Puerile
622 2794 691 2833 εει]
730 2793 794 2824 Est
809 2793 898 2823 abest
918 2803 937 2823 a
953 2793 1084 2832 quibus-

396 2835 469 2864 dam
484 2835 582 2865 libris.
627 2835 722 2866 Certe
736 2835 894 2865 latinitati
917 2844 983 2865 non
1005 2844 1083 2864 con-

399 2877 496 2914 vonit,
512 2887 583 2916 ‘1¹¹ae
606 2883 663 2908 aut
684 2878 725 2908 sit
746 2878 893 2917 requirit,
915 2881 974 2908 aut
995 2880 1084 2915 esset,

1120 1997 1333 2027 veriorleetio
1354 1997 1524 2033 libroruin,
1545 1998 1645 2028 etiam
1668 1995 1756 2036 Lips.
1774 2001 1810 2027 et

1120 2039 1169 2068 ed.
1186 2038 1318 2068 Mecliol.
1339 2049 1386 2078 pr.
1430 2039 1462 2068 Si
1486 2036 1589 2079 qffert
1611 2047 1723 2068 verum
1745 2042 1809 2075 est,

1120 2090 1218 2120 supra
1232 2079 1403 2119 legendum
1416 2080 1479 2110 erit
1482 2080 1542 2119 fle,
1557 2089 1623 2110 non
1628 2080 1703 2122 fiet.

1167 2125 1204 2153 10
1218 2121 1353 2160 Syllaba
1367 2126 1413 2152 est
1433 2123 1634 2153 alterutrum
1656 2120 1808 2161 brevius]

1123 2163 1217 2194 Hanc
1236 2164 1423 2201 lectionem,
1441 2173 1537 2203 quam
1561 2165 1747 2203 conjectura
1760 2172 1810 2194 as·

1121 2212 1250 2236 secutus
1273 2211 1342 2236 erat
1365 2206 1522 2242 Graevius,
1546 2206 1580 2235 in
1593 2205 1718 2236 duobus
1732 2205 1811 2236 Mss.

1123 2248 1241 2287 reperit
1256 2247 1514 2287 Oudendorpius.
1559 2246 1641 2278 Eam
1664 2256 1722 2278 nos
1739 2247 1811 2278 vul-

1119 2298 1203 2330 gatae
1215 2291 1442 2328 alterumjure
1455 2289 1671 2330 praetulimus.
1708 2290 1812 2330 Supra

1120 2331 1270 2362 similiter
1297 2332 1506 2362 correximus.
1549 2331 1704 2362 Ceterum
1733 2331 1809 2362 libri

1122 2373 1251 2413 quidam
1266 2374 1388 2404 habent
1401 2375 1545 2404 atterum
1558 2374 1660 2404 altero
1672 2374 1810 2410 brevius,

1123 2421 1158 2445 ut
1175 2415 1224 2445 ed.
1244 2418 1331 2448 1474.
1347 2415 1482 2446 Mediol.
1501 2418 1590 2450 1498.
1610 2415 1706 2447 ‹lunt-
1749 2414 1814 2448 Sed

1124 2457 1221 2487 nimis
1234 2458 1384 2497 frequens
1400 2458 1438 2488 fit
1452 2458 1585 2488 verbum
1600 2458 1696 2489 alter.

1170 2502 1202 2529 11
1233 2500 1375 2537 Longior
1400 2503 1460 2530 aut
1494 2500 1663 2538 longiores,
1684 2500 1813 2540 plenior

1125 2546 1183 2571 aul
1194 2543 1352 2580 pleniores
1362 2541 1517 2581 syllaba]
1537 2541 1694 2580 Longior,
1703 2541 1810 2573 intell.

1124 2583 1163 2613 de
1177 2584 1373 2622 quantitate,
1382 2583 1511 2624 plenior
1531 2582 1570 2613 de
1591 2591 1728 2614 numero
1749 2583 1813 2624 syl-

1124 2625 1285 2655 labarum:
1322 2630 1356 2655 at
1383 2625 1561 2656 habebatur
1585 2629 1619 2656 et
1645 2625 1815 2656 habebitur

1124 2667 1278 2697 differunt
1305 2666 1509 2707 longitudine
1543 2666 1753 2707 syllabarum,
1779 2671 1815 2698 at

1125 2710 1303 2739 habebatur
1315 2714 1349 2739 et
1364 2710 1565 2740 habebantur
1577 2708 1791 2750 plenitudine.

1172 2753 1208 2782 12
1224 2750 1406 2781 Exornatio
1419 2750 1629 2792 appellatur-,J
1656 2750 1813 2782 Restitui-

1127 2803 1199 2823 mus
1226 2792 1400 2824 lectionem
1433 2797 1575 2824 veterem
1607 2801 1666 2833 pro
1693 2792 1815 2822 dicitur

1124 2846 1142 2865 e
1158 2835 1235 2883 Mss.
1257 2839 1290 2866 et
1312 2835 1363 2867 ed.
1389 2837 1478 2870 1474.
1521 2833 1655 2878 Mediol.
1667 2833 1812 2875 ejusdem

1127 2886 1215 2908 anm.
