1945 3235
614 106 814 146 LIBER
849 105 1112 145 PRIMUS.

1496 101 1576 143 239³

148 212 320 255 Etenim
350 226 449 269 curn
477 213 537 254 illi
562 212 604 253 in
634 211 817 253 dicendo
846 209 1074 250 inciderint
1105 206 1187 248 loci
1218 208 1351 262 (quod
1386 210 1636 263 persaepe-‘³6

147 272 310 322 evenit)
335 281 382 312 ut
403 271 456 312 de
472 270 552 312 diis
574 268 900 317 immortalibus,
923 266 975 306 de
996 265 1170 321 pietate,
1188 264 1240 304 de
1262 265 1504 314 concordia,
1525 265 1578 305 de

150 329 356 379 amicitia,
390 328 443 369 de
477 326 695 368 communi
731 325 907 374 civium,
939 323 992 363 de
1030 322 1268 371 hominum,
1299 322 1350 361 de
1387 323 1582 376 gentium

143 385 258 440 jure,
288 386 341 426 de
373 385 592 440 aequitate,
624 383 677 423 de
710 380 1006 437 temperantia,
1032 379 1084 419 de
1114 378 1410 433 magnitudine
1436 378 1583 428 animi,

150 443 204 484 de
237 443 356 484 omni
390 441 560 482 virtutis
598 453 753 496 genere
784 439 840 478 sit
870 437 1114 486 dicendum,
1144 436 1405 484 clamabunt,
1441 435 1583 485 credo,

151 501 295 541 omnia
328 498 564 555 gymnasia,
596 507 725 551 atque
748 509 895 536 omnes
927 493 1279 551 philosophorum
1312 491 1484 541 scholae,
1507 505 1584 530 sua

152 556 248 598 haec
270 571 361 598 esse
383 555 528 596 omnia
555 554 751 609 propria;
781 552 889 593 nihil
919 552 1095 593 omnino
1128 551 1180 590 ad
1210 559 1420 590 oratorem
1452 547 1581 604 perti-

152 608 498 673 nere.s‘Quib11s
530 625 628 666 ego,
661 619 707 651 ut
735 611 787 651 de
825 609 890 649 his
924 611 1048 650 rebus
1081 608 1280 649 omnibus
1317 607 1361 647 in
1399 605 1580 661 angulis,
1594 607 1644 647 57

149 669 427 713 consumendi
450 668 527 709 otii
550 683 691 718 causa,
721 668 946 718 disserant,
976 680 1072 707 cum
1108 679 1372 714 concessero,
1395 663 1497 703 illud
1520 673 1585 702 ta-

152 743 249 770 men
271 726 428 768 oratori
453 726 640 775 tribuam
669 733 712 765 et
733 725 860 774 dabo,
882 735 931 765 ut
951 724 1114 773 eadem,
1136 723 1188 763 de
1209 722 1364 777 quibus
1388 721 1446 761 illi
1469 718 1589 761 tenui

456 774 550 782 ‚s-——
563 771 582 776 θ’

153 785 340 840 quodam
378 783 674 838 exsanguique
714 796 906 822 sermone
944 781 1180 837 disputant,
1215 780 1287 819 hic
1328 793 1427 820 cum
1469 776 1587 818 omni

156 843 366 898 gravitate
395 850 439 881 et.
470 839 745 895 jucunditate
781 838 984 894 explicet.

155 898 423 997 {lfssosophis
463 908 554 938 tum
587 896 769 937 Athenis
802 896 1075 936 disserebam.

1046 837 1157 878 Haec
1189 851 1271 892 ego
1303 839 1452 876 42cum
1486 835 1589 890 ipsis

1137 894 1336 950 Cogebat
1373 892 1487 934 enim
1523 905 1593 932 me

217 987 226 997 .
247 954 479 997 Marcellus
498 955 570 995 hic
594 964 750 1004 noster,
772 953 844 1008 qui
865 968 978 994 nunc
998 952 1132 994 aedilis
1154 951 1310 993 curulis
1327 958 1406 1001 est,
1428 959 1472 990 et
1493 964 1592 1005 pro-

156 1013 287 1064 fecto,
318 1013 399 1054 nisi
421 1012 542 1052 ludos
571 1026 684 1052 nunc
714 1011 886 1061 faceret,
918 1010 1017 1051 huic
1040 1020 1185 1050 nostro
1209 1008 1392 1049 sermoni
1416 1008 1594 1048 interes-

158 1080 248 1123 set3
279 1086 328 1112 ac
344 1070 438 1125 jam
461 1080 552 1110 tum
573 1078 663 1110 erat
685 1067 1024 1109 adolescentulus
1047 1067 1112 1108 his
1135 1066 1286 1106 studiis
1317 1064 1495 1106 mirifice
1517 1064 1590 1105 de-

158 1128 287 1169 ditus.

346 1128 447 1170 Jam
485 1141 584 1167 vero
622 1129 661 1156 43
676 1126 728 1166 de
766 1125 931 1181 legibus
968 1124 1254 1173 instituendis,
1290 1123 1341 1163 de
1375 1121 1500 1172 bello,
1538 1121 1652 1162 de58

158 1199 278 1241 pace,
309 1185 361 1226 de
393 1183 534 1234 sociis,
557 1184 610 1224 de
637 1182 934 1238 vectigalibus,
956 1182 1008 1221 de
1031 1181 1174 1235 ⁴⁴jure
1204 1180 1320 1220 civili
1354 1179 1589 1235 generatim
1603 1200 1632 1230 p.
1649 1192 1705 1228 9sp

161 1243 205 1283 in
234 1243 403 1283 ordines
437 1250 670 1295 aetatesque
700 1240 931 1294 descripto,
960 1241 1000 1269 45
1015 1238 1161 1279 dicant
1183 1237 1250 1277 vel
1279 1236 1439 1286 Graeci,
1462 1237 1495 1276 si
1519 1243 1635 1276 vo-ss·

160 1299 267 1351 lunt,
313 1299 573 1355 Lycurgum,
615 1307 689 1338 aut
729 1296 930 1338 Solonem
971 1303 1249 1350 (quamquam
1288 1294 1381 1335 illos
1422 1293 1596 1348 quidem

161 1371 382 1398 censemus
404 1356 447 1396 in
469 1370 646 1396 numero
668 1354 959 1409 eloquentium
980 1353 1266 1409 reponendos)
1286 1351 1413 1393 scisse
1431 1350 1598 1400 melius,

161 1429 289 1469 quam
313 1413 596 1469 Hyperidem,
619 1421 691 1453 aut
716 1411 1068 1461 Demosthenem,
1099 1409 1312 1466 perfectos
1334 1409 1428 1464 jam
1460 1408 1599 1449 homi-

157 1485 237 1518 ‘nes
271 1471 314 1512 in
347 1470 544 1521 dicendo,
567 1478 609 1510 et
638 1469 899 1526 perpolitos:
933 1468 998 1509 vel
1030 1478 1196 1509 nostros
1225 1467 1504 1517 decemviros,
1525 1465 1603 1520 qui

163 1541 258 1572 x11.
294 1528 458 1569 tabulas
493 1528 844 1584 perscripserunt,
875 1541 982 1581 quos
1023 1540 1195 1566 necesse
1232 1533 1296 1564 est
1333 1524 1463 1565 fuisse
1500 1537 1599 1579 pru-

163 1586 327 1637 dentes,
349 1593 614 1641 anteponant
640 1586 681 1615 46
696 1585 738 1625 in
775 1584 856 1625 hoc
887 1597 1041 1639 genere
1073 1592 1116 1624 et
1153 1583 1242 1623 Ser.
1263 1582 1432 1632 Galbae,
1461 1590 1504 1621 et
1531 1596 1600 1622 so-

164 1657 262 1686 cero
294 1652 368 1684 tuo
393 1641 444 1683 C.
471 1642 620 1693 Laelio,
653 1656 759 1697 quos
782 1652 952 1683 constat
975 1640 1144 1681 dicendi
1174 1639 1311 1696 gloria
1332 1638 1598 1695 praestitisse.

166 1700 414 1755 Numquam
443 1700 557 1740 enim
585 1699 770 1755 negabo,
798 1713 888 1739 esse
920 1698 1125 1753 quasdam
1157 1707 1268 1738 artes
1301 1696 1493 1752 proprias
1526 1709 1661 1744 eo-59

165 1772 274 1808 rum,
315 1757 389 1813 qui
431 1757 474 1798 in
518 1756 583 1797 his
625 1756 934 1812 cognoscendis
974 1766 1101 1810 atque
1140 1755 1371 1795 tractandis
1410 1753 1600 1794 studium

167 1828 292 1856 suum
324 1829 451 1855 omne
471 1816 511 1848 47
525 1823 782 1869 posuerunt:
816 1813 888 1854 sed
918 1823 1130 1854 oratorem
1161 1812 1334 1868 plenum
1356 1819 1483 1866 atque
1506 1823 1601 1866 per-

167 1872 328 1914 fectum
351 1885 441 1912 esse
463 1885 562 1911 eum
591 1871 746 1921 dicam,
767 1871 840 1926 qui
872 1870 925 1911 de
956 1870 1155 1910 omnibus
1181 1870 1306 1910 rebus
1329 1869 1465 1925 possit
1486 1868 1600 1908 varie

167 1930 425 1985 copioseque
446 1928 600 1969 dicere.

662 1927 834 1969 Etenim
857 1941 971 1983 saepe
1004 1928 1046 1968 in
1070 1927 1120 1967 iis
1142 1926 1295 1977 causis,
1326 1940 1429 1981 quas
1452 1939 1599 1966 omnes
1617 1925 1704 1975 14,

168 1987 360 2043 proprias
382 2000 472 2027 esse
490 1995 708 2026 oratorum
727 1985 1004 2035 confitentur,
1025 1994 1090 2025 est
1110 1984 1286 2039 aliquid,
1305 1984 1419 2038 quod
1441 1998 1528 2023 non
1545 1997 1601 2024 ex

167 2058 246 2084 usu
280 2043 452 2094 forensi,
475 2058 602 2098 quern
631 2043 767 2083 solum
799 2042 1040 2083 oratoribus
1063 2041 1314 2091 conceditis,
1333 2041 1405 2081 sed
1438 2055 1493 2081 ex
1526 2041 1606 2081 ob·

169 2101 355 2142 seui-iore
372 2101 515 2156 aliqua
537 2100 717 2142 scientia
741 2099 796 2140 sit
824 2099 1107 2156 promendum
1128 2102 1168 2129 48
1183 2107 1311 2155 atque
1337 2098 1607 2140 sumendum.

210 2228 251 2256 42
278 2225 360 2256 Cum
374 2226 452 2266 ipsis
466 2225 540 2265 pla]
566 2224 780 2256 Scribendum
804 2228 867 2262 est,

170 2278 246 2298 curn
261 2269 342 2304 istis,
357 2278 401 2298 sc.
416 2277 494 2308 quos
508 2269 772 2298 commemoravi.
827 2271 831 2275 '

210 2313 251 2341 43
267 2310 320 2341 De
330 2311 453 2349 legibus
461 2310 694 2350 instituendis]
722 2310 785 2340 Ms.
798 2307 866 2339 Erl.

172 2354 309 2384 tuendis.
355 2353 415 2383 Sed
442 2353 614 2392 vulgatum
642 2361 765 2382 verum.
810 2352 871 2383 Est

170 2396 258 2425 enim
273 2405 379 2425 sermo
395 2395 433 2426 de
447 2394 698 2435 legislatoribus.

214 2439 256 2468 44
269 2437 354 2468 Jare
367 2437 480 2476 civili]
506 2437 558 2467 Sic
571 2436 655 2467 edidi
669 2446 727 2477 pro
738 2436 872 2476 vulgato

173 2479 305 2516 civium,
329 2479 415 2519 quod
439 2480 480 2510 ab
506 2479 590 2510 Aldo
617 2483 678 2509 est.
722 2479 775 2509 Ita
802 2488 870 2508 non

173 2530 254 2561 opus
267 2523 454 2559 conjectura
462 2521 629 2557 Lambini,
641 2521 698 2560 ,qui
709 2527 785 2561 post
799 2531 871 2550 cor-

175 2563 301 2602 rigebat
315 2564 556 2604 descriptorum.
585 2563 667 2594 Non
681 2563 734 2593 hic
749 2563 871 2594 attine-

175 2604 232 2635 bat
247 2605 364 2643 dicere,
380 2607 463 2636 cives
476 2615 544 2637 esse
554 2606 588 2635 in
601 2606 731 2636 ordines
745 2610 779 2635 et
794 2610 874 2635 aeta-

174 2652 223 2677 tes
233 2647 424 2688 descriptos:
448 2647 504 2678 sed
509 2657 571 2688 jus
583 2658 648 2678 esse
660 2649 696 2678 in
709 2659 735 2679 ο.
749 2652 781 2678 et
791 2657 825 2677 α’.
841 2648 873 2678 d.

175 2689 313 2719 Ordines
338 2694 416 2720 sunt
439 2690 654 2730 patriciorum
675 2695 710 2720 et
731 2689 875 2731 plebeio-

178 2740 263 2768 rum,
288 2737 432 2769 senatus,
459 2734 621 2772 equitum,
650 2732 765 2772 plebis,
793 2733 875 2762 item

176 2773 293 2804 classes
313 2773 348 2803 in
369 2784 485 2805 censu:
508 2779 623 2805 aetates
643 2776 811 2815 pertinent
833 2774 875 2804 ad

171 2815 321 2855 juniores
335 2821 369 2846 et
381 2817 536 2848 seniores.
573 2817 766 2850 Describe-re
777 2826 875 2856 gene·

179 2859 294 2895 ratim,
309 2862 358 2889 est
374 2860 475 2890 etiam
496 2859 543 2899 11,
558 2862 612 2892 33.
628 2859 684 2891 sed
697 2860 732 2890 in
747 2859 812 2892 alia
831 2869 876 2890 re.

909 2234 940 2255 v.
955 2224 1062 2255 Clavis
1078 2224 1112 2254 in
1128 2224 1161 2254 h.
1173 2234 1204 2254 v.
1220 2228 1254 2254 et
1265 2233 1352 2264 supr.
1369 2224 1409 2254 ad
1421 2223 1567 2254 Herenn.
1579 2223 1609 2255 l.

952 2269 993 2297 45
1008 2266 1134 2297 Dicant
1143 2268 1194 2296 vel
1210 2266 1284 2305 Gr.]
1299 2267 1448 2298 Peareius
1461 2268 1511 2297 vel
1521 2266 1611 2296 delet

910 2319 927 2338 e
953 2309 1031 2339 Mss.
1047 2308 1185 2339 duobus.
1231 2308 1303 2348 Ego
1326 2308 1609 2349 transponendum

912 2352 1021 2391 potius
1049 2358 1130 2391 puto
1157 2352 1216 2381 sie:
1253 2353 1304 2381 vel
1328 2352 1440 2382 dicant
1474 2352 1533 2382 Gr.
1562 2351 1620 2385 ita.

913 2394 994 2424 bene
1012 2393 1219 2433 respondebit
1240 2393 1400 2431 alterurn3
1423 2395 1475 2424 vel
1488 2398 1611 2423 nostros

913 2437 1107 2467 decemviros
1120 2440 1318 2476 anteponant
1333 2437 1390 2465 ἃς.

953 2479 994 2508 46
1017 2479 1060 2508 In
1072 2480 1128 2508 hoe
1135 2478 1280 2516 genera]
1306 2477 1422 2508 Addidi
1436 2478 1471 2507 in
1483 2488 1523 2508 ex
1535 2475 1609 2508 edd.

911 2526 993 2551 vett.
1011 2520 1096 2560 quod
1110 2525 1144 2550 et
1159 2520 1195 2550 P.
1210 2520 1376 2550 Victorius
1390 2521 1542 2551 servavit.

954 2565 995 2596 47
1020 2562 1237 2601 Posuerunt]
1264 2562 1337 2592 Hoc
1351 2562 1451 2593 Aldus
1468 2563 1548 2592 bene
1562 2562 1613 2592 in-

916 2604 1020 2635 duxit.
1064 2605 1250 2645 Superiores
1266 2604 1315 2635 vel
1335 2605 1549 2645 deposuerunt
1558 2605 1613 2636 'vel

917 2648 1030 2686 dispas.
1045 2654 1084 2677 ut
1098 2647 1165 2677 fere
1179 2646 1262 2677 Mss.
1301 2646 1388 2678 Illud
1404 2647 1467 2678 Ms.
1484 2646 1553 2677 Erl.

958 2692 998 2720 48
1020 2689 1127 2728 Atque
1139 2689 1362 2729 sumendum]
1400 2690 1463 2719 Pro
1476 2689 1566 2728 vulg.
1583 2694 1615 2719 et

918 2732 1164 2762 assumendum:
1178 2736 1217 2762 ut
1230 2737 1316 2761 recte
1328 2731 1504 2771 ediditjam
1518 2732 1612 2762 Pear-

917 2774 996 2804 cius.
1021 2774 1072 2804 Sic
1088 2773 1159 2804 edd.
1174 2783 1224 2814 pr.
1238 2778 1272 2804 et
1286 2774 1350 2804 Ms.
1367 2774 1407 2804 E.
1424 2779 1534 2813 estque
1548 2774 1614 2803 usi-

917 2821 1026 2846 tatum
1056 2816 1205 2847 Ciceroni
1230 2826 1290 2857 pro
1317 2816 1549 2853 mutuandum,
1576 2819 1617 2845 ut

918 2858 996 2890 alibi
1012 2857 1202 2890 videbimus.
