1945 3235
367 102 437 136 100
803 99 882 139 AD
917 99 1293 142 HERENNIUM

362 200 476 256 quod
511 214 681 245 causam
716 212 898 246 vestram
930 221 1058 248 nemo
1093 208 1326 262 suscipiat?
1356 205 1471 261 quod
1499 219 1543 248 se
1562 220 1688 250 nemo
1708 221 1783 250 ve·-

363 259 437 298 stri
460 258 724 302 defensorem
759 263 1037 317 profiteatur?
1070 264 1110 305 id
1145 265 1320 305 tribuite
1352 271 1504 304 vestroe
1526 263 1686 320 culpae3
1717 274 1784 306 at-

361 330 444 370 que
482 315 663 358 desinite
702 319 860 360 mirari.
921 321 1038 367 Quid
1072 322 1185 361 enim
1229 331 1307 371 est,
1341 333 1471 375 quare
1507 334 1594 361 non
1635 335 1783 362 omnes

363 372 486 413 istam
521 387 608 414 rein
644 375 791 427 fugere
821 392 870 417 ac
904 378 1038 418 vitare
1071 378 1283 419 debeant?
1324 376 1642 428 Recordmnini,
1673 392 1782 432 quos

363 428 596 471 habueritis
627 432 899 484 defensorem
942 435 1083 475 studia
1120 449 1267 475 eorum
1300 434 1422 475 vobis
1456 442 1605 482 77ante
1637 433 1788 475 oculos

360 488 612 543 proponite3
645 489 799 530 deinde
830 491 972 531 exitus
1007 492 1200 532 omnium
1232 491 1514 532 considerate.
1547 499 1638 531 tum
1660 490 1786 532 vobis

360 545 500 585 veniet
527 545 567 584 in
604 558 805 596 mentem,
839 556 885 587 ut
920 562 1016 588 vere
1043 549 1199 599 dicam,
1221 548 1487 604 negligentia
1517 557 1670 597 vestra,
1693 547 1784 588 sive

361 600 533 656 ignavia
568 603 709 657 potius
738 603 830 643 illos
861 619 1008 645 omnes
1043 614 1140 646 ante
1173 606 1320 647 oculos
1353 614 1514 645 vestros
1548 604 1784 645 trucidatos

359 671 464 707 esse,
498 659 696 699 inimicos
729 675 878 701 eornm
913 661 1061 702 vestris
1090 662 1304 718 suffragiis
1326 663 1367 703 in
1391 661 1701 716 amplissimum
1722 660 1786 702 lo—

359 729 456 755 cum
490 716 745 770 pervenisse.
810 717 935 769 Item,
971 719 1084 759 Nam
1115 720 1218 774 quid
1251 719 1347 770 fuit,
1369 719 1555 774 judiceS,
1586 732 1717 773 quare
1741 717 1786 759 in

360 772 582 812 sententiis
607 773 790 814 ferendis
824 775 1137 826 dubitaveritis,
1161 786 1235 816 aut
1265 776 1393 817 istum
1416 775 1635 816 hominem
1662 773 1782 816 nefa-

360 828 468 868 rium
493 829 825 885 ampliaveritis?
860 847 943 872 non
969 833 1248 887 apertissimae
1280 847 1344 874 res
1374 840 1495 874 erant
1516 831 1685 873 crimini
1707 831 1784 872 da-

360 887 441 926 tae?
473 900 559 926 non
582 902 731 927 omnes
756 888 822 928 11ae
856 890 1036 929 testibus
1067 890 1390 944 comprobatae?
1421 904 1507 930 non
1541 898 1692 929 contra
1720 895 1785 929 te-

359 943 500 983 nuiter
522 953 563 983 et
587 945 812 999 nugatorie
836 948 1115 1001 responsum?
1150 946 1238 987 Hic
1261 961 1336 987 vos
1359 947 1482 987 veriti
1505 946 1622 996 estis,
1643 945 1679 986 si
1697 944 1787 1000 pri-

357 1013 429 1038 mo
443 1010 562 1041 coetn
581 1001 959 1053 condemnassetis,
973 1017 1026 1043 ne
1047 1003 1237 1043 crudeles
1255 1003 1634 1044 existimaremini?
1666 1001 1788 1044 Dum

357 1071 451 1097 eam
476 1057 640 1098 vitastis
665 1058 1039 1115 vituperationem,
1062 1075 1159 1115 quae
1182 1059 1310 1116 longe
1340 1074 1366 1100 a
1396 1059 1518 1100 vobis
1547 1068 1638 1100 erat
1659 1058 1786 1100 abfu-

358 1124 466 1164 tura,
501 1129 595 1155 eam
630 1115 869 1168 invenistis,
901 1126 949 1157 ut
988 1118 1126 1158 timidi
1167 1126 1295 1172 atque
1325 1116 1470 1173 ignavi
1509 1115 1785 1172 putaremini.

359 1169 594 1222 Maximus,
625 1182 668 1212 et
696 1173 897 1229 privataS,
940 1183 983 1215 et
1012 1174 1205 1230 publicas
1239 1174 1503 1215 calamitates
1535 1173 1784 1229 accepistis:

355 1242 453 1268 cum
477 1229 607 1270 etiam
639 1230 823 1285 majores
858 1231 1104 1288 impendere
1137 1231 1376 1282 videantur,
1411 1230 1581 1282 sedetis,
1603 1238 1647 1271 et
1675 1230 1787 1271 osci-

356 1286 521 1326 tamini.
586 1286 700 1328 Luce
732 1297 917 1338 noctem,
948 1298 1075 1330 nocte
1105 1289 1243 1329 lucem
1273 1287 1550 1344 exspectatis.
1608 1286 1788 1342 Aliquid

353 1343 548 1397 quotidie
571 1344 711 1385 acerbi
745 1354 872 1400 atque
896 1345 1158 1387 incommodi
1191 1346 1427 1395 nuntiatur,
1449 1354 1493 1385 ct
1514 1359 1627 1395 eum,
1659 1343 1784 1399 cujus

355 1414 486 1455 opera
516 1401 639 1441 vobis
670 1401 765 1442 liaec
799 1402 1015 1454 accidunt,
1059 1403 1332 1444 remoramini
1372 1402 1533 1443 diutius
1566 1410 1611 1442 et
1647 1400 1787 1453 alitis;

278 1498 342 1516 a-
360 1460 399 1490 :a
414 1472 463 1498 ac
485 1458 734 1513 reipublicae
767 1460 999 1515 perniciem
1025 1460 1230 1511 retinetis,
1261 1459 1402 1515 quoad
1425 1459 1621 1514 potestiS,
1654 1458 1699 1499 in
1724 1458 1788 1499 ci-

274 1514 336 1552 ‹JI
362 1513 505 1555 vitate.
569 1515 791 1569 Ejusmodi
826 1516 999 1558 licentia.
1032 1518 1063 1558 si
1097 1518 1278 1558 nimium
1301 1516 1517 1557 videbitur
1537 1514 1788 1556 acrimoniae

294 1569 529 1621 -NJhaberc,
554 1572 700 1612 multis
731 1574 1077 1627 mitigationibus
1107 1574 1301 1615 lenietur.
1337 1587 1434 1614 nam
1469 1571 1677 1613 continuo
1709 1571 1787 1612 ali-

356 1628 458 1682 quid
485 1628 731 1683 hujusmodi
756 1627 903 1672 licebit
927 1631 1096 1673 inferre.
1160 1631 1248 1672 Hic
1271 1630 1581 1686 ego'virtutem
1600 1637 1787 1671 vestram

355 1698 517 1738 quaero,
557 1687 812 1742 sapientiam
858 1688 1068 1740 desidero,
1103 1698 1290 1729 veterem
1327 1686 1683 1731 consuetudinem
1721 1699 1788 1727 re-

355 1742 502 1795 quiro;
545 1754 591 1784 ut
634 1745 749 1799 quod
791 1745 872 1786 erit
913 1754 1179 1787 commotum
1214 1744 1522 1794 licentia,79id
1559 1743 1785 1800 mitigetur

354 1798 491 1851 laude,
523 1811 569 1841 ut
601 1801 732 1842 altera
756 1817 820 1843 res
852 1803 906 1843 ab
929 1803 1152 1844 iracundia
1173 1813 1216 1843 et
1236 1802 1435 1843 molestia
1464 1809 1695 1852 removeat,
1726 1799 1786 1842 al-

355 1866 444 1897 tera
466 1858 519 1897 ab
543 1868 683 1898 errato
706 1859 932 1900 deterreat.
995 1860 1107 1902 Haec
1134 1875 1213 1910 reS,
1237 1860 1348 1900 sicut
1367 1859 1410 1899 in
1429 1858 1635 1909 amicitia,
1656 1857 1719 1898 ita
1740 1857 1786 1898 in

352 1913 550 1965 (licendo,
575 1915 607 1954 si
632 1915 727 1957 loco
753 1917 815 1967 fit,
847 1917 1035 1958 maxime
1058 1917 1176 1968 facit,
1205 1925 1251 1957 ut
1277 1925 1324 1958 et
1345 1915 1420 1967 illi,
1443 1915 1517 1970 qui
1550 1914 1741 1965 audient,
1762 1929 1788 1955 a

351 1971 477 2026 eulpa
509 1972 667 2023 absint,
699 1983 742 2013 et
776 1988 868 2024 nOS,
907 1975 980 2028 qui
1021 1975 1219 2025 dicimus,
1254 1977 1294 2004 80
1308 1973 1435 2014 amici
1468 1973 1660 2028 ipsorum
1689 1973 1787 2012 8¹et

352 2029 544 2068 veritatis
567 2043 658 2069 esse
690 2030 927 2071 videamur.
991 2031 1067 2071 Est
1091 2041 1231 2071 autem
1256 2029 1472 2085 quoddam
1495 2043 1632 2085 genus
1654 2027 1787 2070 licen-

351 2084 424 2124 tiae
462 2085 503 2125 in
539 2086 738 2136 dieend‹›‚
762 2088 876 2142 quod
910 2089 1117 2129 astutiore
1149 2088 1314 2128 ratione
1346 2094 1644 2142 comparatur:
1685 2099 1787 2126 cum

350 2150 422 2181 aut
457 2142 516 2182 ita
548 2143 829 2199 objurgamus
864 2160 952 2196 eos,
984 2146 1057 2200 qui
1091 2146 1286 2195 audiunt,
1318 2143 1537 2199 quomodo
1571 2142 1653 2198 ipsi
1687 2144 1786 2183 82se

1088 2259 1185 2290 dubio
1199 2259 1382 2297 elegantior
1395 2257 1541 2298 vulgato.

1131 2304 1170 2332 80
1183 2302 1289 2332 Amici
1304 2300 1472 2341 ipsorum]
1491 2298 1576 2330 Dedi
1589 2308 1648 2340 pro
1662 2307 1787 2336 eorum,

1088 2354 1105 2374 e
1122 2344 1200 2374 Mss.
1222 2349 1257 2374 et
1279 2343 1398 2373 nostris
1421 2348 1456 2373 et
1473 2340 1545 2372 aliis
1566 2345 1601 2372 et
1619 2340 1669 2371 ed.
1696 2343 1789 2374 1474.

387 2257 425 2287 77
440 2255 526 2286 Ante
547 2258 650 2288 oculos
668 2259 859 2298 prnpouite.]
891 2259 954 2289 Pro
968 2259 1045 2289 sim-

347 2295 422 2336 plici
431 2299 552 2336 ponite.
575 2309 651 2329 nam
669 2307 703 2331 et
727 2301 799 2331 libri
818 2311 878 2331 scr.
894 2301 1044 2331 meliores

345 2345 444 2377 atque
467 2339 538 2371 edd.
561 2350 609 2380 pr.
633 2343 678 2371 sic
701 2341 836 2378 habent,
860 2350 893 2373 et
916 2348 964 2373 est
980 2342 1044 2373 ele-

347 2382 478 2418 gantius
504 2389 538 2412 et
560 2384 724 2414 veteribus
747 2386 913 2422 usitatum,
931 2393 967 2415 ut
991 2385 1044 2415 Ci-

347 2423 455 2453 ceroni
470 2423 511 2454 N.
527 2425 570 2455 D.
584 2425 613 2462 l,
628 2429 679 2456 41.
694 2432 728 2456 ct
743 2427 831 2457 alibi.

390 2468 429 2497 78
445 2466 493 2495 Ac
508 2468 586 2506 reip.
599 2469 804 2508 sternit-imm]
837 2470 912 2499 Non
928 2470 1045 2500 ablior-

346 2512 396 2536 ret
413 2507 579 2538 hominem
599 2510 755 2550 appellari
765 2514 941 2550 perniciem
965 2514 1043 2552 reip.

345 2548 431 2578 sicut
439 2555 564 2588 pestem
579 2552 654 2582 alibi
678 2563 763 2592 saepe
777 2566 784 2582 ε
809 2553 864 2584 sed
878 2562 990 2584 tamen
1006 2555 1043 2584 li-

346 2589 394 2619 bri
411 2597 534 2621 veteoes
553 2594 684 2631 quidam
711 2595 834 2626 liabent
857 2596 906 2626 vel
922 2597 978 2632 αιΙ,
995 2598 1043 2627 vel

344 2641 384 2661 ac
398 2633 453 2668 ud,
476 2634 577 2664 etiarn
600 2640 704 2675 atquc.
759 2638 905 2668 Primum
928 2639 1045 2679 copula

343 2676 525 2705 necessaria
544 2683 606 2712 est,
622 2679 647 2708 si
662 2678 706 2708 ad
721 2688 830 2708 verrini
859 2689 925 2710 est:
950 2691 989 2712 ac
1002 2682 1047 2711 ad

344 2724 411 2746 nun
425 2717 540 2747 dicunt
555 2718 662 2749 latini.
698 2720 802 2750 ‹ju—do
818 2728 915 2762 atque
931 2724 1044 2754 xitioce

341 2759 507 2798 scripturn
521 2771 589 2791 esse
606 2772 663 2802 pro
678 2762 792 2801 adjuc.

383 2803 424 2834 79
454 2801 496 2832 Id
519 2803 691 2841 mitigetur
717 2804 836 2844 huzda]
881 2805 943 2835 Hic
971 2806 1050 2836 ordo

342 2842 513 2874 verborum
529 2851 579 2875 est
602 2846 636 2876 in
659 2846 707 2877 ed.
727 2849 816 2881 147⁴.
832 2848 887 2886 qui
902 2854 952 2878 eat
974 2848 1043 2878 sine

1088 2387 1173 2416 sicut
1192 2391 1224 2416 et
1248 2386 1395 2416 latinitas
1421 2383 1620 2424 postulabat,
1641 2388 1677 2413 et
1695 2382 1788 2413 Grae-

1088 2428 1342 2467 viusjudicabat.
1365 2427 1452 2457 Ante
1463 2426 1525 2457 feei
1536 2426 1637 2456 etiam
1651 2425 1787 2455 audient

1087 2481 1127 2500 ex
1141 2471 1295 2507 audiunt,
1311 2480 1328 2500 e
1343 2468 1433 2499 libris
1456 2469 1535 2499 satis
1548 2466 1785 2498 consentienti-

1090 2513 1160 2542 bus.

1130 2557 1165 2586 81
1182 2553 1231 2585 Ee
1240 2553 1412 2593 veritatis]
1428 2552 1528 2584 Addit
1539 2554 1711 2582 assertores
1721 2549 1785 2586 MS.

1087 2596 1175 2637 Lips.
1191 2601 1225 2626 et
1239 2595 1328 2626 Leid.
1342 2605 1419 2626 nam
1434 2595 1468 2625 in
1482 2594 1550 2624 Erf.
1564 2603 1631 2624 non
1644 2601 1712 2624 esse
1736 2597 1786 2623 te·

1087 2644 1195 2669 statur
1210 2639 1316 2668 Graev.
1333 2636 1420 2677 quod
1433 2646 1499 2667 non
1519 2635 1696 2667 absurdum
1721 2640 1784 2671 est,

1087 2681 1142 2711 sed
1168 2691 1233 2710 non
1261 2679 1493 2710 necessarium:
1517 2682 1630 2717 estque
1649 2678 1786 2707 omnino

1089 2723 1140 2753 hic
1166 2722 1256 2753 locus
1282 2723 1316 2752 in
1340 2721 1431 2752 libris
1456 2730 1518 2752 scr.
1545 2724 1581 2751 et
1604 2718 1676 2750 edd.
1702 2723 1784 2749 vett.

1093 2765 1183 2795 valde
1197 2763 1427 2804 interpolatus.

1136 2809 1176 2838 82
1203 2806 1246 2838 Se
1267 2807 1402 2845 cupiant
1421 2803 1619 2847 objurgari]
1651 2803 1728 2834 Sine
1746 2801 1788 2833 li-

1087 2849 1152 2879 bris
1167 2849 1292 2879 correxi
1306 2857 1323 2879 e
1339 2848 1490 2889 cupiunt,
1505 2846 1681 2878 latinitatis
1703 2844 1788 2886 lege.
