<?xml version="1.0" encoding="UTF-8"?>
<!DOCTYPE html PUBLIC "-//W3C//DTD XHTML 1.0 Transitional//EN"
    "http://www.w3.org/TR/xhtml1/DTD/xhtml1-transitional.dtd">
<html xmlns="http://www.w3.org/1999/xhtml" xml:lang="en" lang="en">
 <head>
  <title>
</title>
<meta http-equiv="Content-Type" content="text/html;charset=utf-8" />
  <meta name='ocr-system' content='tesseract 3.04.00' />
  <meta name='ocr-capabilities' content='ocr_page ocr_carea ocr_par ocr_line ocrx_word'/>
</head>
<body>
  <div class='ocr_page' id='page_1' title='image "./operaomnia01ciceuoft_0323.png"; bbox 0 0 1945 3235; ppageno 0'>
   <div class='ocr_carea' id='block_1_1' title="bbox 637 128 1593 179">
    <p class='ocr_par' dir='ltr' id='par_1_1' title="bbox 637 128 1593 179">
     <span class='ocr_line' id='line_1_1' title="bbox 637 128 1593 179; baseline 0.003 -3"><span class='ocrx_word' id='word_1_1' title='bbox 637 138 826 177; x_wconf 75' lang='lat' dir='ltr'>LrssER</span> <span class='ocrx_word' id='word_1_2' title='bbox 855 139 1096 177; x_wconf 79' lang='lat' dir='ltr'>PR1Mus,</span> <span class='ocrx_word' id='word_1_3' title='bbox 1510 128 1593 179; x_wconf 79' lang='lat'>251&#39;</span> 
     </span>
    </p>
   </div>
   <div class='ocr_carea' id='block_1_2' title="bbox 147 241 1683 2196">
    <p class='ocr_par' dir='ltr' id='par_1_2' title="bbox 147 241 1683 2196">
     <span class='ocr_line' id='line_1_2' title="bbox 147 241 1586 296; baseline 0.002 -13"><span class='ocrx_word' id='word_1_4' title='bbox 147 242 227 284; x_wconf 86' lang='lat' dir='ltr'>bus</span> <span class='ocrx_word' id='word_1_5' title='bbox 251 242 429 296; x_wconf 84' lang='lat' dir='ltr'>habiles,</span> <span class='ocrx_word' id='word_1_6' title='bbox 452 243 513 285; x_wconf 86' lang='lat' dir='ltr'>ita</span> <span class='ocrx_word' id='word_1_7' title='bbox 534 246 697 285; x_wconf 86' lang='lat' dir='ltr'>naturae</span> <span class='ocrx_word' id='word_1_8' title='bbox 713 242 962 284; x_wconf 84' lang='lat' dir='ltr'>muneribus</span> <span class='ocrx_word' id='word_1_9' title='bbox 982 241 1138 292; x_wconf 82' lang='lat' dir='ltr'>ornati,</span> <span class='ocrx_word' id='word_1_10' title='bbox 1160 244 1199 273; x_wconf 84' lang='lat'>88</span> <span class='ocrx_word' id='word_1_11' title='bbox 1214 250 1261 283; x_wconf 92' lang='lat' dir='ltr'>ut</span> <span class='ocrx_word' id='word_1_12' title='bbox 1279 257 1365 284; x_wconf 91' lang='lat' dir='ltr'>non</span> <span class='ocrx_word' id='word_1_13' title='bbox 1387 245 1492 296; x_wconf 89' lang='lat' dir='ltr'>nati,</span> <span class='ocrx_word' id='word_1_14' title='bbox 1513 244 1586 285; x_wconf 89' lang='lat' dir='ltr'>sed</span> 
     </span>
     <span class='ocr_line' id='line_1_3' title="bbox 148 298 1676 356; baseline 0.001 -15"><span class='ocrx_word' id='word_1_15' title='bbox 148 301 202 341; x_wconf 85' lang='lat' dir='ltr'>ab</span> <span class='ocrx_word' id='word_1_16' title='bbox 224 301 367 356; x_wconf 87' lang='lat' dir='ltr'>aliquo</span> <span class='ocrx_word' id='word_1_17' title='bbox 390 302 470 343; x_wconf 91' lang='lat' dir='ltr'>deo</span> <span class='ocrx_word' id='word_1_18' title='bbox 493 301 582 342; x_wconf 85' lang='lat' dir='ltr'>ficti</span> <span class='ocrx_word' id='word_1_19' title='bbox 615 315 705 342; x_wconf 91' lang='lat' dir='ltr'>esse</span> <span class='ocrx_word' id='word_1_20' title='bbox 736 301 975 342; x_wconf 85' lang='lat' dir='ltr'>videantur.</span> <span class='ocrx_word' id='word_1_21' title='bbox 1038 298 1254 353; x_wconf 84' lang='lat' dir='ltr'>Magnum</span> <span class='ocrx_word' id='word_1_22' title='bbox 1285 302 1500 355; x_wconf 81' lang='lat' dir='ltr'>quoddam</span> <span class='ocrx_word' id='word_1_23' title='bbox 1523 312 1587 342; x_wconf 90' lang='lat' dir='ltr'>est</span> <span class='ocrx_word' id='word_1_24' title='bbox 1602 313 1676 348; x_wconf 83' lang='lat'>116</span> 
     </span>
     <span class='ocr_line' id='line_1_4' title="bbox 147 356 1588 415; baseline 0.001 -17"><span class='ocrx_word' id='word_1_25' title='bbox 147 372 255 399; x_wconf 91' lang='lat' dir='ltr'>onus</span> <span class='ocrx_word' id='word_1_26' title='bbox 277 369 405 414; x_wconf 85' lang='lat' dir='ltr'>atque</span> <span class='ocrx_word' id='word_1_27' title='bbox 428 373 595 408; x_wconf 79' lang='lat' dir='ltr'>munUS,</span> <span class='ocrx_word' id='word_1_28' title='bbox 619 358 846 415; x_wconf 82' lang='lat' dir='ltr'>suscipere,</span> <span class='ocrx_word' id='word_1_29' title='bbox 869 367 997 412; x_wconf 85' lang='lat' dir='ltr'>atque</span> <span class='ocrx_word' id='word_1_30' title='bbox 1019 356 1226 412; x_wconf 85' lang='lat' dir='ltr'>profiteri,</span> <span class='ocrx_word' id='word_1_31' title='bbox 1249 370 1292 396; x_wconf 86' lang='lat' dir='ltr'>se</span> <span class='ocrx_word' id='word_1_32' title='bbox 1323 371 1426 408; x_wconf 82' lang='lat' dir='ltr'>esse,</span> <span class='ocrx_word' id='word_1_33' title='bbox 1450 359 1588 399; x_wconf 89' lang='lat' dir='ltr'>omni-</span> 
     </span>
     <span class='ocr_line' id='line_1_5' title="bbox 150 414 1590 469; baseline 0 -13"><span class='ocrx_word' id='word_1_34' title='bbox 150 415 229 456; x_wconf 91' lang='lat' dir='ltr'>bus</span> <span class='ocrx_word' id='word_1_35' title='bbox 254 416 491 466; x_wconf 82' lang='lat' dir='ltr'>silentibus,</span> <span class='ocrx_word' id='word_1_36' title='bbox 511 431 643 456; x_wconf 88' lang='lat' dir='ltr'>unum</span> <span class='ocrx_word' id='word_1_37' title='bbox 665 415 866 456; x_wconf 82' lang='lat' dir='ltr'>maximis</span> <span class='ocrx_word' id='word_1_38' title='bbox 889 415 941 455; x_wconf 92' lang='lat' dir='ltr'>de</span> <span class='ocrx_word' id='word_1_39' title='bbox 961 415 1101 464; x_wconf 83' lang='lat' dir='ltr'>rebus,</span> <span class='ocrx_word' id='word_1_40' title='bbox 1125 428 1284 469; x_wconf 81' lang='lat' dir='ltr'>magno</span> <span class='ocrx_word' id='word_1_41' title='bbox 1307 414 1349 454; x_wconf 88' lang='lat' dir='ltr'>in</span> <span class='ocrx_word' id='word_1_42' title='bbox 1373 426 1590 456; x_wconf 79' lang='lat' dir='ltr'>conventu</span> 
     </span>
     <span class='ocr_line' id='line_1_6' title="bbox 147 470 1591 526; baseline 0 -14"><span class='ocrx_word' id='word_1_43' title='bbox 147 472 390 524; x_wconf 88' lang='lat' dir='ltr'>hominum,</span> <span class='ocrx_word' id='word_1_44' title='bbox 421 473 694 514; x_wconf 87' lang='lat' dir='ltr'>audiendum.</span> <span class='ocrx_word' id='word_1_45' title='bbox 755 472 890 513; x_wconf 82' lang='lat' dir='ltr'>Adest</span> <span class='ocrx_word' id='word_1_46' title='bbox 922 472 1037 512; x_wconf 89' lang='lat' dir='ltr'>enim</span> <span class='ocrx_word' id='word_1_47' title='bbox 1061 470 1148 511; x_wconf 87' lang='lat' dir='ltr'>fere</span> <span class='ocrx_word' id='word_1_48' title='bbox 1180 486 1320 522; x_wconf 85' lang='lat' dir='ltr'>nemo,</span> <span class='ocrx_word' id='word_1_49' title='bbox 1351 471 1454 526; x_wconf 88' lang='lat' dir='ltr'>quin</span> <span class='ocrx_word' id='word_1_50' title='bbox 1490 487 1591 512; x_wconf 79' lang='lat' dir='ltr'>acu-</span> 
     </span>
     <span class='ocr_line' id='line_1_7' title="bbox 148 528 1590 586; baseline -0.002 -15"><span class='ocrx_word' id='word_1_51' title='bbox 148 530 234 571; x_wconf 88' lang='lat' dir='ltr'>tius</span> <span class='ocrx_word' id='word_1_52' title='bbox 264 540 393 586; x_wconf 90' lang='lat' dir='ltr'>atque</span> <span class='ocrx_word' id='word_1_53' title='bbox 423 531 560 571; x_wconf 87' lang='lat' dir='ltr'>acrius</span> <span class='ocrx_word' id='word_1_54' title='bbox 593 529 699 570; x_wconf 85' lang='lat' dir='ltr'>vitia</span> <span class='ocrx_word' id='word_1_55' title='bbox 731 529 775 570; x_wconf 89' lang='lat' dir='ltr'>in</span> <span class='ocrx_word' id='word_1_56' title='bbox 805 530 990 580; x_wconf 81' lang='lat' dir='ltr'>dicente,</span> <span class='ocrx_word' id='word_1_57' title='bbox 1013 543 1141 584; x_wconf 79' lang='lat' dir='ltr'>quarn</span> <span class='ocrx_word' id='word_1_58' title='bbox 1177 538 1290 569; x_wconf 86' lang='lat' dir='ltr'>recta</span> <span class='ocrx_word' id='word_1_59' title='bbox 1324 528 1481 569; x_wconf 83' lang='lat' dir='ltr'>videat.</span> <span class='ocrx_word' id='word_1_60' title='bbox 1514 529 1590 579; x_wconf 83' lang='lat' dir='ltr'>ita,</span> 
     </span>
     <span class='ocr_line' id='line_1_8' title="bbox 149 585 1592 643; baseline -0.001 -15"><span class='ocrx_word' id='word_1_61' title='bbox 149 588 355 643; x_wconf 91' lang='lat' dir='ltr'>quicquid</span> <span class='ocrx_word' id='word_1_62' title='bbox 377 596 455 639; x_wconf 84' lang='lat' dir='ltr'>est,</span> <span class='ocrx_word' id='word_1_63' title='bbox 478 587 521 627; x_wconf 92' lang='lat' dir='ltr'>in</span> <span class='ocrx_word' id='word_1_64' title='bbox 544 602 630 642; x_wconf 93' lang='lat' dir='ltr'>quo</span> <span class='ocrx_word' id='word_1_65' title='bbox 662 586 909 637; x_wconf 86' lang='lat' dir='ltr'>offenditur,</span> <span class='ocrx_word' id='word_1_66' title='bbox 933 587 975 627; x_wconf 91' lang='lat' dir='ltr'>id</span> <span class='ocrx_word' id='word_1_67' title='bbox 998 586 1128 627; x_wconf 86' lang='lat' dir='ltr'>etiam</span> <span class='ocrx_word' id='word_1_68' title='bbox 1152 585 1235 636; x_wconf 84' lang='lat' dir='ltr'>illa,</span> <span class='ocrx_word' id='word_1_69' title='bbox 1258 601 1355 640; x_wconf 83' lang='lat' dir='ltr'>quae</span> <span class='ocrx_word' id='word_1_70' title='bbox 1379 585 1592 627; x_wconf 84' lang='lat' dir='ltr'>laudanda</span> 
     </span>
     <span class='ocr_line' id='line_1_9' title="bbox 147 643 1679 700; baseline -0.002 -15"><span class='ocrx_word' id='word_1_71' title='bbox 147 654 261 696; x_wconf 89' lang='lat' dir='ltr'>sunt,</span> <span class='ocrx_word' id='word_1_72' title='bbox 283 645 442 685; x_wconf 88' lang='lat' dir='ltr'>obruit.</span> <span class='ocrx_word' id='word_1_73' title='bbox 504 644 657 700; x_wconf 80' lang='lat' dir='ltr'>Neque</span> <span class='ocrx_word' id='word_1_74' title='bbox 676 644 768 685; x_wconf 87' lang='lat' dir='ltr'>haec</span> <span class='ocrx_word' id='word_1_75' title='bbox 788 645 829 684; x_wconf 89' lang='lat' dir='ltr'>in</span> <span class='ocrx_word' id='word_1_76' title='bbox 850 659 942 684; x_wconf 86' lang='lat' dir='ltr'>eam</span> <span class='ocrx_word' id='word_1_77' title='bbox 961 643 1216 684; x_wconf 83' lang='lat' dir='ltr'>sententiam</span> <span class='ocrx_word' id='word_1_78' title='bbox 1236 644 1425 698; x_wconf 82' lang='lat' dir='ltr'>disputo,</span> <span class='ocrx_word' id='word_1_79' title='bbox 1450 653 1496 683; x_wconf 89' lang='lat' dir='ltr'>ut</span> <span class='ocrx_word' id='word_1_80' title='bbox 1515 643 1590 683; x_wconf 85' lang='lat' dir='ltr'>ho-</span> <span class='ocrx_word' id='word_1_81' title='bbox 1605 657 1679 695; x_wconf 65' lang='lat'>117</span> 
     </span>
     <span class='ocr_line' id='line_1_10' title="bbox 148 700 1591 757; baseline -0.001 -15"><span class='ocrx_word' id='word_1_82' title='bbox 148 702 285 742; x_wconf 89' lang='lat' dir='ltr'>mines</span> <span class='ocrx_word' id='word_1_83' title='bbox 307 701 612 753; x_wconf 83' lang='lat' dir='ltr'>adolescentes,</span> <span class='ocrx_word' id='word_1_84' title='bbox 635 702 668 742; x_wconf 90' lang='lat' dir='ltr'>si</span> <span class='ocrx_word' id='word_1_85' title='bbox 691 702 793 757; x_wconf 91' lang='lat' dir='ltr'>quid</span> <span class='ocrx_word' id='word_1_86' title='bbox 817 701 1008 742; x_wconf 84' lang='lat' dir='ltr'>naturale</span> <span class='ocrx_word' id='word_1_87' title='bbox 1030 700 1142 741; x_wconf 87' lang='lat' dir='ltr'>forte</span> <span class='ocrx_word' id='word_1_88' title='bbox 1165 715 1249 741; x_wconf 88' lang='lat' dir='ltr'>non</span> <span class='ocrx_word' id='word_1_89' title='bbox 1275 701 1475 751; x_wconf 82' lang='lat' dir='ltr'>babeant,</span> <span class='ocrx_word' id='word_1_90' title='bbox 1498 715 1591 741; x_wconf 71' lang='lat' dir='ltr'>om-</span> 
     </span>
     <span class='ocr_line' id='line_1_11' title="bbox 147 757 1589 808; baseline -0.001 -8"><span class='ocrx_word' id='word_1_91' title='bbox 147 759 252 800; x_wconf 91' lang='lat' dir='ltr'>nino</span> <span class='ocrx_word' id='word_1_92' title='bbox 274 773 298 798; x_wconf 84' lang='lat' dir='ltr'>a</span> <span class='ocrx_word' id='word_1_93' title='bbox 319 758 488 799; x_wconf 85' lang='lat' dir='ltr'>dicendi</span> <span class='ocrx_word' id='word_1_94' title='bbox 513 760 655 800; x_wconf 90' lang='lat' dir='ltr'>studio</span> <span class='ocrx_word' id='word_1_95' title='bbox 687 760 937 800; x_wconf 83' lang='lat' dir='ltr'>deterream.</span> <span class='ocrx_word' id='word_1_96' title='bbox 1000 758 1110 805; x_wconf 82' lang='lat' dir='ltr'>Quis</span> <span class='ocrx_word' id='word_1_97' title='bbox 1134 758 1247 798; x_wconf 90' lang='lat' dir='ltr'>enim</span> <span class='ocrx_word' id='word_1_98' title='bbox 1271 773 1355 798; x_wconf 89' lang='lat' dir='ltr'>non</span> <span class='ocrx_word' id='word_1_99' title='bbox 1385 758 1512 808; x_wconf 90' lang='lat' dir='ltr'>videt,</span> <span class='ocrx_word' id='word_1_100' title='bbox 1537 757 1589 799; x_wconf 88' lang='lat' dir='ltr'>C.</span> 
     </span>
     <span class='ocr_line' id='line_1_12' title="bbox 150 815 1590 873; baseline -0.001 -16"><span class='ocrx_word' id='word_1_101' title='bbox 150 815 310 866; x_wconf 89' lang='lat' dir='ltr'>Coelio,</span> <span class='ocrx_word' id='word_1_102' title='bbox 341 816 495 871; x_wconf 85' lang='lat' dir='ltr'>aequali</span> <span class='ocrx_word' id='word_1_103' title='bbox 531 831 643 866; x_wconf 91' lang='lat' dir='ltr'>meo,</span> <span class='ocrx_word' id='word_1_104' title='bbox 675 831 833 873; x_wconf 85' lang='lat' dir='ltr'>magno</span> <span class='ocrx_word' id='word_1_105' title='bbox 864 816 1017 857; x_wconf 87' lang='lat' dir='ltr'>honori</span> <span class='ocrx_word' id='word_1_106' title='bbox 1050 815 1194 866; x_wconf 86' lang='lat' dir='ltr'>fuisse,</span> <span class='ocrx_word' id='word_1_107' title='bbox 1219 815 1435 856; x_wconf 78' lang='lat' dir='ltr'>89homini</span> <span class='ocrx_word' id='word_1_108' title='bbox 1462 830 1590 866; x_wconf 86' lang='lat' dir='ltr'>novo,</span> 
     </span>
     <span class='ocr_line' id='line_1_13' title="bbox 149 873 1592 930; baseline 0 -17"><span class='ocrx_word' id='word_1_109' title='bbox 149 873 263 914; x_wconf 82' lang='lat' dir='ltr'>illam</span> <span class='ocrx_word' id='word_1_110' title='bbox 287 873 440 929; x_wconf 83' lang='lat' dir='ltr'>ipsam,</span> <span class='ocrx_word' id='word_1_111' title='bbox 470 888 772 929; x_wconf 86' lang='lat' dir='ltr'>quamcunque</span> <span class='ocrx_word' id='word_1_112' title='bbox 802 874 968 929; x_wconf 83' lang='lat' dir='ltr'>assequi</span> <span class='ocrx_word' id='word_1_113' title='bbox 999 874 1202 930; x_wconf 89' lang='lat' dir='ltr'>potuerit,</span> <span class='ocrx_word' id='word_1_114' title='bbox 1234 873 1275 913; x_wconf 87' lang='lat' dir='ltr'>in</span> <span class='ocrx_word' id='word_1_115' title='bbox 1297 873 1479 913; x_wconf 54' lang='lat' dir='ltr'>dzcendo</span> <span class='ocrx_word' id='word_1_116' title='bbox 1504 887 1592 913; x_wconf 86' lang='lat' dir='ltr'>me-</span> 
     </span>
     <span class='ocr_line' id='line_1_14' title="bbox 147 930 1592 986; baseline -0.001 -15"><span class='ocrx_word' id='word_1_117' title='bbox 147 931 447 972; x_wconf 83' lang='lat' dir='ltr'>diocritatem?</span> <span class='ocrx_word' id='word_1_118' title='bbox 477 935 518 965; x_wconf 90' lang='lat'>90</span> <span class='ocrx_word' id='word_1_119' title='bbox 536 932 645 979; x_wconf 84' lang='lat' dir='ltr'>Quis</span> <span class='ocrx_word' id='word_1_120' title='bbox 668 942 855 973; x_wconf 78' lang='lat' dir='ltr'>vestrum</span> <span class='ocrx_word' id='word_1_121' title='bbox 881 931 1103 986; x_wconf 72' lang='lat' dir='ltr'>aequalem,</span> <span class='ocrx_word' id='word_1_122' title='bbox 1129 931 1186 977; x_wconf 81' lang='lat' dir='ltr'>Q.</span> <span class='ocrx_word' id='word_1_123' title='bbox 1208 930 1399 980; x_wconf 86' lang='lat' dir='ltr'>Varium,</span> <span class='ocrx_word' id='word_1_124' title='bbox 1424 940 1592 970; x_wconf 72' lang='lat' dir='ltr'>vastum</span> 
     </span>
     <span class='ocr_line' id='line_1_15' title="bbox 147 987 1590 1044; baseline 0 -16"><span class='ocrx_word' id='word_1_125' title='bbox 147 987 366 1029; x_wconf 85' lang='lat' dir='ltr'>hominem</span> <span class='ocrx_word' id='word_1_126' title='bbox 398 997 526 1044; x_wconf 88' lang='lat' dir='ltr'>atque</span> <span class='ocrx_word' id='word_1_127' title='bbox 560 990 743 1040; x_wconf 86' lang='lat' dir='ltr'>foedum,</span> <span class='ocrx_word' id='word_1_128' title='bbox 776 1004 863 1030; x_wconf 90' lang='lat' dir='ltr'>non</span> <span class='ocrx_word' id='word_1_129' title='bbox 902 988 1118 1044; x_wconf 81' lang='lat' dir='ltr'>intelligit,</span> <span class='ocrx_word' id='word_1_130' title='bbox 1153 988 1224 1028; x_wconf 82' lang='lat' dir='ltr'>illa</span> <span class='ocrx_word' id='word_1_131' title='bbox 1257 988 1349 1044; x_wconf 88' lang='lat' dir='ltr'>ipsa</span> <span class='ocrx_word' id='word_1_132' title='bbox 1371 987 1590 1039; x_wconf 72' lang='lat' dir='ltr'>facultate,</span> 
     </span>
     <span class='ocr_line' id='line_1_16' title="bbox 149 1045 1590 1103; baseline -0.001 -17"><span class='ocrx_word' id='word_1_133' title='bbox 149 1060 452 1101; x_wconf 87' lang='lat' dir='ltr'>quamcunque</span> <span class='ocrx_word' id='word_1_134' title='bbox 485 1046 629 1097; x_wconf 88' lang='lat' dir='ltr'>habet,</span> <span class='ocrx_word' id='word_1_135' title='bbox 651 1062 852 1103; x_wconf 84' lang='lat' dir='ltr'>magnam</span> <span class='ocrx_word' id='word_1_136' title='bbox 883 1060 973 1086; x_wconf 93' lang='lat' dir='ltr'>esse</span> <span class='ocrx_word' id='word_1_137' title='bbox 1004 1047 1047 1086; x_wconf 87' lang='lat' dir='ltr'>in</span> <span class='ocrx_word' id='word_1_138' title='bbox 1080 1045 1257 1086; x_wconf 84' lang='lat' dir='ltr'>civitate</span> <span class='ocrx_word' id='word_1_139' title='bbox 1281 1046 1463 1101; x_wconf 77' lang='lat' dir='ltr'>gratiam</span> <span class='ocrx_word' id='word_1_140' title='bbox 1487 1060 1590 1086; x_wconf 88' lang='lat' dir='ltr'>con-</span> 
     </span>
     <span class='ocr_line' id='line_1_17' title="bbox 151 1089 1675 1159; baseline -0.001 -15"><span class='ocrx_word' id='word_1_141' title='bbox 151 1106 370 1146; x_wconf 86' lang='lat' dir='ltr'>secutum?</span> <span class='ocrx_word' id='word_1_142' title='bbox 404 1104 485 1144; x_wconf 89' lang='lat' dir='ltr'>Sed</span> <span class='ocrx_word' id='word_1_143' title='bbox 508 1105 609 1159; x_wconf 88' lang='lat' dir='ltr'>quia</span> <span class='ocrx_word' id='word_1_144' title='bbox 629 1105 681 1145; x_wconf 93' lang='lat' dir='ltr'>de</span> <span class='ocrx_word' id='word_1_145' title='bbox 704 1113 872 1145; x_wconf 89' lang='lat' dir='ltr'>oratore</span> <span class='ocrx_word' id='word_1_146' title='bbox 898 1103 1145 1159; x_wconf 80' lang='lat' dir='ltr'>quaerimUS,</span> <span class='ocrx_word' id='word_1_147' title='bbox 1168 1102 1395 1158; x_wconf 82' lang='lat' dir='ltr'>fingendus</span> <span class='ocrx_word' id='word_1_148' title='bbox 1427 1112 1490 1143; x_wconf 85' lang='lat' dir='ltr'>est</span> <span class='ocrx_word' id='word_1_149' title='bbox 1513 1089 1675 1144; x_wconf 66' lang='grc' dir='ltr'>κιο-26</span> 
     </span>
     <span class='ocr_line' id='line_1_18' title="bbox 150 1160 1678 1215; baseline 0 -14"><span class='ocrx_word' id='word_1_150' title='bbox 150 1161 217 1201; x_wconf 89' lang='lat' dir='ltr'>bis</span> <span class='ocrx_word' id='word_1_151' title='bbox 249 1161 443 1201; x_wconf 87' lang='lat' dir='ltr'>oratione</span> <span class='ocrx_word' id='word_1_152' title='bbox 473 1172 632 1213; x_wconf 87' lang='lat' dir='ltr'>nostra,</span> <span class='ocrx_word' id='word_1_153' title='bbox 660 1162 863 1203; x_wconf 85' lang='lat' dir='ltr'>detractis</span> <span class='ocrx_word' id='word_1_154' title='bbox 894 1161 1095 1201; x_wconf 87' lang='lat' dir='ltr'>omnibus</span> <span class='ocrx_word' id='word_1_155' title='bbox 1127 1160 1259 1209; x_wconf 83' lang='lat' dir='ltr'>vitiis,</span> <span class='ocrx_word' id='word_1_156' title='bbox 1282 1170 1439 1210; x_wconf 87' lang='lat' dir='ltr'>orator,</span> <span class='ocrx_word' id='word_1_157' title='bbox 1461 1169 1590 1215; x_wconf 85' lang='lat' dir='ltr'>atque</span> <span class='ocrx_word' id='word_1_158' title='bbox 1605 1168 1678 1203; x_wconf 83' lang='lat'>118</span> 
     </span>
     <span class='ocr_line' id='line_1_19' title="bbox 151 1217 1591 1274; baseline 0 -16"><span class='ocrx_word' id='word_1_159' title='bbox 151 1219 270 1259; x_wconf 88' lang='lat' dir='ltr'>omni</span> <span class='ocrx_word' id='word_1_160' title='bbox 292 1217 415 1260; x_wconf 94' lang='lat' dir='ltr'>laude</span> <span class='ocrx_word' id='word_1_161' title='bbox 433 1222 470 1253; x_wconf 82' lang='lat'>91</span> <span class='ocrx_word' id='word_1_162' title='bbox 486 1219 742 1260; x_wconf 86' lang='lat' dir='ltr'>cumulatus.</span> <span class='ocrx_word' id='word_1_163' title='bbox 798 1219 949 1274; x_wconf 87' lang='lat' dir='ltr'>Neque</span> <span class='ocrx_word' id='word_1_164' title='bbox 972 1218 1102 1274; x_wconf 84' lang='lat' dir='ltr'>enim,</span> <span class='ocrx_word' id='word_1_165' title='bbox 1122 1217 1155 1257; x_wconf 92' lang='lat' dir='ltr'>si</span> <span class='ocrx_word' id='word_1_166' title='bbox 1179 1217 1411 1257; x_wconf 87' lang='lat' dir='ltr'>multitudo</span> <span class='ocrx_word' id='word_1_167' title='bbox 1436 1217 1591 1268; x_wconf 87' lang='lat' dir='ltr'>litium,</span> 
     </span>
     <span class='ocr_line' id='line_1_20' title="bbox 152 1274 1594 1327; baseline 0 -11"><span class='ocrx_word' id='word_1_168' title='bbox 152 1275 187 1316; x_wconf 89' lang='lat' dir='ltr'>si</span> <span class='ocrx_word' id='word_1_169' title='bbox 219 1275 401 1317; x_wconf 87' lang='lat' dir='ltr'>varietas</span> <span class='ocrx_word' id='word_1_170' title='bbox 423 1290 661 1327; x_wconf 87' lang='lat' dir='ltr'>causarum,</span> <span class='ocrx_word' id='word_1_171' title='bbox 686 1277 720 1317; x_wconf 88' lang='lat' dir='ltr'>si</span> <span class='ocrx_word' id='word_1_172' title='bbox 743 1276 838 1318; x_wconf 81' lang='lat' dir='ltr'>haec</span> <span class='ocrx_word' id='word_1_173' title='bbox 861 1277 1000 1327; x_wconf 89' lang='lat' dir='ltr'>turba,</span> <span class='ocrx_word' id='word_1_174' title='bbox 1022 1285 1066 1316; x_wconf 91' lang='lat' dir='ltr'>et</span> <span class='ocrx_word' id='word_1_175' title='bbox 1098 1275 1295 1315; x_wconf 86' lang='lat' dir='ltr'>barbaria</span> <span class='ocrx_word' id='word_1_176' title='bbox 1317 1274 1496 1316; x_wconf 84' lang='lat' dir='ltr'>forensis</span> <span class='ocrx_word' id='word_1_177' title='bbox 1520 1275 1594 1316; x_wconf 86' lang='lat' dir='ltr'>dat</span> 
     </span>
     <span class='ocr_line' id='line_1_21' title="bbox 152 1332 1594 1388; baseline 0.001 -15"><span class='ocrx_word' id='word_1_178' title='bbox 152 1332 297 1373; x_wconf 88' lang='lat' dir='ltr'>locum</span> <span class='ocrx_word' id='word_1_179' title='bbox 321 1333 385 1374; x_wconf 92' lang='lat' dir='ltr'>vel</span> <span class='ocrx_word' id='word_1_180' title='bbox 418 1333 705 1375; x_wconf 86' lang='lat' dir='ltr'>vitiosissimis</span> <span class='ocrx_word' id='word_1_181' title='bbox 744 1333 1002 1384; x_wconf 87' lang='lat' dir='ltr'>oratoribus,</span> <span class='ocrx_word' id='word_1_182' title='bbox 1034 1333 1195 1374; x_wconf 89' lang='lat' dir='ltr'>idcirco</span> <span class='ocrx_word' id='word_1_183' title='bbox 1232 1347 1309 1373; x_wconf 88' lang='lat' dir='ltr'>nos</span> <span class='ocrx_word' id='word_1_184' title='bbox 1342 1332 1439 1383; x_wconf 85' lang='lat' dir='ltr'>hoc,</span> <span class='ocrx_word' id='word_1_185' title='bbox 1478 1333 1594 1388; x_wconf 91' lang='lat' dir='ltr'>quod</span> 
     </span>
     <span class='ocr_line' id='line_1_22' title="bbox 152 1390 1596 1446; baseline 0.001 -16"><span class='ocrx_word' id='word_1_186' title='bbox 152 1390 398 1445; x_wconf 82' lang='lat' dir='ltr'>quaerimuS‚</span> <span class='ocrx_word' id='word_1_187' title='bbox 418 1391 682 1433; x_wconf 62' lang='lat' dir='ltr'>omittemus</span> <span class='ocrx_word' id='word_1_188' title='bbox 743 1391 896 1446; x_wconf 85' lang='lat' dir='ltr'>Itaque</span> <span class='ocrx_word' id='word_1_189' title='bbox 918 1391 961 1432; x_wconf 90' lang='lat' dir='ltr'>in</span> <span class='ocrx_word' id='word_1_190' title='bbox 981 1391 1032 1431; x_wconf 92' lang='lat' dir='ltr'>iis</span> <span class='ocrx_word' id='word_1_191' title='bbox 1051 1390 1230 1440; x_wconf 81' lang='lat' dir='ltr'>artibus,</span> <span class='ocrx_word' id='word_1_192' title='bbox 1254 1390 1298 1431; x_wconf 88' lang='lat' dir='ltr'>in</span> <span class='ocrx_word' id='word_1_193' title='bbox 1330 1391 1486 1445; x_wconf 91' lang='lat' dir='ltr'>quibus</span> <span class='ocrx_word' id='word_1_194' title='bbox 1509 1405 1596 1431; x_wconf 90' lang='lat' dir='ltr'>non</span> 
     </span>
     <span class='ocr_line' id='line_1_23' title="bbox 152 1447 1597 1503; baseline 0 -15"><span class='ocrx_word' id='word_1_195' title='bbox 152 1447 315 1488; x_wconf 86' lang='lat' dir='ltr'>utilitas</span> <span class='ocrx_word' id='word_1_196' title='bbox 338 1449 545 1503; x_wconf 85' lang='lat' dir='ltr'>quaeritur</span> <span class='ocrx_word' id='word_1_197' title='bbox 568 1449 819 1500; x_wconf 83' lang='lat' dir='ltr'>necessaria,</span> <span class='ocrx_word' id='word_1_198' title='bbox 843 1449 915 1489; x_wconf 91' lang='lat' dir='ltr'>sed</span> <span class='ocrx_word' id='word_1_199' title='bbox 938 1449 1069 1489; x_wconf 87' lang='lat' dir='ltr'>animi</span> <span class='ocrx_word' id='word_1_200' title='bbox 1101 1447 1235 1488; x_wconf 87' lang='lat' dir='ltr'>libera</span> <span class='ocrx_word' id='word_1_201' title='bbox 1257 1448 1456 1503; x_wconf 85' lang='lat' dir='ltr'>quaedam</span> <span class='ocrx_word' id='word_1_202' title='bbox 1479 1447 1597 1489; x_wconf 87' lang='lat' dir='ltr'>oble-</span> 
     </span>
     <span class='ocr_line' id='line_1_24' title="bbox 149 1505 1595 1562; baseline 0.001 -17"><span class='ocrx_word' id='word_1_203' title='bbox 149 1505 299 1556; x_wconf 85' lang='lat' dir='ltr'>ctatio,</span> <span class='ocrx_word' id='word_1_204' title='bbox 317 1520 446 1561; x_wconf 87' lang='lat' dir='ltr'>quam</span> <span class='ocrx_word' id='word_1_205' title='bbox 465 1506 707 1562; x_wconf 83' lang='lat' dir='ltr'>diligenter,</span> <span class='ocrx_word' id='word_1_206' title='bbox 721 1517 765 1547; x_wconf 89' lang='lat' dir='ltr'>et</span> <span class='ocrx_word' id='word_1_207' title='bbox 777 1521 904 1562; x_wconf 88' lang='lat' dir='ltr'>quam</span> <span class='ocrx_word' id='word_1_208' title='bbox 930 1521 1062 1562; x_wconf 84' lang='lat' dir='ltr'>prope</span> <span class='ocrx_word' id='word_1_209' title='bbox 1084 1505 1306 1546; x_wconf 86' lang='lat' dir='ltr'>fastidiose</span> <span class='ocrx_word' id='word_1_210' title='bbox 1321 1506 1595 1560; x_wconf 76' lang='lat' dir='ltr'>judicamus?</span> 
     </span>
     <span class='ocr_line' id='line_1_25' title="bbox 151 1561 1596 1620; baseline 0.001 -18"><span class='ocrx_word' id='word_1_211' title='bbox 151 1561 295 1603; x_wconf 85' lang='lat' dir='ltr'>Nullae</span> <span class='ocrx_word' id='word_1_212' title='bbox 318 1563 432 1603; x_wconf 91' lang='lat' dir='ltr'>enim</span> <span class='ocrx_word' id='word_1_213' title='bbox 454 1563 564 1615; x_wconf 90' lang='lat' dir='ltr'>lites,</span> <span class='ocrx_word' id='word_1_214' title='bbox 584 1579 721 1620; x_wconf 90' lang='lat' dir='ltr'>neque</span> <span class='ocrx_word' id='word_1_215' title='bbox 743 1564 1047 1605; x_wconf 84' lang='lat' dir='ltr'>controversiae</span> <span class='ocrx_word' id='word_1_216' title='bbox 1081 1572 1193 1613; x_wconf 88' lang='lat' dir='ltr'>sunt,</span> <span class='ocrx_word' id='word_1_217' title='bbox 1216 1577 1313 1618; x_wconf 85' lang='lat' dir='ltr'>quae</span> <span class='ocrx_word' id='word_1_218' title='bbox 1336 1573 1496 1619; x_wconf 79' lang='lat' dir='ltr'>cogant</span> <span class='ocrx_word' id='word_1_219' title='bbox 1519 1563 1596 1604; x_wconf 88' lang='lat' dir='ltr'>ho-</span> 
     </span>
     <span class='ocr_line' id='line_1_26' title="bbox 153 1620 1592 1671; baseline 0.001 -11"><span class='ocrx_word' id='word_1_220' title='bbox 153 1620 307 1671; x_wconf 86' lang='lat' dir='ltr'>mines,</span> <span class='ocrx_word' id='word_1_221' title='bbox 341 1621 452 1661; x_wconf 84' lang='lat' dir='ltr'>sicut</span> <span class='ocrx_word' id='word_1_222' title='bbox 485 1621 528 1661; x_wconf 91' lang='lat' dir='ltr'>in</span> <span class='ocrx_word' id='word_1_223' title='bbox 563 1621 656 1662; x_wconf 85' lang='lat' dir='ltr'>foro</span> <span class='ocrx_word' id='word_1_224' title='bbox 689 1637 776 1663; x_wconf 93' lang='lat' dir='ltr'>non</span> <span class='ocrx_word' id='word_1_225' title='bbox 807 1622 942 1662; x_wconf 89' lang='lat' dir='ltr'>bonos</span> <span class='ocrx_word' id='word_1_226' title='bbox 974 1631 1179 1670; x_wconf 77' lang='lat' dir='ltr'>oratoreS,</span> <span class='ocrx_word' id='word_1_227' title='bbox 1209 1620 1312 1661; x_wconf 88' lang='lat' dir='ltr'>item</span> <span class='ocrx_word' id='word_1_228' title='bbox 1346 1621 1389 1661; x_wconf 89' lang='lat' dir='ltr'>in</span> <span class='ocrx_word' id='word_1_229' title='bbox 1426 1620 1592 1661; x_wconf 86' lang='lat' dir='ltr'>theatro</span> 
     </span>
     <span class='ocr_line' id='line_1_27' title="bbox 152 1677 1683 1735; baseline 0.001 -18"><span class='ocrx_word' id='word_1_230' title='bbox 152 1686 318 1718; x_wconf 88' lang='lat' dir='ltr'>actores</span> <span class='ocrx_word' id='word_1_231' title='bbox 341 1678 473 1719; x_wconf 87' lang='lat' dir='ltr'>malos</span> <span class='ocrx_word' id='word_1_232' title='bbox 496 1679 677 1735; x_wconf 86' lang='lat' dir='ltr'>perpeti.</span> <span class='ocrx_word' id='word_1_233' title='bbox 738 1679 816 1720; x_wconf 88' lang='lat' dir='ltr'>Est</span> <span class='ocrx_word' id='word_1_234' title='bbox 846 1680 979 1735; x_wconf 81' lang='lat' dir='ltr'>igitur</span> <span class='ocrx_word' id='word_1_235' title='bbox 1008 1679 1167 1719; x_wconf 87' lang='lat' dir='ltr'>oratori</span> <span class='ocrx_word' id='word_1_236' title='bbox 1190 1677 1421 1734; x_wconf 84' lang='lat' dir='ltr'>diligenter</span> <span class='ocrx_word' id='word_1_237' title='bbox 1451 1678 1594 1734; x_wconf 85' lang='lat' dir='ltr'>provi·</span> <span class='ocrx_word' id='word_1_238' title='bbox 1610 1692 1683 1726; x_wconf 83' lang='lat'>119</span> 
     </span>
     <span class='ocr_line' id='line_1_28' title="bbox 156 1734 1597 1791; baseline 0.001 -17"><span class='ocrx_word' id='word_1_239' title='bbox 156 1734 359 1785; x_wconf 88' lang='lat' dir='ltr'>dendum,</span> <span class='ocrx_word' id='word_1_240' title='bbox 388 1750 473 1776; x_wconf 86' lang='lat' dir='ltr'>non</span> <span class='ocrx_word' id='word_1_241' title='bbox 497 1737 560 1777; x_wconf 91' lang='lat' dir='ltr'>uti</span> <span class='ocrx_word' id='word_1_242' title='bbox 581 1737 661 1777; x_wconf 91' lang='lat' dir='ltr'>illis</span> <span class='ocrx_word' id='word_1_243' title='bbox 681 1736 932 1787; x_wconf 85' lang='lat' dir='ltr'>satisfaciat,</span> <span class='ocrx_word' id='word_1_244' title='bbox 963 1737 1119 1791; x_wconf 91' lang='lat' dir='ltr'>quibus</span> <span class='ocrx_word' id='word_1_245' title='bbox 1139 1749 1310 1776; x_wconf 88' lang='lat' dir='ltr'>necesse</span> <span class='ocrx_word' id='word_1_246' title='bbox 1332 1746 1394 1776; x_wconf 89' lang='lat' dir='ltr'>est</span> <span class='ocrx_word' id='word_1_247' title='bbox 1413 1752 1421 1777; x_wconf 93' lang='lat'>:</span> <span class='ocrx_word' id='word_1_248' title='bbox 1454 1736 1526 1776; x_wconf 91' lang='lat' dir='ltr'>sed</span> <span class='ocrx_word' id='word_1_249' title='bbox 1549 1745 1597 1777; x_wconf 85' lang='lat' dir='ltr'>ut</span> 
     </span>
     <span class='ocr_line' id='line_1_29' title="bbox 155 1791 1598 1849; baseline 0.001 -17"><span class='ocrx_word' id='word_1_250' title='bbox 155 1791 206 1832; x_wconf 89' lang='lat' dir='ltr'>iis</span> <span class='ocrx_word' id='word_1_251' title='bbox 233 1793 496 1833; x_wconf 88' lang='lat' dir='ltr'>admirabilis</span> <span class='ocrx_word' id='word_1_252' title='bbox 518 1808 609 1835; x_wconf 88' lang='lat' dir='ltr'>esse</span> <span class='ocrx_word' id='word_1_253' title='bbox 642 1795 850 1845; x_wconf 86' lang='lat' dir='ltr'>videatur,</span> <span class='ocrx_word' id='word_1_254' title='bbox 884 1795 1040 1849; x_wconf 88' lang='lat' dir='ltr'>quibus</span> <span class='ocrx_word' id='word_1_255' title='bbox 1070 1794 1202 1835; x_wconf 88' lang='lat' dir='ltr'>libere</span> <span class='ocrx_word' id='word_1_256' title='bbox 1236 1793 1362 1834; x_wconf 86' lang='lat' dir='ltr'>liceat</span> <span class='ocrx_word' id='word_1_257' title='bbox 1385 1793 1598 1848; x_wconf 81' lang='lat' dir='ltr'>judicare.</span> 
     </span>
     <span class='ocr_line' id='line_1_30' title="bbox 158 1848 1600 1907; baseline 0.001 -18"><span class='ocrx_word' id='word_1_258' title='bbox 158 1848 238 1900; x_wconf 88' lang='lat' dir='ltr'>Ac,</span> <span class='ocrx_word' id='word_1_259' title='bbox 269 1850 303 1890; x_wconf 84' lang='lat' dir='ltr'>si</span> <span class='ocrx_word' id='word_1_260' title='bbox 336 1851 544 1904; x_wconf 84' lang='lat' dir='ltr'>quaeritis,</span> <span class='ocrx_word' id='word_1_261' title='bbox 576 1851 713 1907; x_wconf 89' lang='lat' dir='ltr'>plane,</span> <span class='ocrx_word' id='word_1_262' title='bbox 737 1851 838 1907; x_wconf 88' lang='lat' dir='ltr'>quid</span> <span class='ocrx_word' id='word_1_263' title='bbox 873 1852 1069 1902; x_wconf 81' lang='lat' dir='ltr'>sentiam,</span> <span class='ocrx_word' id='word_1_264' title='bbox 1103 1851 1340 1891; x_wconf 84' lang='lat' dir='ltr'>enuntiabo</span> <span class='ocrx_word' id='word_1_265' title='bbox 1377 1852 1491 1907; x_wconf 87' lang='lat' dir='ltr'>apud</span> <span class='ocrx_word' id='word_1_266' title='bbox 1522 1851 1600 1891; x_wconf 87' lang='lat' dir='ltr'>ho-</span> 
     </span>
     <span class='ocr_line' id='line_1_31' title="bbox 156 1907 1600 1964; baseline 0.001 -17"><span class='ocrx_word' id='word_1_267' title='bbox 156 1907 294 1947; x_wconf 90' lang='lat' dir='ltr'>mines</span> <span class='ocrx_word' id='word_1_268' title='bbox 326 1907 695 1960; x_wconf 80' lang='lat' dir='ltr'>familiarissimos,</span> <span class='ocrx_word' id='word_1_269' title='bbox 726 1909 840 1964; x_wconf 91' lang='lat' dir='ltr'>quod</span> <span class='ocrx_word' id='word_1_270' title='bbox 864 1909 1004 1950; x_wconf 85' lang='lat' dir='ltr'>adhuc</span> <span class='ocrx_word' id='word_1_271' title='bbox 1035 1923 1202 1964; x_wconf 87' lang='lat' dir='ltr'>semper</span> <span class='ocrx_word' id='word_1_272' title='bbox 1223 1908 1353 1959; x_wconf 84' lang='lat' dir='ltr'>tacui,</span> <span class='ocrx_word' id='word_1_273' title='bbox 1375 1919 1418 1949; x_wconf 89' lang='lat' dir='ltr'>et</span> <span class='ocrx_word' id='word_1_274' title='bbox 1456 1918 1600 1949; x_wconf 81' lang='lat' dir='ltr'>tacen-</span> 
     </span>
     <span class='ocr_line' id='line_1_32' title="bbox 157 1964 1599 2022; baseline 0.002 -18"><span class='ocrx_word' id='word_1_275' title='bbox 157 1964 260 2004; x_wconf 90' lang='lat' dir='ltr'>dum</span> <span class='ocrx_word' id='word_1_276' title='bbox 285 1965 448 2020; x_wconf 86' lang='lat' dir='ltr'>putavi.</span> <span class='ocrx_word' id='word_1_277' title='bbox 510 1965 626 2007; x_wconf 87' lang='lat' dir='ltr'>Mihi</span> <span class='ocrx_word' id='word_1_278' title='bbox 652 1967 796 2017; x_wconf 85' lang='lat' dir='ltr'>etiam,</span> <span class='ocrx_word' id='word_1_279' title='bbox 819 1966 979 2021; x_wconf 86' lang='lat' dir='ltr'>quique</span> <span class='ocrx_word' id='word_1_280' title='bbox 1001 1966 1165 2022; x_wconf 87' lang='lat' dir='ltr'>optime</span> <span class='ocrx_word' id='word_1_281' title='bbox 1187 1965 1351 2016; x_wconf 91' lang='lat' dir='ltr'>dicunt,</span> <span class='ocrx_word' id='word_1_282' title='bbox 1374 1966 1533 2021; x_wconf 86' lang='lat' dir='ltr'>quique</span> <span class='ocrx_word' id='word_1_283' title='bbox 1556 1966 1599 2007; x_wconf 90' lang='lat' dir='ltr'>id</span> 
     </span>
     <span class='ocr_line' id='line_1_33' title="bbox 158 2020 1599 2079; baseline 0.001 -17"><span class='ocrx_word' id='word_1_284' title='bbox 158 2020 362 2062; x_wconf 82' lang='lat' dir='ltr'>facillime</span> <span class='ocrx_word' id='word_1_285' title='bbox 390 2032 520 2077; x_wconf 87' lang='lat' dir='ltr'>atque</span> <span class='ocrx_word' id='word_1_286' title='bbox 548 2024 818 2065; x_wconf 87' lang='lat' dir='ltr'>ornatissime</span> <span class='ocrx_word' id='word_1_287' title='bbox 848 2023 988 2064; x_wconf 86' lang='lat' dir='ltr'>facere</span> <span class='ocrx_word' id='word_1_288' title='bbox 1023 2031 1216 2079; x_wconf 87' lang='lat' dir='ltr'>possunt,</span> <span class='ocrx_word' id='word_1_289' title='bbox 1240 2032 1397 2074; x_wconf 87' lang='lat' dir='ltr'>tamen,</span> <span class='ocrx_word' id='word_1_290' title='bbox 1430 2023 1510 2064; x_wconf 85' lang='lat' dir='ltr'>nisi</span> <span class='ocrx_word' id='word_1_291' title='bbox 1544 2023 1599 2064; x_wconf 87' lang='lat' dir='ltr'>ti-</span> 
     </span>
     <span class='ocr_line' id='line_1_34' title="bbox 156 2079 1599 2133; baseline 0.001 -14"><span class='ocrx_word' id='word_1_292' title='bbox 156 2079 275 2120; x_wconf 87' lang='lat' dir='ltr'>mide</span> <span class='ocrx_word' id='word_1_293' title='bbox 307 2079 359 2120; x_wconf 88' lang='lat' dir='ltr'>ad</span> <span class='ocrx_word' id='word_1_294' title='bbox 386 2080 615 2122; x_wconf 91' lang='lat' dir='ltr'>dicendum</span> <span class='ocrx_word' id='word_1_295' title='bbox 646 2082 871 2133; x_wconf 86' lang='lat' dir='ltr'>accedunt,</span> <span class='ocrx_word' id='word_1_296' title='bbox 903 2090 946 2122; x_wconf 88' lang='lat' dir='ltr'>et</span> <span class='ocrx_word' id='word_1_297' title='bbox 974 2081 1017 2121; x_wconf 87' lang='lat' dir='ltr'>in</span> <span class='ocrx_word' id='word_1_298' title='bbox 1056 2080 1374 2121; x_wconf 71' lang='lat' dir='ltr'>92exordienda</span> <span class='ocrx_word' id='word_1_299' title='bbox 1405 2082 1599 2122; x_wconf 85' lang='lat' dir='ltr'>oratione</span> 
     </span>
     <span class='ocr_line' id='line_1_35' title="bbox 157 2138 1600 2196; baseline 0.001 -19"><span class='ocrx_word' id='word_1_300' title='bbox 157 2138 477 2192; x_wconf 79' lang='lat' dir='ltr'>perturbantur,</span> <span class='ocrx_word' id='word_1_301' title='bbox 499 2153 623 2194; x_wconf 85' lang='lat' dir='ltr'>paene</span> <span class='ocrx_word' id='word_1_302' title='bbox 655 2140 924 2196; x_wconf 86' lang='lat' dir='ltr'>impudentes</span> <span class='ocrx_word' id='word_1_303' title='bbox 958 2138 1181 2180; x_wconf 86' lang='lat' dir='ltr'>videntur:</span> <span class='ocrx_word' id='word_1_304' title='bbox 1215 2138 1385 2179; x_wconf 87' lang='lat' dir='ltr'>tametsi</span> <span class='ocrx_word' id='word_1_305' title='bbox 1418 2139 1458 2180; x_wconf 94' lang='lat' dir='ltr'>id</span> <span class='ocrx_word' id='word_1_306' title='bbox 1485 2138 1600 2181; x_wconf 82' lang='lat' dir='ltr'>acei-</span> 
     </span>
    </p>
   </div>
   <div class='ocr_carea' id='block_1_3' title="bbox 158 2279 865 2866">
    <p class='ocr_par' dir='ltr' id='par_1_3' title="bbox 158 2279 860 2350">
     <span class='ocr_line' id='line_1_36' title="bbox 158 2279 860 2350; baseline 0.006 -43"><span class='ocrx_word' id='word_1_307' title='bbox 158 2287 252 2350; x_wconf 54' lang='lat' dir='ltr'>lez‘cln.</span> <span class='ocrx_word' id='word_1_308' title='bbox 269 2280 303 2309; x_wconf 85' lang='lat' dir='ltr'>in</span> <span class='ocrx_word' id='word_1_309' title='bbox 321 2280 343 2310; x_wconf 81' lang='grc' dir='ltr'>ι’.</span> <span class='ocrx_word' id='word_1_310' title='bbox 361 2290 390 2309; x_wconf 85' lang='lat' dir='ltr'>r.</span> <span class='ocrx_word' id='word_1_311' title='bbox 406 2280 438 2309; x_wconf 76' lang='lat' dir='ltr'>h.</span> <span class='ocrx_word' id='word_1_312' title='bbox 459 2279 509 2309; x_wconf 77' lang='lat' dir='ltr'>ita</span> <span class='ocrx_word' id='word_1_313' title='bbox 531 2281 660 2314; x_wconf 44' lang='lat' dir='ltr'>ornata}</span> <span class='ocrx_word' id='word_1_314' title='bbox 684 2285 796 2320; x_wconf 86' lang='lat' dir='ltr'>estque</span> <span class='ocrx_word' id='word_1_315' title='bbox 819 2280 860 2311; x_wconf 86' lang='lat' dir='ltr'>ab</span> 
     </span>
     <span class='ocr_line' id='line_1_37' title="bbox 225 2330 254 2350; baseline 0 0"><span class='ocrx_word' id='word_1_316' title='bbox 225 2330 254 2350; x_wconf 91' lang='lat'>0.</span> 
     </span>
    </p>

    <p class='ocr_par' dir='ltr' id='par_1_4' title="bbox 161 2364 865 2691">
     <span class='ocr_line' id='line_1_38' title="bbox 204 2364 858 2404; baseline 0.005 -12"><span class='ocrx_word' id='word_1_317' title='bbox 204 2365 242 2393; x_wconf 80' lang='lat'>88</span> <span class='ocrx_word' id='word_1_318' title='bbox 255 2367 294 2393; x_wconf 75' lang='lat' dir='ltr'>ut</span> <span class='ocrx_word' id='word_1_319' title='bbox 305 2373 368 2392; x_wconf 78' lang='lat' dir='ltr'>non</span> <span class='ocrx_word' id='word_1_320' title='bbox 382 2364 479 2404; x_wconf 67' lang='lat' dir='ltr'>nati]</span> <span class='ocrx_word' id='word_1_321' title='bbox 498 2365 626 2395; x_wconf 86' lang='lat' dir='ltr'>Sentire</span> <span class='ocrx_word' id='word_1_322' title='bbox 640 2365 720 2395; x_wconf 75' lang='lat' dir='ltr'>mihi</span> <span class='ocrx_word' id='word_1_323' title='bbox 736 2366 858 2403; x_wconf 81' lang='lat' dir='ltr'>videor,</span> 
     </span>
     <span class='ocr_line' id='line_1_39' title="bbox 161 2404 861 2445; baseline 0.004 -10"><span class='ocrx_word' id='word_1_324' title='bbox 161 2404 215 2435; x_wconf 88' lang='lat' dir='ltr'>hic</span> <span class='ocrx_word' id='word_1_325' title='bbox 231 2405 353 2445; x_wconf 85' lang='lat' dir='ltr'>aliquid</span> <span class='ocrx_word' id='word_1_326' title='bbox 368 2406 489 2444; x_wconf 82' lang='lat' dir='ltr'>deesse,</span> <span class='ocrx_word' id='word_1_327' title='bbox 505 2414 538 2438; x_wconf 89' lang='lat' dir='ltr'>et</span> <span class='ocrx_word' id='word_1_328' title='bbox 555 2406 595 2437; x_wconf 83' lang='lat' dir='ltr'>ad</span> <span class='ocrx_word' id='word_1_329' title='bbox 610 2417 754 2444; x_wconf 85' lang='lat' dir='ltr'>sensum,</span> <span class='ocrx_word' id='word_1_330' title='bbox 771 2414 803 2438; x_wconf 85' lang='lat' dir='ltr'>et</span> <span class='ocrx_word' id='word_1_331' title='bbox 820 2408 861 2438; x_wconf 92' lang='lat' dir='ltr'>ad</span> 
     </span>
     <span class='ocr_line' id='line_1_40' title="bbox 162 2448 865 2481; baseline 0.006 -5"><span class='ocrx_word' id='word_1_332' title='bbox 162 2448 434 2478; x_wconf 81' lang='lat' dir='ltr'>concinnitatem.</span> <span class='ocrx_word' id='word_1_333' title='bbox 478 2449 630 2479; x_wconf 86' lang='lat' dir='ltr'>Arbitror</span> <span class='ocrx_word' id='word_1_334' title='bbox 651 2451 804 2481; x_wconf 81' lang='lat' dir='ltr'>excidisse</span> <span class='ocrx_word' id='word_1_335' title='bbox 819 2451 865 2480; x_wconf 82' lang='lat' dir='ltr'>ad</span> 
     </span>
     <span class='ocr_line' id='line_1_41' title="bbox 162 2489 862 2533; baseline 0.007 -15"><span class='ocrx_word' id='word_1_336' title='bbox 162 2489 344 2520; x_wconf 79' lang='lat' dir='ltr'>dicendum.</span> <span class='ocrx_word' id='word_1_337' title='bbox 358 2490 446 2521; x_wconf 88' lang='lat' dir='ltr'>Tum</span> <span class='ocrx_word' id='word_1_338' title='bbox 461 2493 620 2532; x_wconf 40' lang='lat' dir='ltr'>vero-sicli</span> <span class='ocrx_word' id='word_1_339' title='bbox 630 2502 695 2521; x_wconf 88' lang='lat' dir='ltr'>non</span> <span class='ocrx_word' id='word_1_340' title='bbox 707 2493 785 2522; x_wconf 82' lang='lat' dir='ltr'>satis</span> <span class='ocrx_word' id='word_1_341' title='bbox 794 2493 862 2533; x_wconf 87' lang='lat' dir='ltr'>pla-</span> 
     </span>
     <span class='ocr_line' id='line_1_42' title="bbox 163 2532 864 2570; baseline 0.007 -10"><span class='ocrx_word' id='word_1_342' title='bbox 163 2537 215 2560; x_wconf 87' lang='lat' dir='ltr'>cet</span> <span class='ocrx_word' id='word_1_343' title='bbox 226 2533 259 2561; x_wconf 92' lang='lat' dir='ltr'>in</span> <span class='ocrx_word' id='word_1_344' title='bbox 271 2532 330 2562; x_wconf 83' lang='lat' dir='ltr'>bac</span> <span class='ocrx_word' id='word_1_345' title='bbox 339 2535 515 2564; x_wconf 84' lang='lat' dir='ltr'>sententia.</span> <span class='ocrx_word' id='word_1_346' title='bbox 540 2534 658 2570; x_wconf 79' lang='lat' dir='ltr'>Credo,</span> <span class='ocrx_word' id='word_1_347' title='bbox 673 2535 864 2565; x_wconf 74' lang='lat' dir='ltr'>Ciceronem</span> 
     </span>
     <span class='ocr_line' id='line_1_43' title="bbox 163 2574 859 2615; baseline 0.007 -13"><span class='ocrx_word' id='word_1_348' title='bbox 163 2574 327 2613; x_wconf 82' lang='lat' dir='ltr'>scripsisse</span> <span class='ocrx_word' id='word_1_349' title='bbox 341 2574 446 2613; x_wconf 73' lang='lat' dir='ltr'>facti.</span> <span class='ocrx_word' id='word_1_350' title='bbox 493 2576 608 2606; x_wconf 82' lang='lat' dir='ltr'>Natus</span> <span class='ocrx_word' id='word_1_351' title='bbox 633 2577 788 2615; x_wconf 77' lang='lat' dir='ltr'>etfcretus</span> <span class='ocrx_word' id='word_1_352' title='bbox 814 2580 859 2607; x_wconf 86' lang='lat' dir='ltr'>sic</span> 
     </span>
     <span class='ocr_line' id='line_1_44' title="bbox 163 2617 860 2656; baseline 0.009 -12"><span class='ocrx_word' id='word_1_353' title='bbox 163 2617 317 2656; x_wconf 84' lang='lat' dir='ltr'>conjungi</span> <span class='ocrx_word' id='word_1_354' title='bbox 331 2627 381 2656; x_wconf 87' lang='lat' dir='ltr'>ap.</span> <span class='ocrx_word' id='word_1_355' title='bbox 398 2617 590 2649; x_wconf 84' lang='lat' dir='ltr'>Ciceronem</span> <span class='ocrx_word' id='word_1_356' title='bbox 600 2624 635 2649; x_wconf 87' lang='lat' dir='ltr'>et</span> <span class='ocrx_word' id='word_1_357' title='bbox 648 2618 729 2651; x_wconf 80' lang='lat' dir='ltr'>alios</span> <span class='ocrx_word' id='word_1_358' title='bbox 741 2620 860 2651; x_wconf 80' lang='lat' dir='ltr'>solent.</span> 
     </span>
     <span class='ocr_line' id='line_1_45' title="bbox 163 2657 508 2691; baseline 0.006 -2"><span class='ocrx_word' id='word_1_359' title='bbox 163 2657 229 2689; x_wconf 84' lang='lat' dir='ltr'>MS.</span> <span class='ocrx_word' id='word_1_360' title='bbox 246 2658 284 2688; x_wconf 90' lang='lat' dir='ltr'>E.</span> <span class='ocrx_word' id='word_1_361' title='bbox 299 2659 398 2689; x_wconf 82' lang='lat' dir='ltr'>habet</span> <span class='ocrx_word' id='word_1_362' title='bbox 408 2662 508 2691; x_wconf 77' lang='lat' dir='ltr'>electi.</span> 
     </span>
    </p>

    <p class='ocr_par' dir='ltr' id='par_1_5' title="bbox 165 2702 863 2866">
     <span class='ocr_line' id='line_1_46' title="bbox 198 2702 860 2744; baseline 0.008 -15"><span class='ocrx_word' id='word_1_363' title='bbox 198 2703 238 2735; x_wconf 84' lang='lat'>89</span> <span class='ocrx_word' id='word_1_364' title='bbox 251 2702 371 2731; x_wconf 72' lang='lat' dir='ltr'>homini</span> <span class='ocrx_word' id='word_1_365' title='bbox 385 2703 488 2742; x_wconf 62' lang='lat' dir='ltr'>nova]</span> <span class='ocrx_word' id='word_1_366' title='bbox 506 2703 611 2733; x_wconf 88' lang='lat' dir='ltr'>Credo</span> <span class='ocrx_word' id='word_1_367' title='bbox 622 2706 860 2744; x_wconf 80' lang='lat' dir='ltr'>transpositum</span> 
     </span>
     <span class='ocr_line' id='line_1_47' title="bbox 165 2741 862 2786; baseline 0.007 -15"><span class='ocrx_word' id='word_1_368' title='bbox 165 2741 228 2772; x_wconf 89' lang='lat' dir='ltr'>hoc</span> <span class='ocrx_word' id='word_1_369' title='bbox 237 2752 317 2779; x_wconf 86' lang='lat' dir='ltr'>esse,</span> <span class='ocrx_word' id='word_1_370' title='bbox 330 2749 364 2773; x_wconf 84' lang='lat' dir='ltr'>et</span> <span class='ocrx_word' id='word_1_371' title='bbox 374 2752 446 2783; x_wconf 87' lang='lat' dir='ltr'>post</span> <span class='ocrx_word' id='word_1_372' title='bbox 457 2746 572 2785; x_wconf 68' lang='lat' dir='ltr'>aequali</span> <span class='ocrx_word' id='word_1_373' title='bbox 583 2756 650 2776; x_wconf 83' lang='lat' dir='ltr'>meo</span> <span class='ocrx_word' id='word_1_374' title='bbox 662 2747 862 2786; x_wconf 84' lang='lat' dir='ltr'>ponendum.</span> 
     </span>
     <span class='ocr_line' id='line_1_48' title="bbox 165 2785 863 2826; baseline 0.004 -10"><span class='ocrx_word' id='word_1_375' title='bbox 165 2785 254 2816; x_wconf 85' lang='lat' dir='ltr'>Ante</span> <span class='ocrx_word' id='word_1_376' title='bbox 269 2786 354 2815; x_wconf 69' lang='lat' dir='ltr'>videt</span> <span class='ocrx_word' id='word_1_377' title='bbox 363 2786 451 2816; x_wconf 87' lang='lat' dir='ltr'>dedit</span> <span class='ocrx_word' id='word_1_378' title='bbox 464 2794 550 2818; x_wconf 84' lang='lat' dir='ltr'>recte</span> <span class='ocrx_word' id='word_1_379' title='bbox 564 2788 727 2826; x_wconf 71' lang='lat' dir='ltr'>Peaaeius,</span> <span class='ocrx_word' id='word_1_380' title='bbox 739 2799 815 2819; x_wconf 82' lang='lat' dir='ltr'>narn</span> <span class='ocrx_word' id='word_1_381' title='bbox 829 2793 863 2819; x_wconf 90' lang='lat' dir='ltr'>et</span> 
     </span>
     <span class='ocr_line' id='line_1_49' title="bbox 166 2828 860 2866; baseline 0.006 -8"><span class='ocrx_word' id='word_1_382' title='bbox 166 2837 242 2858; x_wconf 90' lang='lat' dir='ltr'>mox</span> <span class='ocrx_word' id='word_1_383' title='bbox 255 2828 413 2866; x_wconf 64' lang='lat' dir='ltr'>iutelligit</span> <span class='ocrx_word' id='word_1_384' title='bbox 426 2836 474 2859; x_wconf 86' lang='lat' dir='ltr'>est</span> <span class='ocrx_word' id='word_1_385' title='bbox 489 2830 523 2859; x_wconf 88' lang='lat' dir='ltr'>in</span> <span class='ocrx_word' id='word_1_386' title='bbox 539 2829 652 2861; x_wconf 86' lang='lat' dir='ltr'>eadem</span> <span class='ocrx_word' id='word_1_387' title='bbox 668 2832 774 2862; x_wconf 79' lang='lat' dir='ltr'>forma</span> <span class='ocrx_word' id='word_1_388' title='bbox 788 2842 860 2862; x_wconf 74' lang='lat' dir='ltr'>ora-</span> 
     </span>
    </p>
   </div>
   <div class='ocr_carea' id='block_1_4' title="bbox 903 2280 1603 2871">
    <p class='ocr_par' dir='ltr' id='par_1_6' title="bbox 903 2280 1603 2659">
     <span class='ocr_line' id='line_1_50' title="bbox 945 2280 1602 2322; baseline -0.003 -9"><span class='ocrx_word' id='word_1_389' title='bbox 945 2284 986 2313; x_wconf 88' lang='lat'>90</span> <span class='ocrx_word' id='word_1_390' title='bbox 1008 2280 1094 2322; x_wconf 71' lang='lat' dir='ltr'>Quis</span> <span class='ocrx_word' id='word_1_391' title='bbox 1107 2290 1137 2310; x_wconf 85' lang='lat' dir='ltr'>v.</span> <span class='ocrx_word' id='word_1_392' title='bbox 1150 2282 1305 2319; x_wconf 79' lang='lat' dir='ltr'>aequalem</span> <span class='ocrx_word' id='word_1_393' title='bbox 1321 2280 1457 2320; x_wconf 63' lang='lat' dir='ltr'>meum]</span> <span class='ocrx_word' id='word_1_394' title='bbox 1486 2281 1602 2311; x_wconf 75' lang='lat' dir='ltr'>llIeztm</span> 
     </span>
     <span class='ocr_line' id='line_1_51' title="bbox 903 2323 1602 2362; baseline -0.001 -9"><span class='ocrx_word' id='word_1_395' title='bbox 903 2324 1039 2354; x_wconf 89' lang='lat' dir='ltr'>sustulit</span> <span class='ocrx_word' id='word_1_396' title='bbox 1052 2323 1215 2359; x_wconf 77' lang='lat' dir='ltr'>Peamius,</span> <span class='ocrx_word' id='word_1_397' title='bbox 1236 2324 1422 2353; x_wconf 86' lang='lat' dir='ltr'>auctoribus</span> <span class='ocrx_word' id='word_1_398' title='bbox 1437 2324 1517 2353; x_wconf 83' lang='lat' dir='ltr'>Mss.</span> <span class='ocrx_word' id='word_1_399' title='bbox 1531 2323 1602 2362; x_wconf 88' lang='lat' dir='ltr'>qui-</span> 
     </span>
     <span class='ocr_line' id='line_1_52' title="bbox 903 2365 1602 2404; baseline 0 -9"><span class='ocrx_word' id='word_1_400' title='bbox 903 2365 1053 2402; x_wconf 78' lang='lat' dir='ltr'>busdam,</span> <span class='ocrx_word' id='word_1_401' title='bbox 1064 2370 1102 2395; x_wconf 89' lang='lat' dir='ltr'>ut</span> <span class='ocrx_word' id='word_1_402' title='bbox 1112 2366 1153 2395; x_wconf 80' lang='lat' dir='ltr'>sit</span> <span class='ocrx_word' id='word_1_403' title='bbox 1166 2369 1308 2395; x_wconf 79' lang='lat' dir='ltr'>vestrum</span> <span class='ocrx_word' id='word_1_404' title='bbox 1324 2367 1479 2404; x_wconf 76' lang='lat' dir='ltr'>oeqzmlem</span> <span class='ocrx_word' id='word_1_405' title='bbox 1492 2378 1500 2394; x_wconf 89' lang='lat'>.-</span> <span class='ocrx_word' id='word_1_406' title='bbox 1515 2365 1602 2395; x_wconf 88' lang='lat' dir='ltr'>unde</span> 
     </span>
     <span class='ocr_line' id='line_1_53' title="bbox 903 2407 1600 2448; baseline -0.001 -10"><span class='ocrx_word' id='word_1_407' title='bbox 903 2414 938 2438; x_wconf 89' lang='lat' dir='ltr'>et</span> <span class='ocrx_word' id='word_1_408' title='bbox 966 2414 1040 2448; x_wconf 84' lang='lat' dir='ltr'>post</span> <span class='ocrx_word' id='word_1_409' title='bbox 1065 2418 1132 2437; x_wconf 83' lang='lat' dir='ltr'>esse</span> <span class='ocrx_word' id='word_1_410' title='bbox 1157 2407 1252 2437; x_wconf 85' lang='lat' dir='ltr'>debet</span> <span class='ocrx_word' id='word_1_411' title='bbox 1277 2409 1371 2438; x_wconf 72' lang='lat' dir='ltr'>habet</span> <span class='ocrx_word' id='word_1_412' title='bbox 1394 2417 1451 2448; x_wconf 90' lang='lat' dir='ltr'>pro</span> <span class='ocrx_word' id='word_1_413' title='bbox 1475 2409 1600 2438; x_wconf 76' lang='lat' dir='ltr'>habuit.</span> 
     </span>
     <span class='ocr_line' id='line_1_54' title="bbox 905 2450 1600 2491; baseline 0.001 -11"><span class='ocrx_word' id='word_1_414' title='bbox 905 2450 1033 2491; x_wconf 87' lang='lat' dir='ltr'>Nempe</span> <span class='ocrx_word' id='word_1_415' title='bbox 1048 2450 1153 2480; x_wconf 80' lang='lat' dir='ltr'>adhuc</span> <span class='ocrx_word' id='word_1_416' title='bbox 1167 2450 1310 2479; x_wconf 73' lang='lat' dir='ltr'>vivebat:</span> <span class='ocrx_word' id='word_1_417' title='bbox 1336 2456 1369 2479; x_wconf 84' lang='lat' dir='ltr'>et</span> <span class='ocrx_word' id='word_1_418' title='bbox 1383 2455 1453 2480; x_wconf 84' lang='lat' dir='ltr'>erat</span> <span class='ocrx_word' id='word_1_419' title='bbox 1469 2451 1600 2489; x_wconf 76' lang='lat' dir='ltr'>aequalis</span> 
     </span>
     <span class='ocr_line' id='line_1_55' title="bbox 906 2492 1602 2533; baseline 0.003 -11"><span class='ocrx_word' id='word_1_420' title='bbox 906 2502 974 2522; x_wconf 88' lang='lat' dir='ltr'>non</span> <span class='ocrx_word' id='word_1_421' title='bbox 998 2493 1118 2527; x_wconf 82' lang='lat' dir='ltr'>Crassi,</span> <span class='ocrx_word' id='word_1_422' title='bbox 1145 2492 1199 2521; x_wconf 86' lang='lat' dir='ltr'>sed</span> <span class='ocrx_word' id='word_1_423' title='bbox 1220 2492 1326 2522; x_wconf 77' lang='lat' dir='ltr'>Cottae</span> <span class='ocrx_word' id='word_1_424' title='bbox 1351 2498 1383 2522; x_wconf 87' lang='lat' dir='ltr'>et</span> <span class='ocrx_word' id='word_1_425' title='bbox 1407 2493 1540 2533; x_wconf 86' lang='lat' dir='ltr'>Sulpicii</span> <span class='ocrx_word' id='word_1_426' title='bbox 1559 2493 1602 2533; x_wconf 80' lang='lat' dir='ltr'>(v.</span> 
     </span>
     <span class='ocr_line' id='line_1_56' title="bbox 907 2535 1602 2574; baseline 0.001 -9"><span class='ocrx_word' id='word_1_427' title='bbox 907 2535 965 2565; x_wconf 90' lang='lat' dir='ltr'>Or.</span> <span class='ocrx_word' id='word_1_428' title='bbox 990 2536 1068 2573; x_wconf 86' lang='lat'>49.).</span> <span class='ocrx_word' id='word_1_429' title='bbox 1106 2535 1188 2569; x_wconf 82' lang='lat' dir='ltr'>Nec,</span> <span class='ocrx_word' id='word_1_430' title='bbox 1206 2535 1276 2574; x_wconf 76' lang='lat' dir='ltr'>quis</span> <span class='ocrx_word' id='word_1_431' title='bbox 1300 2540 1442 2565; x_wconf 61' lang='lat' dir='ltr'>restium</span> <span class='ocrx_word' id='word_1_432' title='bbox 1469 2536 1602 2566; x_wconf 73' lang='lat' dir='ltr'>dixisset</span> 
     </span>
     <span class='ocr_line' id='line_1_57' title="bbox 904 2577 1603 2617; baseline 0 -9"><span class='ocrx_word' id='word_1_433' title='bbox 904 2578 1030 2613; x_wconf 80' lang='lat' dir='ltr'>Cicero,</span> <span class='ocrx_word' id='word_1_434' title='bbox 1045 2577 1099 2608; x_wconf 87' lang='lat' dir='ltr'>sed</span> <span class='ocrx_word' id='word_1_435' title='bbox 1112 2583 1244 2607; x_wconf 76' lang='lat' dir='ltr'>tantum</span> <span class='ocrx_word' id='word_1_436' title='bbox 1261 2577 1357 2617; x_wconf 72' lang='lat' dir='ltr'>Quis,</span> <span class='ocrx_word' id='word_1_437' title='bbox 1371 2584 1409 2607; x_wconf 89' lang='lat' dir='ltr'>ut</span> <span class='ocrx_word' id='word_1_438' title='bbox 1424 2582 1511 2608; x_wconf 85' lang='lat' dir='ltr'>ante.</span> <span class='ocrx_word' id='word_1_439' title='bbox 1535 2578 1603 2608; x_wconf 85' lang='lat' dir='ltr'>lta-</span> 
     </span>
     <span class='ocr_line' id='line_1_58' title="bbox 905 2620 1416 2659; baseline 0.002 -10"><span class='ocrx_word' id='word_1_440' title='bbox 905 2630 966 2659; x_wconf 88' lang='lat' dir='ltr'>que</span> <span class='ocrx_word' id='word_1_441' title='bbox 986 2620 1152 2650; x_wconf 84' lang='lat' dir='ltr'>Pearcium</span> <span class='ocrx_word' id='word_1_442' title='bbox 1169 2620 1316 2649; x_wconf 81' lang='lat' dir='ltr'>imitatus</span> <span class='ocrx_word' id='word_1_443' title='bbox 1332 2629 1416 2650; x_wconf 88' lang='lat' dir='ltr'>sum.</span> 
     </span>
    </p>

    <p class='ocr_par' dir='ltr' id='par_1_7' title="bbox 905 2661 1603 2829">
     <span class='ocr_line' id='line_1_59' title="bbox 947 2661 1603 2701; baseline 0.002 -10"><span class='ocrx_word' id='word_1_444' title='bbox 947 2665 984 2696; x_wconf 88' lang='grc'>91</span> <span class='ocrx_word' id='word_1_445' title='bbox 1009 2662 1224 2701; x_wconf 49' lang='lat' dir='ltr'>cumulatus]</span> <span class='ocrx_word' id='word_1_446' title='bbox 1251 2661 1341 2692; x_wconf 82' lang='lat' dir='ltr'>Idem</span> <span class='ocrx_word' id='word_1_447' title='bbox 1366 2669 1452 2692; x_wconf 77' lang='lat' dir='ltr'>reete</span> <span class='ocrx_word' id='word_1_448' title='bbox 1475 2662 1520 2692; x_wconf 81' lang='lat' dir='ltr'>sic</span> <span class='ocrx_word' id='word_1_449' title='bbox 1537 2661 1603 2693; x_wconf 86' lang='lat' dir='ltr'>edi-</span> 
     </span>
     <span class='ocr_line' id='line_1_60' title="bbox 905 2704 1602 2745; baseline 0 -10"><span class='ocrx_word' id='word_1_450' title='bbox 905 2704 966 2741; x_wconf 82' lang='lat' dir='ltr'>dit,</span> <span class='ocrx_word' id='word_1_451' title='bbox 982 2714 1039 2745; x_wconf 86' lang='lat' dir='ltr'>pro</span> <span class='ocrx_word' id='word_1_452' title='bbox 1055 2705 1142 2743; x_wconf 78' lang='lat' dir='ltr'>vulg.</span> <span class='ocrx_word' id='word_1_453' title='bbox 1157 2705 1386 2734; x_wconf 73' lang='lat' dir='ltr'>cumulandus.</span> <span class='ocrx_word' id='word_1_454' title='bbox 1410 2706 1463 2735; x_wconf 88' lang='lat' dir='ltr'>Sic</span> <span class='ocrx_word' id='word_1_455' title='bbox 1476 2704 1526 2735; x_wconf 85' lang='lat' dir='ltr'>ed.</span> <span class='ocrx_word' id='word_1_456' title='bbox 1540 2715 1565 2735; x_wconf 87' lang='lat' dir='ltr'>s.</span> <span class='ocrx_word' id='word_1_457' title='bbox 1580 2706 1602 2736; x_wconf 87' lang='lat' dir='ltr'>l.</span> 
     </span>
     <span class='ocr_line' id='line_1_61' title="bbox 905 2746 1602 2787; baseline 0.001 -10"><span class='ocrx_word' id='word_1_458' title='bbox 905 2752 938 2777; x_wconf 84' lang='lat' dir='ltr'>et</span> <span class='ocrx_word' id='word_1_459' title='bbox 953 2758 982 2777; x_wconf 89' lang='lat' dir='ltr'>a.</span> <span class='ocrx_word' id='word_1_460' title='bbox 998 2746 1086 2777; x_wconf 89' lang='lat' dir='ltr'>Med.</span> <span class='ocrx_word' id='word_1_461' title='bbox 1102 2747 1173 2777; x_wconf 88' lang='lat' dir='ltr'>Asc.</span> <span class='ocrx_word' id='word_1_462' title='bbox 1194 2747 1231 2777; x_wconf 81' lang='lat' dir='ltr'>A.</span> <span class='ocrx_word' id='word_1_463' title='bbox 1248 2747 1336 2787; x_wconf 87' lang='lat' dir='ltr'>Lips.</span> <span class='ocrx_word' id='word_1_464' title='bbox 1362 2747 1477 2777; x_wconf 66' lang='lat' dir='ltr'>dunta.</span> <span class='ocrx_word' id='word_1_465' title='bbox 1501 2753 1536 2777; x_wconf 86' lang='lat' dir='ltr'>et</span> <span class='ocrx_word' id='word_1_466' title='bbox 1556 2747 1602 2778; x_wconf 85' lang='lat' dir='ltr'>sic</span> 
     </span>
     <span class='ocr_line' id='line_1_62' title="bbox 906 2789 1433 2829; baseline 0.002 -11"><span class='ocrx_word' id='word_1_467' title='bbox 906 2789 987 2819; x_wconf 86' lang='lat' dir='ltr'>bene</span> <span class='ocrx_word' id='word_1_468' title='bbox 1004 2789 1175 2829; x_wconf 85' lang='lat' dir='ltr'>respondet</span> <span class='ocrx_word' id='word_1_469' title='bbox 1193 2790 1348 2819; x_wconf 65' lang='lat' dir='ltr'>detractis</span> <span class='ocrx_word' id='word_1_470' title='bbox 1361 2800 1388 2819; x_wconf 85' lang='lat' dir='ltr'>o.</span> <span class='ocrx_word' id='word_1_471' title='bbox 1404 2799 1433 2819; x_wconf 78' lang='lat' dir='ltr'>v.</span> 
     </span>
    </p>

    <p class='ocr_par' dir='ltr' id='par_1_8' title="bbox 944 2832 1603 2871">
     <span class='ocr_line' id='line_1_63' title="bbox 944 2832 1603 2871; baseline 0 -10"><span class='ocrx_word' id='word_1_472' title='bbox 944 2834 984 2864; x_wconf 65' lang='lat'>902</span> <span class='ocrx_word' id='word_1_473' title='bbox 998 2832 1222 2870; x_wconf 59' lang='lat' dir='ltr'>eaeordz&#39;euda]</span> <span class='ocrx_word' id='word_1_474' title='bbox 1239 2832 1292 2863; x_wconf 88' lang='lat' dir='ltr'>Sic</span> <span class='ocrx_word' id='word_1_475' title='bbox 1306 2832 1378 2862; x_wconf 87' lang='lat' dir='ltr'>edd.</span> <span class='ocrx_word' id='word_1_476' title='bbox 1393 2838 1528 2867; x_wconf 76' lang='lat' dir='ltr'>veteres,</span> <span class='ocrx_word' id='word_1_477' title='bbox 1543 2841 1603 2871; x_wconf 86' lang='lat' dir='ltr'>pro</span> 
     </span>
    </p>
   </div>
   <div class='ocr_carea' id='block_1_5' title="bbox 164 2870 1603 2916">
    <p class='ocr_par' dir='ltr' id='par_1_9' title="bbox 164 2870 1603 2916">
     <span class='ocr_line' id='line_1_64' title="bbox 164 2870 1603 2916; baseline 0.01 -17"><span class='ocrx_word' id='word_1_478' title='bbox 164 2870 282 2899; x_wconf 81' lang='lat' dir='ltr'>tionis:</span> <span class='ocrx_word' id='word_1_479' title='bbox 307 2874 339 2900; x_wconf 82' lang='lat' dir='ltr'>et</span> <span class='ocrx_word' id='word_1_480' title='bbox 353 2870 398 2900; x_wconf 86' lang='lat' dir='ltr'>sic</span> <span class='ocrx_word' id='word_1_481' title='bbox 410 2876 460 2901; x_wconf 81' lang='lat' dir='ltr'>est</span> <span class='ocrx_word' id='word_1_482' title='bbox 476 2873 508 2902; x_wconf 88' lang='lat' dir='ltr'>in</span> <span class='ocrx_word' id='word_1_483' title='bbox 523 2872 586 2904; x_wconf 90' lang='lat' dir='ltr'>Ms.</span> <span class='ocrx_word' id='word_1_484' title='bbox 601 2872 641 2905; x_wconf 90' lang='lat' dir='ltr'>E.</span> <span class='ocrx_word' id='word_1_485' title='bbox 655 2884 675 2905; x_wconf 83' lang='lat' dir='ltr'>a</span> <span class='ocrx_word' id='word_1_486' title='bbox 687 2884 732 2905; x_wconf 87' lang='lat' dir='ltr'>m.</span> <span class='ocrx_word' id='word_1_487' title='bbox 749 2884 798 2916; x_wconf 89' lang='lat' dir='ltr'>pr.</span> <span class='ocrx_word' id='word_1_488' title='bbox 813 2884 861 2906; x_wconf 80' lang='lat' dir='ltr'>se·</span> <span class='ocrx_word' id='word_1_489' title='bbox 902 2873 1037 2913; x_wconf 82' lang='lat' dir='ltr'>vulgato</span> <span class='ocrx_word' id='word_1_490' title='bbox 1065 2875 1232 2906; x_wconf 78' lang='lat' dir='ltr'>ordienda.</span> <span class='ocrx_word' id='word_1_491' title='bbox 1268 2879 1304 2906; x_wconf 83' lang='lat' dir='ltr'>et</span> <span class='ocrx_word' id='word_1_492' title='bbox 1329 2875 1377 2905; x_wconf 76' lang='lat' dir='ltr'>sie</span> <span class='ocrx_word' id='word_1_493' title='bbox 1406 2873 1508 2905; x_wconf 84' lang='lat' dir='ltr'>edidit</span> <span class='ocrx_word' id='word_1_494' title='bbox 1529 2874 1603 2913; x_wconf 58' lang='lat' dir='ltr'>jum</span> 
     </span>
    </p>
   </div>
   <div class='ocr_carea' id='block_1_6' title="bbox 163 2912 490 2946">
    <p class='ocr_par' dir='ltr' id='par_1_10' title="bbox 163 2912 490 2946">
     <span class='ocr_line' id='line_1_65' title="bbox 163 2912 490 2946; baseline 0.006 -2"><span class='ocrx_word' id='word_1_495' title='bbox 163 2912 272 2944; x_wconf 59' lang='lat' dir='ltr'>cunda</span> <span class='ocrx_word' id='word_1_496' title='bbox 283 2912 360 2944; x_wconf 82' lang='lat' dir='ltr'>fecit</span> <span class='ocrx_word' id='word_1_497' title='bbox 374 2913 490 2946; x_wconf 81' lang='lat' dir='ltr'>videat.</span> 
     </span>
    </p>
   </div>
   <div class='ocr_carea' id='block_1_7' title="bbox 903 2916 1065 2951">
    <p class='ocr_par' dir='ltr' id='par_1_11' title="bbox 903 2916 1065 2951">
     <span class='ocr_line' id='line_1_66' title="bbox 903 2916 1065 2951; baseline 0 -3"><span class='ocrx_word' id='word_1_498' title='bbox 903 2916 1065 2951; x_wconf 66' lang='lat' dir='ltr'>Pearcjus.</span> 
     </span>
    </p>
   </div>
  </div>
 </body>
</html>
