<?xml version="1.0" encoding="UTF-8"?>
<!DOCTYPE html PUBLIC "-//W3C//DTD XHTML 1.0 Transitional//EN"
    "http://www.w3.org/TR/xhtml1/DTD/xhtml1-transitional.dtd">
<html xmlns="http://www.w3.org/1999/xhtml" xml:lang="en" lang="en">
 <head>
  <title>
</title>
<meta http-equiv="Content-Type" content="text/html;charset=utf-8" />
  <meta name='ocr-system' content='tesseract 3.04.00' />
  <meta name='ocr-capabilities' content='ocr_page ocr_carea ocr_par ocr_line ocrx_word'/>
</head>
<body>
  <div class='ocr_page' id='page_1' title='image "./operaomnia01ciceuoft/operaomnia01ciceuoft_0352.png"; bbox 0 0 1945 3235; ppageno 0'>
   <div class='ocr_carea' id='block_1_1' title="bbox 250 159 1782 2195">
    <p class='ocr_par' dir='ltr' id='par_1_1' title="bbox 334 159 1250 199">
     <span class='ocr_line' id='line_1_1' title="bbox 334 159 1250 199; baseline 0.007 -6"><span class='ocrx_word' id='word_1_1' title='bbox 334 159 412 193; x_wconf 73' lang='lat'>‘230</span> <span class='ocrx_word' id='word_1_2' title='bbox 852 159 932 198; x_wconf 90' lang='lat' dir='ltr'>DE</span> <span class='ocrx_word' id='word_1_3' title='bbox 965 160 1250 199; x_wconf 86' lang='lat' dir='ltr'><strong>ORATORE</strong></span> 
     </span>
    </p>

    <p class='ocr_par' dir='ltr' id='par_1_2' title="bbox 256 258 1760 324">
     <span class='ocr_line' id='line_1_2' title="bbox 256 258 1760 324; baseline 0.004 -26"><span class='ocrx_word' id='word_1_4' title='bbox 256 263 321 317; x_wconf 76' lang='lat'>57</span> <span class='ocrx_word' id='word_1_5' title='bbox 339 273 387 300; x_wconf 81' lang='lat' dir='ltr'>ri.</span> <span class='ocrx_word' id='word_1_6' title='bbox 430 258 657 324; x_wconf 49' lang='lat' dir='ltr'>Attamen,</span> <span class='ocrx_word' id='word_1_7' title='bbox 677 277 772 317; x_wconf 80' lang='lat' dir='ltr'>quae</span> <span class='ocrx_word' id='word_1_8' title='bbox 795 278 934 306; x_wconf 67' lang='lat' dir='ltr'>causae</span> <span class='ocrx_word' id='word_1_9' title='bbox 966 274 1064 306; x_wconf 82' lang='lat' dir='ltr'>sunt</span> <span class='ocrx_word' id='word_1_10' title='bbox 1083 264 1310 320; x_wconf 83' lang='lat' dir='ltr'>ejusmodi,</span> <span class='ocrx_word' id='word_1_11' title='bbox 1334 272 1379 304; x_wconf 91' lang='lat' dir='ltr'>ut</span> <span class='ocrx_word' id='word_1_12' title='bbox 1409 263 1460 303; x_wconf 90' lang='lat' dir='ltr'>de</span> <span class='ocrx_word' id='word_1_13' title='bbox 1490 275 1634 304; x_wconf 84' lang='lat' dir='ltr'>earum</span> <span class='ocrx_word' id='word_1_14' title='bbox 1661 261 1760 318; x_wconf 82' lang='lat' dir='ltr'>jure</span> 
     </span>
    </p>

    <p class='ocr_par' dir='ltr' id='par_1_3' title="bbox 250 316 1765 666">
     <span class='ocr_line' id='line_1_3' title="bbox 250 316 1764 382; baseline 0.003 -26"><span class='ocrx_word' id='word_1_15' title='bbox 250 336 318 368; x_wconf 67' lang='lat'>241</span> <span class='ocrx_word' id='word_1_16' title='bbox 337 316 513 358; x_wconf 81' lang='lat' dir='ltr'>‹lubtum</span> <span class='ocrx_word' id='word_1_17' title='bbox 532 333 627 382; x_wconf 35' lang='lat' dir='ltr'>&#39;esse</span> <span class='ocrx_word' id='word_1_18' title='bbox 649 333 730 360; x_wconf 93' lang='lat' dir='ltr'>non</span> <span class='ocrx_word' id='word_1_19' title='bbox 758 322 904 376; x_wconf 78' lang='lat' dir='ltr'>possit,</span> <span class='ocrx_word' id='word_1_20' title='bbox 926 323 1101 362; x_wconf 82' lang='lat' dir='ltr'>omnino</span> <span class='ocrx_word' id='word_1_21' title='bbox 1126 323 1167 362; x_wconf 92' lang='lat' dir='ltr'>in</span> <span class='ocrx_word' id='word_1_22' title='bbox 1188 321 1401 376; x_wconf 84' lang='lat' dir='ltr'>judicium</span> <span class='ocrx_word' id='word_1_23' title='bbox 1426 320 1565 360; x_wconf 84' lang='lat' dir='ltr'>vocari</span> <span class='ocrx_word' id='word_1_24' title='bbox 1590 334 1674 360; x_wconf 89' lang='lat' dir='ltr'>non</span> <span class='ocrx_word' id='word_1_25' title='bbox 1696 334 1764 360; x_wconf 90' lang='lat' dir='ltr'>so-</span> 
     </span>
     <span class='ocr_line' id='line_1_4' title="bbox 337 373 1764 439; baseline 0.002 -26"><span class='ocrx_word' id='word_1_26' title='bbox 337 373 439 436; x_wconf 79' lang='lat' dir='ltr'>lent.</span> <span class='ocrx_word' id='word_1_27' title='bbox 501 375 616 439; x_wconf 65' lang='lat' dir='ltr'>hum</span> <span class='ocrx_word' id='word_1_28' title='bbox 638 378 731 431; x_wconf 81' lang='lat' dir='ltr'>quis</span> <span class='ocrx_word' id='word_1_29' title='bbox 754 392 804 417; x_wconf 86' lang='lat' dir='ltr'>eo</span> <span class='ocrx_word' id='word_1_30' title='bbox 829 388 1097 429; x_wconf 78' lang='lat' dir='ltr'>testamento,</span> <span class='ocrx_word' id='word_1_31' title='bbox 1119 380 1231 434; x_wconf 86' lang='lat' dir='ltr'>quod</span> <span class='ocrx_word' id='word_1_32' title='bbox 1259 376 1560 433; x_wconf 76' lang='lat' dir='ltr'>paterfamilias</span> <span class='ocrx_word' id='word_1_33' title='bbox 1582 385 1680 416; x_wconf 84' lang='lat' dir='ltr'>ante</span> <span class='ocrx_word' id='word_1_34' title='bbox 1701 376 1764 416; x_wconf 83' lang='lat' dir='ltr'>fe-</span> 
     </span>
     <span class='ocr_line' id='line_1_5' title="bbox 335 433 1762 494; baseline 0.003 -24"><span class='ocrx_word' id='word_1_35' title='bbox 335 441 410 494; x_wconf 76' lang='lat' dir='ltr'>cit,</span> <span class='ocrx_word' id='word_1_36' title='bbox 432 446 559 486; x_wconf 86' lang='lat' dir='ltr'>quam</span> <span class='ocrx_word' id='word_1_37' title='bbox 581 447 619 474; x_wconf 82' lang='lat' dir='ltr'>ei</span> <span class='ocrx_word' id='word_1_38' title='bbox 643 437 678 467; x_wconf 76' lang='grc' dir='ltr'>ῑῖ</span> <span class='ocrx_word' id='word_1_39' title='bbox 697 434 806 474; x_wconf 83' lang='lat' dir='ltr'>tilius</span> <span class='ocrx_word' id='word_1_40' title='bbox 838 448 960 476; x_wconf 84' lang='lat' dir='ltr'>natus</span> <span class='ocrx_word' id='word_1_41' title='bbox 991 447 1113 486; x_wconf 78' lang='lat' dir='ltr'>esset,</span> <span class='ocrx_word' id='word_1_42' title='bbox 1138 436 1413 475; x_wconf 75' lang='lat' dir='ltr'>hereditatem</span> <span class='ocrx_word' id='word_1_43' title='bbox 1446 433 1581 489; x_wconf 83' lang='lat' dir='ltr'>petit?</span> <span class='ocrx_word' id='word_1_44' title='bbox 1613 446 1762 474; x_wconf 84' lang='lat' dir='ltr'>nemo:</span> 
     </span>
     <span class='ocr_line' id='line_1_6' title="bbox 335 489 1765 548; baseline 0.001 -20"><span class='ocrx_word' id='word_1_45' title='bbox 335 503 436 542; x_wconf 86' lang='lat' dir='ltr'>qma</span> <span class='ocrx_word' id='word_1_46' title='bbox 457 499 640 540; x_wconf 84' lang='lat' dir='ltr'>constat,</span> <span class='ocrx_word' id='word_1_47' title='bbox 662 492 931 545; x_wconf 77' lang='lat' dir='ltr'>agnascendo</span> <span class='ocrx_word' id='word_1_48' title='bbox 955 494 1092 548; x_wconf 81' lang='lat' dir='ltr'>rumpi</span> <span class='ocrx_word' id='word_1_49' title='bbox 1120 502 1434 533; x_wconf 83' lang='lat' dir='ltr'>testamentum.</span> <span class='ocrx_word' id='word_1_50' title='bbox 1479 489 1594 545; x_wconf 84' lang='lat' dir='ltr'>Ergo</span> <span class='ocrx_word' id='word_1_51' title='bbox 1616 489 1657 530; x_wconf 89' lang='lat' dir='ltr'>in</span> <span class='ocrx_word' id='word_1_52' title='bbox 1683 489 1765 530; x_wconf 85' lang='lat' dir='ltr'>hoc</span> 
     </span>
     <span class='ocr_line' id='line_1_7' title="bbox 336 545 1765 604; baseline 0.001 -19"><span class='ocrx_word' id='word_1_53' title='bbox 336 547 616 601; x_wconf 78' lang='lat' dir='ltr'>generejuris</span> <span class='ocrx_word' id='word_1_54' title='bbox 632 547 797 601; x_wconf 78' lang='lat' dir='ltr'>judicia</span> <span class='ocrx_word' id='word_1_55' title='bbox 821 549 931 589; x_wconf 83' lang='lat' dir='ltr'>nulla</span> <span class='ocrx_word' id='word_1_56' title='bbox 955 559 1067 589; x_wconf 88' lang='lat' dir='ltr'>sunt.</span> <span class='ocrx_word' id='word_1_57' title='bbox 1119 550 1235 589; x_wconf 79' lang='lat' dir='ltr'>Licet</span> <span class='ocrx_word' id='word_1_58' title='bbox 1261 549 1391 604; x_wconf 81' lang='lat' dir='ltr'>igitur</span> <span class='ocrx_word' id='word_1_59' title='bbox 1411 548 1585 602; x_wconf 89' lang='lat' dir='ltr'>impune</span> <span class='ocrx_word' id='word_1_60' title='bbox 1606 545 1765 586; x_wconf 89' lang='lat' dir='ltr'>oratori</span> 
     </span>
     <span class='ocr_line' id='line_1_8' title="bbox 337 604 1764 666; baseline 0.002 -26"><span class='ocrx_word' id='word_1_61' title='bbox 337 616 506 666; x_wconf 78' lang='lat' dir='ltr'>oniuem</span> <span class='ocrx_word' id='word_1_62' title='bbox 538 604 698 645; x_wconf 52' lang='lat' dir='ltr'>:alume</span> <span class='ocrx_word' id='word_1_63' title='bbox 730 615 890 660; x_wconf 86' lang='lat' dir='ltr'>partem</span> <span class='ocrx_word' id='word_1_64' title='bbox 913 606 1023 659; x_wconf 85' lang='lat' dir='ltr'>juris</span> <span class='ocrx_word' id='word_1_65' title='bbox 1056 605 1403 659; x_wconf 86' lang='lat' dir='ltr'>[incontroversi]</span> <span class='ocrx_word' id='word_1_66' title='bbox 1432 605 1642 659; x_wconf 80' lang='lat' dir='ltr'>ignorare,</span> <span class='ocrx_word' id='word_1_67' title='bbox 1666 616 1764 658; x_wconf 85' lang='lat' dir='ltr'>quae</span> 
     </span>
    </p>

    <p class='ocr_par' dir='ltr' id='par_1_4' title="bbox 251 657 1774 1114">
     <span class='ocr_line' id='line_1_9' title="bbox 251 657 1770 722; baseline 0.001 -24"><span class='ocrx_word' id='word_1_68' title='bbox 251 677 326 711; x_wconf 61' lang='lat'>2412</span> <span class='ocrx_word' id='word_1_69' title='bbox 342 673 547 722; x_wconf 65' lang='lat' dir='ltr'>parssme</span> <span class='ocrx_word' id='word_1_70' title='bbox 573 661 706 700; x_wconf 85' lang='lat' dir='ltr'>dubio</span> <span class='ocrx_word' id='word_1_71' title='bbox 729 662 862 702; x_wconf 88' lang='lat' dir='ltr'>multo</span> <span class='ocrx_word' id='word_1_72' title='bbox 885 663 1073 703; x_wconf 76' lang='lat' dir='ltr'>maxima</span> <span class='ocrx_word' id='word_1_73' title='bbox 1093 672 1181 704; x_wconf 81' lang='lat' dir='ltr'>est:</span> <span class='ocrx_word' id='word_1_74' title='bbox 1215 663 1256 702; x_wconf 91' lang='lat' dir='ltr'>in</span> <span class='ocrx_word' id='word_1_75' title='bbox 1278 677 1329 702; x_wconf 89' lang='lat' dir='ltr'>eo</span> <span class='ocrx_word' id='word_1_76' title='bbox 1351 672 1491 702; x_wconf 88' lang='lat' dir='ltr'>autem</span> <span class='ocrx_word' id='word_1_77' title='bbox 1518 660 1631 715; x_wconf 85' lang='lat' dir='ltr'>jure,</span> <span class='ocrx_word' id='word_1_78' title='bbox 1653 657 1770 714; x_wconf 91' lang='lat' dir='ltr'>quod</span> 
     </span>
     <span class='ocr_line' id='line_1_10' title="bbox 339 715 1770 778; baseline 0.001 -23"><span class='ocrx_word' id='word_1_79' title='bbox 339 717 573 778; x_wconf 72' lang='lat' dir='ltr'>ainlugitur</span> <span class='ocrx_word' id='word_1_80' title='bbox 596 718 704 758; x_wconf 86' lang='lat' dir='ltr'>iuter</span> <span class='ocrx_word' id='word_1_81' title='bbox 727 719 1018 774; x_wconf 82' lang='lat' dir='ltr'>peritissimos,</span> <span class='ocrx_word' id='word_1_82' title='bbox 1040 724 1080 754; x_wconf 81' lang='grc'>79</span> <span class='ocrx_word' id='word_1_83' title='bbox 1096 734 1178 759; x_wconf 92' lang='lat' dir='ltr'>non</span> <span class='ocrx_word' id='word_1_84' title='bbox 1199 728 1262 759; x_wconf 79' lang='lat' dir='ltr'>est</span> <span class='ocrx_word' id='word_1_85' title='bbox 1284 718 1458 759; x_wconf 81' lang='lat' dir='ltr'>difficile</span> <span class='ocrx_word' id='word_1_86' title='bbox 1480 716 1653 767; x_wconf 83' lang='lat' dir='ltr'>oratori,</span> <span class='ocrx_word' id='word_1_87' title='bbox 1675 715 1770 771; x_wconf 85' lang='lat' dir='ltr'>ejus</span> 
     </span>
     <span class='ocr_line' id='line_1_11' title="bbox 340 773 1770 830; baseline 0.001 -19"><span class='ocrx_word' id='word_1_88' title='bbox 340 784 485 827; x_wconf 70' lang='lat' dir='ltr'>partis,</span> <span class='ocrx_word' id='word_1_89' title='bbox 507 788 820 830; x_wconf 78' lang='lat' dir='ltr'>quamcumque</span> <span class='ocrx_word' id='word_1_90' title='bbox 851 775 1066 826; x_wconf 81' lang='lat' dir='ltr'>defendat,</span> <span class='ocrx_word' id='word_1_91' title='bbox 1088 787 1305 816; x_wconf 79' lang='lat' dir='ltr'>auctorem</span> <span class='ocrx_word' id='word_1_92' title='bbox 1339 775 1521 829; x_wconf 81' lang='lat' dir='ltr'>aliquem</span> <span class='ocrx_word' id='word_1_93' title='bbox 1554 773 1770 814; x_wconf 88' lang='lat' dir='ltr'>invenire:</span> 
     </span>
     <span class='ocr_line' id='line_1_12' title="bbox 337 829 1770 893; baseline 0.001 -25"><span class='ocrx_word' id='word_1_94' title='bbox 337 844 361 869; x_wconf 87' lang='lat' dir='ltr'>a</span> <span class='ocrx_word' id='word_1_95' title='bbox 382 844 467 893; x_wconf 79' lang='lat' dir='ltr'>quo</span> <span class='ocrx_word' id='word_1_96' title='bbox 489 845 585 893; x_wconf 85' lang='lat' dir='ltr'>cum</span> <span class='ocrx_word' id='word_1_97' title='bbox 609 841 844 872; x_wconf 76' lang='lat' dir='ltr'>amentatas</span> <span class='ocrx_word' id='word_1_98' title='bbox 875 833 1016 874; x_wconf 85' lang='lat' dir='ltr'>hastas</span> <span class='ocrx_word' id='word_1_99' title='bbox 1047 834 1274 888; x_wconf 79' lang='lat' dir='ltr'>acceperit,</span> <span class='ocrx_word' id='word_1_100' title='bbox 1297 833 1386 887; x_wconf 84' lang='lat' dir='ltr'>ipse</span> <span class='ocrx_word' id='word_1_101' title='bbox 1408 846 1476 872; x_wconf 81' lang='lat' dir='ltr'>eas</span> <span class='ocrx_word' id='word_1_102' title='bbox 1499 830 1680 871; x_wconf 83' lang='lat' dir='ltr'>oratoris</span> <span class='ocrx_word' id='word_1_103' title='bbox 1711 829 1770 870; x_wconf 89' lang='lat' dir='ltr'>la-</span> 
     </span>
     <span class='ocr_line' id='line_1_13' title="bbox 337 886 1770 950; baseline 0 -24"><span class='ocrx_word' id='word_1_104' title='bbox 337 888 743 950; x_wconf 35' lang='lat' dir='ltr'>certis-viribusque</span> <span class='ocrx_word' id='word_1_105' title='bbox 776 890 1006 944; x_wconf 81' lang='lat' dir='ltr'>torquebit.</span> <span class='ocrx_word' id='word_1_106' title='bbox 1067 889 1161 929; x_wconf 81' lang='lat' dir='ltr'>Nisi</span> <span class='ocrx_word' id='word_1_107' title='bbox 1198 903 1294 929; x_wconf 87' lang='lat' dir='ltr'>vero</span> <span class='ocrx_word' id='word_1_108' title='bbox 1323 890 1456 940; x_wconf 86' lang='lat' dir='ltr'>(bona</span> <span class='ocrx_word' id='word_1_109' title='bbox 1489 887 1612 928; x_wconf 87' lang='lat' dir='ltr'>venia</span> <span class='ocrx_word' id='word_1_110' title='bbox 1643 886 1770 941; x_wconf 85' lang='lat' dir='ltr'>hujus</span> 
     </span>
     <span class='ocr_line' id='line_1_14' title="bbox 337 943 1770 1006; baseline 0.001 -24"><span class='ocrx_word' id='word_1_111' title='bbox 337 955 491 1006; x_wconf 83' lang='lat' dir='ltr'>optum</span> <span class='ocrx_word' id='word_1_112' title='bbox 527 945 604 984; x_wconf 81' lang='lat' dir='ltr'>viri</span> <span class='ocrx_word' id='word_1_113' title='bbox 641 945 839 995; x_wconf 78' lang='lat' dir='ltr'>dixerim,</span> <span class='ocrx_word' id='word_1_114' title='bbox 874 946 1115 995; x_wconf 72' lang='lat' dir='ltr'>Scaevolae,)</span> <span class='ocrx_word' id='word_1_115' title='bbox 1153 955 1197 986; x_wconf 90' lang='lat' dir='ltr'>tu</span> <span class='ocrx_word' id='word_1_116' title='bbox 1233 945 1398 995; x_wconf 82' lang='lat' dir='ltr'>libellis,</span> <span class='ocrx_word' id='word_1_117' title='bbox 1437 953 1511 984; x_wconf 87' lang='lat' dir='ltr'>aut</span> <span class='ocrx_word' id='word_1_118' title='bbox 1543 943 1770 1000; x_wconf 81' lang='lat' dir='ltr'>praeceptis</span> 
     </span>
     <span class='ocr_line' id='line_1_15' title="bbox 339 999 1772 1063; baseline 0.001 -24"><span class='ocrx_word' id='word_1_119' title='bbox 339 1014 473 1040; x_wconf 78' lang='lat' dir='ltr'>soceri</span> <span class='ocrx_word' id='word_1_120' title='bbox 496 1002 581 1063; x_wconf 69' lang='lat' dir='ltr'>tui,</span> <span class='ocrx_word' id='word_1_121' title='bbox 612 1017 783 1042; x_wconf 84' lang='lat' dir='ltr'>causam</span> <span class='ocrx_word' id='word_1_122' title='bbox 818 1002 881 1042; x_wconf 86' lang='grc' dir='ltr'>Μ’</span> <span class='ocrx_word' id='word_1_123' title='bbox 913 1002 1033 1044; x_wconf 89' lang='lat' dir='ltr'>Curii</span> <span class='ocrx_word' id='word_1_124' title='bbox 1061 1002 1305 1043; x_wconf 81' lang='lat' dir='ltr'>defendisti.</span> <span class='ocrx_word' id='word_1_125' title='bbox 1366 1001 1523 1042; x_wconf 85' lang='lat' dir='ltr'>Nonne</span> <span class='ocrx_word' id='word_1_126' title='bbox 1555 999 1772 1055; x_wconf 80' lang='lat' dir='ltr'>arripuisti</span> 
     </span>
     <span class='ocr_line' id='line_1_16' title="bbox 342 1059 1774 1114; baseline 0.001 -19"><span class='ocrx_word' id='word_1_127' title='bbox 342 1059 628 1111; x_wconf 84' lang='lat' dir='ltr'>patrocinium</span> <span class='ocrx_word' id='word_1_128' title='bbox 667 1060 896 1114; x_wconf 63' lang='lat' dir='ltr'>requitatis,</span> <span class='ocrx_word' id='word_1_129' title='bbox 924 1071 967 1100; x_wconf 89' lang='lat' dir='ltr'>et</span> <span class='ocrx_word' id='word_1_130' title='bbox 999 1059 1291 1100; x_wconf 73' lang='lat' dir='ltr'>defensionem</span> <span class='ocrx_word' id='word_1_131' title='bbox 1323 1067 1692 1107; x_wconf 80' lang='lat' dir='ltr'>testamentorum,</span> <span class='ocrx_word' id='word_1_132' title='bbox 1723 1070 1774 1097; x_wconf 86' lang='lat' dir='ltr'>ac</span> 
     </span>
    </p>

    <p class='ocr_par' dir='ltr' id='par_1_5' title="bbox 254 1113 1782 1745">
     <span class='ocr_line' id='line_1_17' title="bbox 254 1113 1774 1176; baseline 0 -23"><span class='ocrx_word' id='word_1_133' title='bbox 254 1130 329 1163; x_wconf 70' lang='lat'>243</span> <span class='ocrx_word' id='word_1_134' title='bbox 345 1114 577 1176; x_wconf 76' lang='lat' dir='ltr'>voluntatis</span> <span class='ocrx_word' id='word_1_135' title='bbox 599 1119 892 1158; x_wconf 86' lang='lat' dir='ltr'>mortuorum?</span> <span class='ocrx_word' id='word_1_136' title='bbox 925 1117 988 1157; x_wconf 87' lang='lat' dir='ltr'>Ac</span> <span class='ocrx_word' id='word_1_137' title='bbox 1013 1132 1104 1157; x_wconf 84' lang='lat' dir='ltr'>mea</span> <span class='ocrx_word' id='word_1_138' title='bbox 1126 1117 1297 1171; x_wconf 87' lang='lat' dir='ltr'>quidem</span> <span class='ocrx_word' id='word_1_139' title='bbox 1317 1113 1774 1169; x_wconf 83' lang='lat' dir='ltr'>sententia,(frequens</span> 
     </span>
     <span class='ocr_line' id='line_1_18' title="bbox 341 1173 1775 1233; baseline 0 -23"><span class='ocrx_word' id='word_1_140' title='bbox 341 1184 453 1233; x_wconf 76' lang='lat' dir='ltr'>emm</span> <span class='ocrx_word' id='word_1_141' title='bbox 482 1182 521 1211; x_wconf 86' lang='lat' dir='ltr'>te</span> <span class='ocrx_word' id='word_1_142' title='bbox 543 1173 702 1223; x_wconf 78' lang='lat' dir='ltr'>audivi,</span> <span class='ocrx_word' id='word_1_143' title='bbox 724 1184 852 1229; x_wconf 85' lang='lat' dir='ltr'>atque</span> <span class='ocrx_word' id='word_1_144' title='bbox 874 1174 1011 1224; x_wconf 58' lang='lat' dir='ltr'>affui)</span> <span class='ocrx_word' id='word_1_145' title='bbox 1031 1173 1166 1214; x_wconf 89' lang='lat' dir='ltr'>multo</span> <span class='ocrx_word' id='word_1_146' title='bbox 1190 1173 1392 1228; x_wconf 82' lang='lat' dir='ltr'>majorem</span> <span class='ocrx_word' id='word_1_147' title='bbox 1419 1182 1582 1227; x_wconf 83' lang='lat' dir='ltr'>partem</span> <span class='ocrx_word' id='word_1_148' title='bbox 1605 1179 1775 1211; x_wconf 87' lang='lat' dir='ltr'>senten-</span> 
     </span>
     <span class='ocr_line' id='line_1_19' title="bbox 343 1225 1776 1291; baseline 0 -24"><span class='ocrx_word' id='word_1_149' title='bbox 343 1239 496 1268; x_wconf 80' lang='lat' dir='ltr'>tiarum</span> <span class='ocrx_word' id='word_1_150' title='bbox 521 1233 605 1291; x_wconf 80' lang='lat' dir='ltr'>sale</span> <span class='ocrx_word' id='word_1_151' title='bbox 628 1240 716 1280; x_wconf 91' lang='lat' dir='ltr'>tuo,</span> <span class='ocrx_word' id='word_1_152' title='bbox 739 1240 781 1271; x_wconf 89' lang='lat' dir='ltr'>et</span> <span class='ocrx_word' id='word_1_153' title='bbox 813 1231 969 1285; x_wconf 87' lang='lat' dir='ltr'>lepore,</span> <span class='ocrx_word' id='word_1_154' title='bbox 992 1241 1034 1271; x_wconf 89' lang='lat' dir='ltr'>et</span> <span class='ocrx_word' id='word_1_155' title='bbox 1059 1230 1322 1287; x_wconf 76' lang='lat' dir='ltr'>politissimis</span> <span class='ocrx_word' id='word_1_156' title='bbox 1346 1229 1514 1270; x_wconf 78' lang='lat' dir='ltr'>facetiis</span> <span class='ocrx_word' id='word_1_157' title='bbox 1546 1225 1776 1284; x_wconf 84' lang='lat' dir='ltr'>pellexisti,</span> 
     </span>
     <span class='ocr_line' id='line_1_20' title="bbox 340 1284 1776 1347; baseline 0.001 -24"><span class='ocrx_word' id='word_1_158' title='bbox 340 1299 437 1347; x_wconf 82' lang='lat' dir='ltr'>cum</span> <span class='ocrx_word' id='word_1_159' title='bbox 461 1295 503 1325; x_wconf 90' lang='lat' dir='ltr'>et</span> <span class='ocrx_word' id='word_1_160' title='bbox 526 1286 626 1326; x_wconf 80' lang='lat' dir='ltr'>illud</span> <span class='ocrx_word' id='word_1_161' title='bbox 653 1288 830 1328; x_wconf 86' lang='lat' dir='ltr'>nimium</span> <span class='ocrx_word' id='word_1_162' title='bbox 863 1302 1043 1328; x_wconf 78' lang='lat' dir='ltr'>acumen</span> <span class='ocrx_word' id='word_1_163' title='bbox 1065 1288 1273 1337; x_wconf 80' lang='lat' dir='ltr'>illuderes,</span> <span class='ocrx_word' id='word_1_164' title='bbox 1296 1297 1338 1327; x_wconf 90' lang='lat' dir='ltr'>et</span> <span class='ocrx_word' id='word_1_165' title='bbox 1369 1285 1624 1327; x_wconf 84' lang='lat' dir='ltr'>admirarere</span> <span class='ocrx_word' id='word_1_166' title='bbox 1655 1284 1776 1339; x_wconf 81' lang='lat' dir='ltr'>inge-</span> 
     </span>
     <span class='ocr_line' id='line_1_21' title="bbox 342 1343 1774 1404; baseline 0.001 -24"><span class='ocrx_word' id='word_1_167' title='bbox 342 1343 706 1404; x_wconf 50' lang='lat' dir='ltr'>111u1ne‘caevolae,</span> <span class='ocrx_word' id='word_1_168' title='bbox 725 1345 797 1399; x_wconf 87' lang='lat' dir='ltr'>qui</span> <span class='ocrx_word' id='word_1_169' title='bbox 817 1345 1121 1401; x_wconf 76' lang='lat' dir='ltr'>excogitasset,</span> <span class='ocrx_word' id='word_1_170' title='bbox 1139 1344 1254 1384; x_wconf 88' lang='lat' dir='ltr'>nasci</span> <span class='ocrx_word' id='word_1_171' title='bbox 1278 1344 1394 1399; x_wconf 88' lang='lat' dir='ltr'>prius</span> <span class='ocrx_word' id='word_1_172' title='bbox 1415 1352 1628 1398; x_wconf 86' lang='lat' dir='ltr'>oportere,</span> <span class='ocrx_word' id='word_1_173' title='bbox 1644 1354 1774 1396; x_wconf 84' lang='lat' dir='ltr'>quam</span> 
     </span>
     <span class='ocr_line' id='line_1_22' title="bbox 341 1399 1777 1456; baseline 0 -19"><span class='ocrx_word' id='word_1_174' title='bbox 341 1413 500 1439; x_wconf 83' lang='lat' dir='ltr'>emori:</span> <span class='ocrx_word' id='word_1_175' title='bbox 532 1414 716 1454; x_wconf 88' lang='lat' dir='ltr'>cumque</span> <span class='ocrx_word' id='word_1_176' title='bbox 746 1402 880 1442; x_wconf 89' lang='lat' dir='ltr'>multa</span> <span class='ocrx_word' id='word_1_177' title='bbox 901 1402 1138 1456; x_wconf 78' lang='lat' dir='ltr'>colligeres,</span> <span class='ocrx_word' id='word_1_178' title='bbox 1160 1404 1200 1431; x_wconf 64' lang='lat'>2³⁰</span> <span class='ocrx_word' id='word_1_179' title='bbox 1212 1411 1254 1440; x_wconf 91' lang='lat' dir='ltr'>et</span> <span class='ocrx_word' id='word_1_180' title='bbox 1279 1415 1331 1440; x_wconf 88' lang='lat' dir='ltr'>ex</span> <span class='ocrx_word' id='word_1_181' title='bbox 1364 1399 1531 1455; x_wconf 82' lang='lat' dir='ltr'>legibus</span> <span class='ocrx_word' id='word_1_182' title='bbox 1553 1407 1596 1439; x_wconf 90' lang='lat' dir='ltr'>et</span> <span class='ocrx_word' id='word_1_183' title='bbox 1625 1412 1679 1438; x_wconf 88' lang='lat' dir='ltr'>ex</span> <span class='ocrx_word' id='word_1_184' title='bbox 1712 1411 1777 1438; x_wconf 88' lang='lat' dir='ltr'>se—</span> 
     </span>
     <span class='ocr_line' id='line_1_23' title="bbox 342 1454 1777 1506; baseline 0.001 -12"><span class='ocrx_word' id='word_1_185' title='bbox 342 1458 690 1506; x_wconf 78' lang='lat' dir='ltr'>natusconsultis,</span> <span class='ocrx_word' id='word_1_186' title='bbox 712 1467 755 1498; x_wconf 87' lang='lat' dir='ltr'>et</span> <span class='ocrx_word' id='word_1_187' title='bbox 785 1459 951 1499; x_wconf 81' lang='lat' dir='ltr'>cx&#39;vita</span> <span class='ocrx_word' id='word_1_188' title='bbox 980 1474 1029 1499; x_wconf 86' lang='lat' dir='ltr'>ac</span> <span class='ocrx_word' id='word_1_189' title='bbox 1059 1472 1252 1499; x_wconf 78' lang='lat' dir='ltr'>sermone</span> <span class='ocrx_word' id='word_1_190' title='bbox 1273 1457 1507 1506; x_wconf 88' lang='lat' dir='ltr'>communi,</span> <span class='ocrx_word' id='word_1_191' title='bbox 1528 1469 1615 1496; x_wconf 88' lang='lat' dir='ltr'>non</span> <span class='ocrx_word' id='word_1_192' title='bbox 1647 1454 1777 1495; x_wconf 90' lang='lat' dir='ltr'>modo</span> 
     </span>
     <span class='ocr_line' id='line_1_24' title="bbox 343 1514 1776 1565; baseline 0.001 -15"><span class='ocrx_word' id='word_1_193' title='bbox 343 1522 481 1560; x_wconf 84' lang='lat' dir='ltr'>acute,</span> <span class='ocrx_word' id='word_1_194' title='bbox 504 1514 575 1553; x_wconf 88' lang='lat' dir='ltr'>sed</span> <span class='ocrx_word' id='word_1_195' title='bbox 599 1515 727 1554; x_wconf 88' lang='lat' dir='ltr'>etiam</span> <span class='ocrx_word' id='word_1_196' title='bbox 761 1515 936 1556; x_wconf 75' lang='lat' dir='ltr'>ridicule</span> <span class='ocrx_word' id='word_1_197' title='bbox 967 1530 1016 1556; x_wconf 87' lang='lat' dir='ltr'>ac</span> <span class='ocrx_word' id='word_1_198' title='bbox 1040 1515 1200 1565; x_wconf 86' lang='lat' dir='ltr'>facete;</span> <span class='ocrx_word' id='word_1_199' title='bbox 1234 1515 1305 1555; x_wconf 87' lang='lat' dir='ltr'>ubi</span> <span class='ocrx_word' id='word_1_200' title='bbox 1338 1514 1371 1554; x_wconf 86' lang='lat' dir='ltr'>si</span> <span class='ocrx_word' id='word_1_201' title='bbox 1404 1514 1546 1564; x_wconf 87' lang='lat' dir='ltr'>verba,</span> <span class='ocrx_word' id='word_1_202' title='bbox 1570 1525 1654 1552; x_wconf 90' lang='lat' dir='ltr'>non</span> <span class='ocrx_word' id='word_1_203' title='bbox 1687 1525 1776 1552; x_wconf 86' lang='lat' dir='ltr'>rem</span> 
     </span>
     <span class='ocr_line' id='line_1_25' title="bbox 342 1568 1778 1631; baseline 0.001 -24"><span class='ocrx_word' id='word_1_204' title='bbox 342 1583 628 1631; x_wconf 69' lang='lat' dir='ltr'>sequeremur,</span> <span class='ocrx_word' id='word_1_205' title='bbox 660 1572 815 1612; x_wconf 79' lang='lat' dir='ltr'>confici</span> <span class='ocrx_word' id='word_1_206' title='bbox 848 1572 904 1612; x_wconf 93' lang='lat' dir='ltr'>nil</span> <span class='ocrx_word' id='word_1_207' title='bbox 940 1581 1096 1628; x_wconf 84' lang='lat' dir='ltr'>posset.</span> <span class='ocrx_word' id='word_1_208' title='bbox 1162 1570 1310 1626; x_wconf 85' lang='lat' dir='ltr'>ltaque</span> <span class='ocrx_word' id='word_1_209' title='bbox 1344 1569 1571 1611; x_wconf 82' lang='lat' dir='ltr'>hilaritatis</span> <span class='ocrx_word' id='word_1_210' title='bbox 1605 1568 1778 1624; x_wconf 87' lang='lat' dir='ltr'>plenum</span> 
     </span>
     <span class='ocr_line' id='line_1_26' title="bbox 337 1625 1778 1688; baseline 0.001 -24"><span class='ocrx_word' id='word_1_211' title='bbox 337 1627 551 1688; x_wconf 65' lang='lat' dir='ltr'>judicium</span> <span class='ocrx_word' id='word_1_212' title='bbox 576 1643 625 1667; x_wconf 85' lang='lat' dir='ltr'>ac</span> <span class='ocrx_word' id='word_1_213' title='bbox 648 1628 812 1669; x_wconf 75' lang='lat' dir='ltr'>laetitiae</span> <span class='ocrx_word' id='word_1_214' title='bbox 838 1628 942 1670; x_wconf 85' lang='lat' dir='ltr'>fuit:</span> <span class='ocrx_word' id='word_1_215' title='bbox 977 1629 1017 1669; x_wconf 90' lang='lat' dir='ltr'>in</span> <span class='ocrx_word' id='word_1_216' title='bbox 1041 1643 1126 1683; x_wconf 91' lang='lat' dir='ltr'>quo</span> <span class='ocrx_word' id='word_1_217' title='bbox 1148 1629 1249 1683; x_wconf 88' lang='lat' dir='ltr'>quid</span> <span class='ocrx_word' id='word_1_218' title='bbox 1269 1628 1346 1668; x_wconf 88' lang='lat' dir='ltr'>tibi</span> <span class='ocrx_word' id='word_1_219' title='bbox 1363 1627 1474 1682; x_wconf 87' lang='lat' dir='ltr'>juris</span> <span class='ocrx_word' id='word_1_220' title='bbox 1497 1625 1633 1667; x_wconf 89' lang='lat' dir='ltr'>civilis</span> <span class='ocrx_word' id='word_1_221' title='bbox 1655 1639 1778 1666; x_wconf 86' lang='lat' dir='ltr'>exer-</span> 
     </span>
     <span class='ocr_line' id='line_1_27' title="bbox 347 1683 1782 1745; baseline 0.001 -24"><span class='ocrx_word' id='word_1_222' title='bbox 347 1692 496 1745; x_wconf 71' lang='lat' dir='ltr'>citatio</span> <span class='ocrx_word' id='word_1_223' title='bbox 521 1685 743 1738; x_wconf 85' lang='lat' dir='ltr'>profuerit,</span> <span class='ocrx_word' id='word_1_224' title='bbox 768 1700 851 1726; x_wconf 89' lang='lat' dir='ltr'>non</span> <span class='ocrx_word' id='word_1_225' title='bbox 878 1686 1096 1742; x_wconf 78' lang='lat' dir='ltr'>intellig03</span> <span class='ocrx_word' id='word_1_226' title='bbox 1128 1685 1296 1726; x_wconf 89' lang='lat' dir='ltr'>dicendi</span> <span class='ocrx_word' id='word_1_227' title='bbox 1321 1685 1383 1725; x_wconf 86' lang='lat' dir='ltr'>vis</span> <span class='ocrx_word' id='word_1_228' title='bbox 1404 1683 1592 1740; x_wconf 84' lang='lat' dir='ltr'>egregia,</span> <span class='ocrx_word' id='word_1_229' title='bbox 1615 1696 1782 1723; x_wconf 84' lang='lat' dir='ltr'>summa</span> 
     </span>
    </p>

    <p class='ocr_par' dir='ltr' id='par_1_6' title="bbox 261 1738 1781 2195">
     <span class='ocr_line' id='line_1_28' title="bbox 261 1738 1780 1803; baseline 0.001 -25"><span class='ocrx_word' id='word_1_230' title='bbox 261 1740 583 1803; x_wconf 64' lang='lat' dir='ltr'>244testix&#39;1tate</span> <span class='ocrx_word' id='word_1_231' title='bbox 604 1752 645 1781; x_wconf 92' lang='lat' dir='ltr'>et</span> <span class='ocrx_word' id='word_1_232' title='bbox 672 1753 891 1783; x_wconf 80' lang='lat' dir='ltr'>venustate</span> <span class='ocrx_word' id='word_1_233' title='bbox 912 1743 1145 1797; x_wconf 79' lang='lat' dir='ltr'>conjuncta</span> <span class='ocrx_word' id='word_1_234' title='bbox 1167 1742 1343 1798; x_wconf 79' lang='lat' dir='ltr'>profuit.</span> <span class='ocrx_word' id='word_1_235' title='bbox 1393 1740 1490 1796; x_wconf 80' lang='lat' dir='ltr'>Ipse</span> <span class='ocrx_word' id='word_1_236' title='bbox 1512 1740 1581 1781; x_wconf 92' lang='lat' dir='ltr'>ille</span> <span class='ocrx_word' id='word_1_237' title='bbox 1604 1738 1780 1782; x_wconf 83' lang='lat' dir='ltr'>Mucius</span> 
     </span>
     <span class='ocr_line' id='line_1_29' title="bbox 351 1796 1780 1860; baseline 0.001 -25"><span class='ocrx_word' id='word_1_238' title='bbox 351 1807 512 1859; x_wconf 78' lang='lat' dir='ltr'>paterni</span> <span class='ocrx_word' id='word_1_239' title='bbox 538 1800 649 1860; x_wconf 31' lang='lat' dir='ltr'>J-uris</span> <span class='ocrx_word' id='word_1_240' title='bbox 672 1800 884 1850; x_wconf 82' lang='lat' dir='ltr'>defensor,</span> <span class='ocrx_word' id='word_1_241' title='bbox 906 1811 945 1840; x_wconf 89' lang='lat' dir='ltr'>et</span> <span class='ocrx_word' id='word_1_242' title='bbox 969 1801 1088 1855; x_wconf 87' lang='lat' dir='ltr'>quasi</span> <span class='ocrx_word' id='word_1_243' title='bbox 1113 1799 1358 1855; x_wconf 85' lang='lat' dir='ltr'>patrimonii</span> <span class='ocrx_word' id='word_1_244' title='bbox 1382 1805 1678 1853; x_wconf 83' lang='lat' dir='ltr'>propugnator</span> <span class='ocrx_word' id='word_1_245' title='bbox 1699 1796 1780 1848; x_wconf 89' lang='lat' dir='ltr'>sui,</span> 
     </span>
     <span class='ocr_line' id='line_1_30' title="bbox 347 1853 1781 1916; baseline 0.001 -24"><span class='ocrx_word' id='word_1_246' title='bbox 347 1854 449 1914; x_wconf 78' lang='lat' dir='ltr'>quui</span> <span class='ocrx_word' id='word_1_247' title='bbox 484 1868 525 1916; x_wconf 79' lang='lat' dir='ltr'>in</span> <span class='ocrx_word' id='word_1_248' title='bbox 545 1855 628 1916; x_wconf 31' lang='lat' dir='ltr'>&#39;illa</span> <span class='ocrx_word' id='word_1_249' title='bbox 657 1871 798 1906; x_wconf 82' lang='lat' dir='ltr'>causa,</span> <span class='ocrx_word' id='word_1_250' title='bbox 823 1872 921 1897; x_wconf 85' lang='lat' dir='ltr'>cum</span> <span class='ocrx_word' id='word_1_251' title='bbox 954 1868 1103 1897; x_wconf 87' lang='lat' dir='ltr'>contra</span> <span class='ocrx_word' id='word_1_252' title='bbox 1136 1868 1175 1896; x_wconf 86' lang='lat' dir='ltr'>te</span> <span class='ocrx_word' id='word_1_253' title='bbox 1205 1857 1379 1906; x_wconf 84' lang='lat' dir='ltr'>diceret,</span> <span class='ocrx_word' id='word_1_254' title='bbox 1411 1854 1569 1905; x_wconf 80' lang='lat' dir='ltr'>attulit,</span> <span class='ocrx_word' id='word_1_255' title='bbox 1590 1853 1703 1909; x_wconf 89' lang='lat' dir='ltr'>quod</span> <span class='ocrx_word' id='word_1_256' title='bbox 1727 1853 1781 1893; x_wconf 89' lang='lat' dir='ltr'>de</span> 
     </span>
     <span class='ocr_line' id='line_1_31' title="bbox 340 1910 1779 1972; baseline 0.001 -23"><span class='ocrx_word' id='word_1_257' title='bbox 340 1925 440 1972; x_wconf 68' lang='lat' dir='ltr'>¹jure</span> <span class='ocrx_word' id='word_1_258' title='bbox 470 1912 584 1951; x_wconf 80' lang='lat' dir='ltr'>civili</span> <span class='ocrx_word' id='word_1_259' title='bbox 617 1913 921 1969; x_wconf 83' lang='lat' dir='ltr'>depromptum</span> <span class='ocrx_word' id='word_1_260' title='bbox 953 1915 1194 1956; x_wconf 86' lang='lat' dir='ltr'>videretur?</span> <span class='ocrx_word' id='word_1_261' title='bbox 1225 1927 1352 1968; x_wconf 84' lang='lat' dir='ltr'>quam</span> <span class='ocrx_word' id='word_1_262' title='bbox 1384 1912 1520 1968; x_wconf 83' lang='lat' dir='ltr'>legem</span> <span class='ocrx_word' id='word_1_263' title='bbox 1554 1910 1779 1951; x_wconf 84' lang='lat' dir='ltr'>recitavit?</span> 
     </span>
     <span class='ocr_line' id='line_1_32' title="bbox 347 1967 1779 2030; baseline 0.001 -24"><span class='ocrx_word' id='word_1_264' title='bbox 347 1968 449 2021; x_wconf 79' lang='lat' dir='ltr'>quid</span> <span class='ocrx_word' id='word_1_265' title='bbox 492 1968 697 2030; x_wconf 82' lang='lat' dir='ltr'>patefecit</span> <span class='ocrx_word' id='word_1_266' title='bbox 727 1970 924 2021; x_wconf 86' lang='lat' dir='ltr'>diceudo,</span> <span class='ocrx_word' id='word_1_267' title='bbox 957 1972 1071 2026; x_wconf 88' lang='lat' dir='ltr'>quod</span> <span class='ocrx_word' id='word_1_268' title='bbox 1111 1971 1261 2011; x_wconf 82' lang='lat' dir='ltr'>fuisset</span> <span class='ocrx_word' id='word_1_269' title='bbox 1298 1969 1507 2026; x_wconf 87' lang='lat' dir='ltr'>imperitis</span> <span class='ocrx_word' id='word_1_270' title='bbox 1541 1967 1779 2008; x_wconf 84' lang='lat' dir='ltr'>occultius?</span> 
     </span>
     <span class='ocr_line' id='line_1_33' title="bbox 349 2023 1781 2086; baseline 0 -23"><span class='ocrx_word' id='word_1_271' title='bbox 349 2038 502 2086; x_wconf 75' lang='lat' dir='ltr'>nempe</span> <span class='ocrx_word' id='word_1_272' title='bbox 524 2040 560 2079; x_wconf 54' lang='grc' dir='ltr'>εχ]</span> <span class='ocrx_word' id='word_1_273' title='bbox 572 2042 616 2066; x_wconf 86' lang='lat' dir='ltr'>us</span> <span class='ocrx_word' id='word_1_274' title='bbox 638 2028 778 2067; x_wconf 81' lang='lat' dir='ltr'>omnis</span> <span class='ocrx_word' id='word_1_275' title='bbox 800 2030 938 2068; x_wconf 87' lang='lat' dir='ltr'>oratio</span> <span class='ocrx_word' id='word_1_276' title='bbox 959 2037 1124 2068; x_wconf 81' lang='lat' dir='ltr'>versata</span> <span class='ocrx_word' id='word_1_277' title='bbox 1144 2037 1207 2068; x_wconf 85' lang='lat' dir='ltr'>est</span> <span class='ocrx_word' id='word_1_278' title='bbox 1230 2028 1270 2067; x_wconf 91' lang='lat' dir='ltr'>in</span> <span class='ocrx_word' id='word_1_279' title='bbox 1295 2042 1361 2077; x_wconf 87' lang='lat' dir='ltr'>eo,</span> <span class='ocrx_word' id='word_1_280' title='bbox 1384 2038 1430 2066; x_wconf 83' lang='lat' dir='ltr'>ut</span> <span class='ocrx_word' id='word_1_281' title='bbox 1456 2025 1662 2080; x_wconf 87' lang='lat' dir='ltr'>scriptum</span> <span class='ocrx_word' id='word_1_282' title='bbox 1687 2023 1781 2079; x_wconf 92' lang='lat' dir='ltr'>plu-</span> 
     </span>
     <span class='ocr_line' id='line_1_34' title="bbox 350 2079 1779 2139; baseline 0.001 -20"><span class='ocrx_word' id='word_1_283' title='bbox 350 2095 503 2121; x_wconf 80' lang='lat' dir='ltr'>rimum</span> <span class='ocrx_word' id='word_1_284' title='bbox 529 2084 665 2123; x_wconf 82' lang='lat' dir='ltr'>valere</span> <span class='ocrx_word' id='word_1_285' title='bbox 686 2094 882 2139; x_wconf 87' lang='lat' dir='ltr'>oportere</span> <span class='ocrx_word' id='word_1_286' title='bbox 903 2085 1164 2125; x_wconf 85' lang='lat' dir='ltr'>defenderet.</span> <span class='ocrx_word' id='word_1_287' title='bbox 1223 2086 1282 2124; x_wconf 79' lang='lat' dir='ltr'>At</span> <span class='ocrx_word' id='word_1_288' title='bbox 1306 2084 1346 2123; x_wconf 88' lang='lat' dir='ltr'>in</span> <span class='ocrx_word' id='word_1_289' title='bbox 1371 2083 1451 2123; x_wconf 88' lang='lat' dir='ltr'>hoc</span> <span class='ocrx_word' id='word_1_290' title='bbox 1483 2094 1642 2137; x_wconf 82' lang='lat' dir='ltr'>genere</span> <span class='ocrx_word' id='word_1_291' title='bbox 1660 2079 1779 2136; x_wconf 87' lang='lat' dir='ltr'>pueri</span> 
     </span>
     <span class='ocr_line' id='line_1_35' title="bbox 348 2138 1780 2195; baseline 0 -18"><span class='ocrx_word' id='word_1_292' title='bbox 348 2139 460 2193; x_wconf 83' lang='lat' dir='ltr'>apud</span> <span class='ocrx_word' id='word_1_293' title='bbox 493 2141 720 2194; x_wconf 82' lang='lat' dir='ltr'>magistros</span> <span class='ocrx_word' id='word_1_294' title='bbox 750 2152 1004 2182; x_wconf 80' lang='lat' dir='ltr'>exercentur</span> <span class='ocrx_word' id='word_1_295' title='bbox 1029 2156 1191 2192; x_wconf 79' lang='lat' dir='ltr'>omnes,</span> <span class='ocrx_word' id='word_1_296' title='bbox 1213 2155 1311 2182; x_wconf 89' lang='lat' dir='ltr'>cum</span> <span class='ocrx_word' id='word_1_297' title='bbox 1344 2155 1385 2180; x_wconf 76' lang='grc' dir='ltr'>ιιι</span> <span class='ocrx_word' id='word_1_298' title='bbox 1408 2138 1618 2195; x_wconf 86' lang='lat' dir='ltr'>ejusmodi</span> <span class='ocrx_word' id='word_1_299' title='bbox 1641 2138 1780 2178; x_wconf 85' lang='lat' dir='ltr'>causis</span> 
     </span>
    </p>
   </div>
   <div class='ocr_carea' id='block_1_2' title="bbox 391 2264 1043 2305">
    <p class='ocr_par' dir='ltr' id='par_1_7' title="bbox 391 2264 1043 2305">
     <span class='ocr_line' id='line_1_36' title="bbox 391 2264 1043 2305; baseline 0 -10"><span class='ocrx_word' id='word_1_300' title='bbox 391 2266 429 2295; x_wconf 77' lang='lat'>77</span> <span class='ocrx_word' id='word_1_301' title='bbox 442 2264 542 2303; x_wconf 73' lang='lat' dir='ltr'>filius</span> <span class='ocrx_word' id='word_1_302' title='bbox 563 2270 661 2295; x_wconf 73' lang='lat' dir='ltr'>natvs</span> <span class='ocrx_word' id='word_1_303' title='bbox 682 2266 785 2305; x_wconf 54' lang='lat' dir='ltr'>essen]</span> <span class='ocrx_word' id='word_1_304' title='bbox 812 2266 863 2295; x_wconf 72' lang='lat' dir='ltr'>Sir·</span> <span class='ocrx_word' id='word_1_305' title='bbox 886 2266 1043 2296; x_wconf 68' lang='lat' dir='ltr'>edidimus</span> 
     </span>
    </p>
   </div>
   <div class='ocr_carea' id='block_1_3' title="bbox 351 2302 1782 2348">
    <p class='ocr_par' dir='ltr' id='par_1_8' title="bbox 351 2302 1782 2348">
     <span class='ocr_line' id='line_1_37' title="bbox 351 2302 1782 2348; baseline 0 -15"><span class='ocrx_word' id='word_1_306' title='bbox 351 2315 408 2344; x_wconf 83' lang='lat' dir='ltr'>pro</span> <span class='ocrx_word' id='word_1_307' title='bbox 431 2312 488 2341; x_wconf 74' lang='lat' dir='ltr'>est,</span> <span class='ocrx_word' id='word_1_308' title='bbox 512 2308 597 2345; x_wconf 86' lang='lat' dir='ltr'>quod</span> <span class='ocrx_word' id='word_1_309' title='bbox 620 2319 676 2348; x_wconf 78' lang='lat' dir='ltr'>per</span> <span class='ocrx_word' id='word_1_310' title='bbox 699 2308 897 2338; x_wconf 73' lang='lat' dir='ltr'>latinitatem</span> <span class='ocrx_word' id='word_1_311' title='bbox 920 2309 971 2338; x_wconf 78' lang='lat' dir='ltr'>vix</span> <span class='ocrx_word' id='word_1_312' title='bbox 998 2309 1043 2338; x_wconf 91' lang='lat' dir='ltr'>lo-</span> <span class='ocrx_word' id='word_1_313' title='bbox 1089 2314 1123 2337; x_wconf 86' lang='lat' dir='ltr'>ut</span> <span class='ocrx_word' id='word_1_314' title='bbox 1144 2309 1257 2338; x_wconf 71' lang='lat' dir='ltr'>melius</span> <span class='ocrx_word' id='word_1_315' title='bbox 1280 2308 1396 2343; x_wconf 78' lang='lat' dir='ltr'>altero,</span> <span class='ocrx_word' id='word_1_316' title='bbox 1414 2316 1478 2345; x_wconf 82' lang='lat' dir='ltr'>qua</span> <span class='ocrx_word' id='word_1_317' title='bbox 1492 2313 1635 2342; x_wconf 89' lang='lat' dir='ltr'>sensum,</span> <span class='ocrx_word' id='word_1_318' title='bbox 1650 2302 1706 2334; x_wconf 81' lang='lat' dir='ltr'>sed</span> <span class='ocrx_word' id='word_1_319' title='bbox 1720 2312 1782 2333; x_wconf 89' lang='lat' dir='ltr'>un-</span> 
     </span>
    </p>
   </div>
   <div class='ocr_carea' id='block_1_4' title="bbox 1087 2261 1834 2303">
    <p class='ocr_par' dir='ltr' id='par_1_9' title="bbox 1087 2261 1834 2303">
     <span class='ocr_line' id='line_1_38' title="bbox 1087 2261 1834 2303; baseline -0.007 -8"><span class='ocrx_word' id='word_1_320' title='bbox 1087 2267 1220 2295; x_wconf 66' lang='lat' dir='ltr'>[rm-ersi</span> <span class='ocrx_word' id='word_1_321' title='bbox 1246 2265 1432 2303; x_wconf 76' lang='lat' dir='ltr'>reliquimus</span> <span class='ocrx_word' id='word_1_322' title='bbox 1459 2261 1586 2302; x_wconf 86' lang='lat' dir='ltr'>quidem</span> <span class='ocrx_word' id='word_1_323' title='bbox 1612 2262 1646 2291; x_wconf 89' lang='lat' dir='ltr'>in</span> <span class='ocrx_word' id='word_1_324' title='bbox 1672 2264 1780 2298; x_wconf 82' lang='lat' dir='ltr'>textu,</span> <span class='ocrx_word' id='word_1_325' title='bbox 1832 2274 1834 2279; x_wconf 53' lang='grc'>’</span> 
     </span>
    </p>
   </div>
   <div class='ocr_carea' id='block_1_5' title="bbox 348 2348 1044 2940">
    <p class='ocr_par' dir='ltr' id='par_1_10' title="bbox 349 2348 827 2390">
     <span class='ocr_line' id='line_1_39' title="bbox 349 2348 827 2390; baseline 0.01 -14"><span class='ocrx_word' id='word_1_326' title='bbox 349 2358 423 2377; x_wconf 82' lang='lat' dir='ltr'>cum</span> <span class='ocrx_word' id='word_1_327' title='bbox 441 2348 550 2386; x_wconf 70' lang='lat' dir='ltr'>babet,</span> <span class='ocrx_word' id='word_1_328' title='bbox 565 2361 602 2381; x_wconf 87' lang='lat' dir='ltr'>ex</span> <span class='ocrx_word' id='word_1_329' title='bbox 618 2351 689 2381; x_wconf 76' lang='lat' dir='ltr'>cdd.</span> <span class='ocrx_word' id='word_1_330' title='bbox 706 2351 827 2390; x_wconf 81' lang='lat' dir='ltr'>primis.</span> 
     </span>
    </p>

    <p class='ocr_par' dir='ltr' id='par_1_11' title="bbox 348 2392 1044 2940">
     <span class='ocr_line' id='line_1_40' title="bbox 392 2392 1041 2433; baseline 0.006 -14"><span class='ocrx_word' id='word_1_331' title='bbox 392 2393 430 2422; x_wconf 72' lang='lat'>78</span> <span class='ocrx_word' id='word_1_332' title='bbox 447 2393 530 2421; x_wconf 80' lang='lat' dir='ltr'>hum·</span> <span class='ocrx_word' id='word_1_333' title='bbox 542 2399 672 2432; x_wconf 71' lang='lat' dir='ltr'>partem</span> <span class='ocrx_word' id='word_1_334' title='bbox 680 2393 773 2433; x_wconf 70' lang='lat' dir='ltr'>juris</span> <span class='ocrx_word' id='word_1_335' title='bbox 787 2392 1041 2432; x_wconf 64' lang='lat' dir='ltr'>i›1«·m¹tr0rersi.]</span> 
     </span>
     <span class='ocr_line' id='line_1_41' title="bbox 349 2431 1043 2465; baseline 0.007 -5"><span class='ocrx_word' id='word_1_336' title='bbox 349 2431 498 2462; x_wconf 59' lang='lat' dir='ltr'>pean-ius</span> <span class='ocrx_word' id='word_1_337' title='bbox 513 2445 550 2464; x_wconf 79' lang='lat' dir='ltr'>ex</span> <span class='ocrx_word' id='word_1_338' title='bbox 565 2435 636 2465; x_wconf 72' lang='lat' dir='ltr'>edd.</span> <span class='ocrx_word' id='word_1_339' title='bbox 652 2442 732 2465; x_wconf 82' lang='lat' dir='ltr'>vett.</span> <span class='ocrx_word' id='word_1_340' title='bbox 757 2435 899 2465; x_wconf 74' lang='lat' dir='ltr'>restitnit</span> <span class='ocrx_word' id='word_1_341' title='bbox 923 2436 955 2464; x_wconf 72' lang='lat' dir='ltr'>in</span> <span class='ocrx_word' id='word_1_342' title='bbox 972 2446 1043 2465; x_wconf 76' lang='lat' dir='ltr'>con-</span> 
     </span>
     <span class='ocr_line' id='line_1_42' title="bbox 350 2477 1042 2521; baseline 0.009 -20"><span class='ocrx_word' id='word_1_343' title='bbox 350 2477 530 2521; x_wconf 42' lang='lat' dir='ltr'>troversiis:</span> <span class='ocrx_word' id='word_1_344' title='bbox 553 2483 585 2506; x_wconf 70' lang='lat' dir='ltr'>et</span> <span class='ocrx_word' id='word_1_345' title='bbox 608 2482 657 2507; x_wconf 73' lang='lat' dir='ltr'>est</span> <span class='ocrx_word' id='word_1_346' title='bbox 683 2479 910 2508; x_wconf 53' lang='lat' dir='ltr'>incontrozwrsd</span> <span class='ocrx_word' id='word_1_347' title='bbox 933 2488 950 2506; x_wconf 80' lang='lat' dir='ltr'>e</span> <span class='ocrx_word' id='word_1_348' title='bbox 973 2488 1042 2507; x_wconf 79' lang='lat' dir='ltr'>cor-</span> 
     </span>
     <span class='ocr_line' id='line_1_43' title="bbox 351 2519 1041 2563; baseline 0.007 -19"><span class='ocrx_word' id='word_1_349' title='bbox 351 2522 494 2563; x_wconf 70' lang='lat' dir='ltr'>rectione</span> <span class='ocrx_word' id='word_1_350' title='bbox 510 2519 635 2555; x_wconf 64' lang='lat' dir='ltr'>Critivi,</span> <span class='ocrx_word' id='word_1_351' title='bbox 653 2521 705 2559; x_wconf 88' lang='lat' dir='ltr'>qui</span> <span class='ocrx_word' id='word_1_352' title='bbox 729 2519 759 2549; x_wconf 91' lang='lat' dir='ltr'>id</span> <span class='ocrx_word' id='word_1_353' title='bbox 774 2520 959 2559; x_wconf 76' lang='lat' dir='ltr'>opponebat</span> <span class='ocrx_word' id='word_1_354' title='bbox 974 2520 1041 2557; x_wconf 85' lang='lat' dir='ltr'>juri</span> 
     </span>
     <span class='ocr_line' id='line_1_44' title="bbox 349 2559 1042 2601; baseline -0.003 -8"><span class='ocrx_word' id='word_1_355' title='bbox 349 2568 392 2593; x_wconf 70' lang='lat'>‘¹¹2</span> <span class='ocrx_word' id='word_1_356' title='bbox 418 2559 456 2587; x_wconf 64' lang='lat' dir='ltr'>dr·</span> <span class='ocrx_word' id='word_1_357' title='bbox 482 2570 544 2598; x_wconf 74' lang='lat'>(1110</span> <span class='ocrx_word' id='word_1_358' title='bbox 568 2563 755 2601; x_wconf 77' lang='lat' dir='ltr'>ambigitur.</span> <span class='ocrx_word' id='word_1_359' title='bbox 800 2562 861 2591; x_wconf 75' lang='lat' dir='ltr'>Sed</span> <span class='ocrx_word' id='word_1_360' title='bbox 887 2561 980 2597; x_wconf 78' lang='lat' dir='ltr'>illud,</span> <span class='ocrx_word' id='word_1_361' title='bbox 1009 2563 1042 2592; x_wconf 79' lang='lat' dir='ltr'>in</span> 
     </span>
     <span class='ocr_line' id='line_1_45' title="bbox 350 2604 1044 2643; baseline 0.006 -13"><span class='ocrx_word' id='word_1_362' title='bbox 350 2604 582 2640; x_wconf 58' lang='lat' dir='ltr'>omnmo-ersus,</span> <span class='ocrx_word' id='word_1_363' title='bbox 610 2614 627 2633; x_wconf 89' lang='lat' dir='ltr'>e</span> <span class='ocrx_word' id='word_1_364' title='bbox 653 2615 717 2643; x_wconf 85' lang='lat' dir='ltr'>quo</span> <span class='ocrx_word' id='word_1_365' title='bbox 745 2605 972 2634; x_wconf 72' lang='lat' dir='ltr'>inconlroversi</span> <span class='ocrx_word' id='word_1_366' title='bbox 999 2604 1044 2634; x_wconf 81' lang='lat' dir='ltr'>fa-</span> 
     </span>
     <span class='ocr_line' id='line_1_46' title="bbox 351 2644 1042 2685; baseline 0.009 -15"><span class='ocrx_word' id='word_1_367' title='bbox 351 2649 512 2678; x_wconf 46' lang='lat' dir='ltr'>ctumffsst</span> <span class='ocrx_word' id='word_1_368' title='bbox 531 2646 700 2676; x_wconf 70' lang='lat' dir='ltr'>manifeste</span> <span class='ocrx_word' id='word_1_369' title='bbox 710 2644 733 2676; x_wconf 39' lang='lat' dir='ltr'>‘a</span> <span class='ocrx_word' id='word_1_370' title='bbox 749 2646 935 2685; x_wconf 80' lang='lat' dir='ltr'>glossatore.</span> <span class='ocrx_word' id='word_1_371' title='bbox 958 2645 1042 2676; x_wconf 85' lang='lat' dir='ltr'>Nam</span> 
     </span>
     <span class='ocr_line' id='line_1_47' title="bbox 352 2685 1042 2725; baseline 0.007 -13"><span class='ocrx_word' id='word_1_372' title='bbox 352 2685 403 2714; x_wconf 81' lang='lat' dir='ltr'>ubi</span> <span class='ocrx_word' id='word_1_373' title='bbox 420 2685 486 2715; x_wconf 79' lang='lat' dir='ltr'>tale</span> <span class='ocrx_word' id='word_1_374' title='bbox 509 2687 584 2725; x_wconf 86' lang='lat' dir='ltr'>quid</span> <span class='ocrx_word' id='word_1_375' title='bbox 606 2688 735 2718; x_wconf 83' lang='lat' dir='ltr'>additur</span> <span class='ocrx_word' id='word_1_376' title='bbox 757 2689 929 2718; x_wconf 59' lang='lat' dir='ltr'>srntvntiae</span> <span class='ocrx_word' id='word_1_377' title='bbox 947 2687 1042 2718; x_wconf 81' lang='lat' dir='ltr'>huic:</span> 
     </span>
     <span class='ocr_line' id='line_1_48' title="bbox 349 2728 1044 2774; baseline 0.007 -19"><span class='ocrx_word' id='word_1_378' title='bbox 349 2734 462 2774; x_wconf 42' lang='lat' dir='ltr'>martur</span> <span class='ocrx_word' id='word_1_379' title='bbox 481 2728 541 2759; x_wconf 85' lang='lat' dir='ltr'>hoc</span> <span class='ocrx_word' id='word_1_380' title='bbox 564 2737 669 2769; x_wconf 80' lang='lat' dir='ltr'>potest</span> <span class='ocrx_word' id='word_1_381' title='bbox 695 2731 855 2770; x_wconf 73' lang='lat' dir='ltr'>ignorare,</span> <span class='ocrx_word' id='word_1_382' title='bbox 871 2734 928 2760; x_wconf 80' lang='lat' dir='ltr'>aut</span> <span class='ocrx_word' id='word_1_383' title='bbox 949 2730 1044 2760; x_wconf 84' lang='lat' dir='ltr'>debet</span> 
     </span>
     <span class='ocr_line' id='line_1_49' title="bbox 349 2771 1043 2812; baseline 0.007 -14"><span class='ocrx_word' id='word_1_384' title='bbox 349 2771 453 2800; x_wconf 73' lang='lat' dir='ltr'>svn-e?</span> <span class='ocrx_word' id='word_1_385' title='bbox 490 2771 573 2802; x_wconf 84' lang='lat' dir='ltr'>soret</span> <span class='ocrx_word' id='word_1_386' title='bbox 608 2774 695 2802; x_wconf 82' lang='lat' dir='ltr'>enim</span> <span class='ocrx_word' id='word_1_387' title='bbox 733 2773 893 2812; x_wconf 83' lang='lat' dir='ltr'>ineptum.</span> <span class='ocrx_word' id='word_1_388' title='bbox 937 2772 1043 2803; x_wconf 84' lang='lat' dir='ltr'>Verba</span> 
     </span>
     <span class='ocr_line' id='line_1_50' title="bbox 350 2814 1042 2855; baseline 0.006 -15"><span class='ocrx_word' id='word_1_389' title='bbox 350 2814 434 2841; x_wconf 70' lang='lat' dir='ltr'>nane</span> <span class='ocrx_word' id='word_1_390' title='bbox 450 2818 581 2852; x_wconf 75' lang='lat' dir='ltr'>partem</span> <span class='ocrx_word' id='word_1_391' title='bbox 598 2814 692 2855; x_wconf 79' lang='lat' dir='ltr'>juris</span> <span class='ocrx_word' id='word_1_392' title='bbox 715 2815 880 2844; x_wconf 58' lang='lat' dir='ltr'>referenda.</span> <span class='ocrx_word' id='word_1_393' title='bbox 902 2820 979 2844; x_wconf 64' lang='lat' dir='ltr'>suut</span> <span class='ocrx_word' id='word_1_394' title='bbox 1003 2814 1042 2844; x_wconf 80' lang='lat' dir='ltr'>ad</span> 
     </span>
     <span class='ocr_line' id='line_1_51' title="bbox 348 2855 1043 2896; baseline 0.006 -15"><span class='ocrx_word' id='word_1_395' title='bbox 348 2863 512 2893; x_wconf 63' lang='lat' dir='ltr'>superiora</span> <span class='ocrx_word' id='word_1_396' title='bbox 528 2856 601 2886; x_wconf 81' lang='lat' dir='ltr'>illa:</span> <span class='ocrx_word' id='word_1_397' title='bbox 625 2866 739 2892; x_wconf 63' lang='grc' dir='ltr'>σατις-α’,</span> <span class='ocrx_word' id='word_1_398' title='bbox 756 2858 794 2887; x_wconf 84' lang='lat' dir='ltr'>de</span> <span class='ocrx_word' id='word_1_399' title='bbox 806 2866 947 2896; x_wconf 79' lang='lat' dir='ltr'>quarum</span> <span class='ocrx_word' id='word_1_400' title='bbox 960 2855 1043 2895; x_wconf 79' lang='lat' dir='ltr'>jure</span> 
     </span>
     <span class='ocr_line' id='line_1_52' title="bbox 348 2898 1041 2940; baseline 0.004 -15"><span class='ocrx_word' id='word_1_401' title='bbox 348 2898 480 2931; x_wconf 68' lang='lat' dir='ltr'>dubium</span> <span class='ocrx_word' id='word_1_402' title='bbox 495 2907 559 2928; x_wconf 69' lang='lat' dir='ltr'>esse</span> <span class='ocrx_word' id='word_1_403' title='bbox 571 2909 632 2929; x_wconf 86' lang='lat' dir='ltr'>non</span> <span class='ocrx_word' id='word_1_404' title='bbox 646 2904 761 2940; x_wconf 71' lang='lat' dir='ltr'>potest.</span> <span class='ocrx_word' id='word_1_405' title='bbox 806 2899 920 2938; x_wconf 72' lang='lat' dir='ltr'>ltaque</span> <span class='ocrx_word' id='word_1_406' title='bbox 934 2901 1041 2929; x_wconf 77' lang='lat' dir='ltr'>incon-</span> 
     </span>
    </p>
   </div>
   <div class='ocr_carea' id='block_1_6' title="bbox 1083 2350 1783 2929">
    <p class='ocr_par' dir='ltr' id='par_1_12' title="bbox 1087 2350 1345 2380">
     <span class='ocr_line' id='line_1_53' title="bbox 1087 2350 1345 2380; baseline -0.008 0"><span class='ocrx_word' id='word_1_407' title='bbox 1087 2350 1131 2380; x_wconf 77' lang='lat' dir='ltr'>cis</span> <span class='ocrx_word' id='word_1_408' title='bbox 1145 2350 1345 2380; x_wconf 61' lang='lat' dir='ltr'>inclusimus.</span> 
     </span>
    </p>

    <p class='ocr_par' dir='ltr' id='par_1_13' title="bbox 1085 2387 1783 2811">
     <span class='ocr_line' id='line_1_54' title="bbox 1128 2387 1783 2431; baseline -0.012 -6"><span class='ocrx_word' id='word_1_409' title='bbox 1128 2395 1168 2425; x_wconf 75' lang='lat'>79</span> <span class='ocrx_word' id='word_1_410' title='bbox 1190 2402 1251 2422; x_wconf 77' lang='lat' dir='ltr'>mm</span> <span class='ocrx_word' id='word_1_411' title='bbox 1280 2395 1326 2420; x_wconf 80' lang='lat' dir='ltr'>est</span> <span class='ocrx_word' id='word_1_412' title='bbox 1353 2388 1510 2431; x_wconf 49' lang='lat' dir='ltr'>difficile]</span> <span class='ocrx_word' id='word_1_413' title='bbox 1542 2387 1606 2419; x_wconf 74' lang='lat' dir='ltr'>Est</span> <span class='ocrx_word' id='word_1_414' title='bbox 1632 2396 1691 2428; x_wconf 83' lang='lat' dir='ltr'>pro</span> <span class='ocrx_word' id='word_1_415' title='bbox 1718 2395 1783 2417; x_wconf 76' lang='lat' dir='ltr'>esse</span> 
     </span>
     <span class='ocr_line' id='line_1_55' title="bbox 1087 2428 1782 2473; baseline -0.007 -9"><span class='ocrx_word' id='word_1_416' title='bbox 1087 2444 1103 2464; x_wconf 87' lang='lat' dir='ltr'>e</span> <span class='ocrx_word' id='word_1_417' title='bbox 1127 2435 1203 2464; x_wconf 77' lang='lat' dir='ltr'>Mss.</span> <span class='ocrx_word' id='word_1_418' title='bbox 1230 2435 1311 2463; x_wconf 83' lang='lat' dir='ltr'>bene</span> <span class='ocrx_word' id='word_1_419' title='bbox 1337 2432 1480 2473; x_wconf 80' lang='lat' dir='ltr'>reposuit</span> <span class='ocrx_word' id='word_1_420' title='bbox 1507 2430 1668 2467; x_wconf 85' lang='lat' dir='ltr'>Pearcius,</span> <span class='ocrx_word' id='word_1_421' title='bbox 1694 2428 1782 2468; x_wconf 86' lang='lat' dir='ltr'>quod</span> 
     </span>
     <span class='ocr_line' id='line_1_56' title="bbox 1087 2471 1781 2510; baseline -0.009 -4"><span class='ocrx_word' id='word_1_422' title='bbox 1087 2486 1144 2506; x_wconf 83' lang='lat' dir='ltr'>nos</span> <span class='ocrx_word' id='word_1_423' title='bbox 1171 2477 1271 2506; x_wconf 80' lang='lat' dir='ltr'>etiam</span> <span class='ocrx_word' id='word_1_424' title='bbox 1298 2475 1368 2504; x_wconf 85' lang='lat' dir='ltr'>sine</span> <span class='ocrx_word' id='word_1_425' title='bbox 1404 2475 1442 2504; x_wconf 85' lang='lat' dir='ltr'>iis</span> <span class='ocrx_word' id='word_1_426' title='bbox 1477 2473 1675 2509; x_wconf 81' lang='lat' dir='ltr'>fecissemus,</span> <span class='ocrx_word' id='word_1_427' title='bbox 1703 2471 1781 2510; x_wconf 85' lang='lat' dir='ltr'>quia</span> 
     </span>
     <span class='ocr_line' id='line_1_57' title="bbox 1086 2515 1781 2548; baseline -0.007 0"><span class='ocrx_word' id='word_1_428' title='bbox 1086 2518 1300 2548; x_wconf 65' lang='lat' dir='ltr'>necessarium</span> <span class='ocrx_word' id='word_1_429' title='bbox 1325 2521 1391 2546; x_wconf 80' lang='lat' dir='ltr'>est:</span> <span class='ocrx_word' id='word_1_430' title='bbox 1415 2521 1449 2545; x_wconf 90' lang='lat' dir='ltr'>et</span> <span class='ocrx_word' id='word_1_431' title='bbox 1470 2515 1516 2544; x_wconf 87' lang='lat' dir='ltr'>sic</span> <span class='ocrx_word' id='word_1_432' title='bbox 1538 2522 1781 2544; x_wconf 83' lang='lat' dir='ltr'>correxeramus</span> 
     </span>
     <span class='ocr_line' id='line_1_58' title="bbox 1085 2556 1782 2599; baseline -0.009 -9"><span class='ocrx_word' id='word_1_433' title='bbox 1085 2567 1174 2597; x_wconf 80' lang='lat' dir='ltr'>ante,</span> <span class='ocrx_word' id='word_1_434' title='bbox 1194 2570 1289 2599; x_wconf 78' lang='lat' dir='ltr'>quam</span> <span class='ocrx_word' id='word_1_435' title='bbox 1313 2558 1521 2589; x_wconf 82' lang='lat' dir='ltr'>Pearcianam</span> <span class='ocrx_word' id='word_1_436' title='bbox 1544 2556 1782 2586; x_wconf 86' lang='lat' dir='ltr'>correctionem</span> 
     </span>
     <span class='ocr_line' id='line_1_59' title="bbox 1088 2596 1780 2641; baseline -0.007 -9"><span class='ocrx_word' id='word_1_437' title='bbox 1088 2602 1285 2641; x_wconf 71' lang='lat' dir='ltr'>legissemus.</span> <span class='ocrx_word' id='word_1_438' title='bbox 1332 2601 1391 2630; x_wconf 85' lang='lat' dir='ltr'>Est</span> <span class='ocrx_word' id='word_1_439' title='bbox 1412 2599 1512 2630; x_wconf 85' lang='lat' dir='ltr'>etiam</span> <span class='ocrx_word' id='word_1_440' title='bbox 1537 2598 1582 2628; x_wconf 89' lang='lat' dir='ltr'>sic</span> <span class='ocrx_word' id='word_1_441' title='bbox 1606 2598 1639 2628; x_wconf 89' lang='lat' dir='ltr'>in</span> <span class='ocrx_word' id='word_1_442' title='bbox 1662 2597 1724 2628; x_wconf 89' lang='lat' dir='ltr'>Ms.</span> <span class='ocrx_word' id='word_1_443' title='bbox 1741 2596 1780 2628; x_wconf 89' lang='lat' dir='ltr'>E.</span> 
     </span>
     <span class='ocr_line' id='line_1_60' title="bbox 1087 2638 1780 2684; baseline -0.01 -9"><span class='ocrx_word' id='word_1_444' title='bbox 1087 2649 1118 2675; x_wconf 75' lang='lat' dir='ltr'>et</span> <span class='ocrx_word' id='word_1_445' title='bbox 1134 2645 1183 2675; x_wconf 83' lang='lat' dir='ltr'>ed.</span> <span class='ocrx_word' id='word_1_446' title='bbox 1202 2644 1287 2684; x_wconf 79' lang='lat' dir='ltr'>Lips.</span> <span class='ocrx_word' id='word_1_447' title='bbox 1312 2643 1390 2673; x_wconf 69' lang='lat' dir='ltr'>Post</span> <span class='ocrx_word' id='word_1_448' title='bbox 1405 2641 1488 2671; x_wconf 81' lang='lat' dir='ltr'>idem</span> <span class='ocrx_word' id='word_1_449' title='bbox 1504 2639 1604 2670; x_wconf 83' lang='lat' dir='ltr'>edidit</span> <span class='ocrx_word' id='word_1_450' title='bbox 1619 2638 1780 2679; x_wconf 55' lang='lat' dir='ltr'>defendet,</span> 
     </span>
     <span class='ocr_line' id='line_1_61' title="bbox 1087 2681 1781 2726; baseline -0.003 -11"><span class='ocrx_word' id='word_1_451' title='bbox 1087 2687 1172 2726; x_wconf 86' lang='lat' dir='ltr'>quod</span> <span class='ocrx_word' id='word_1_452' title='bbox 1195 2696 1253 2717; x_wconf 87' lang='lat' dir='ltr'>nos</span> <span class='ocrx_word' id='word_1_453' title='bbox 1275 2686 1309 2716; x_wconf 88' lang='lat' dir='ltr'>in</span> <span class='ocrx_word' id='word_1_454' title='bbox 1334 2684 1397 2714; x_wconf 88' lang='lat' dir='ltr'>Ms.</span> <span class='ocrx_word' id='word_1_455' title='bbox 1422 2688 1455 2714; x_wconf 88' lang='lat' dir='ltr'>et</span> <span class='ocrx_word' id='word_1_456' title='bbox 1478 2692 1528 2722; x_wconf 82' lang='lat' dir='ltr'>ap.</span> <span class='ocrx_word' id='word_1_457' title='bbox 1549 2682 1621 2712; x_wconf 88' lang='lat' dir='ltr'>Ald.</span> <span class='ocrx_word' id='word_1_458' title='bbox 1637 2686 1671 2712; x_wconf 79' lang='lat' dir='ltr'>et</span> <span class='ocrx_word' id='word_1_459' title='bbox 1685 2681 1781 2713; x_wconf 75' lang='lat' dir='ltr'>Junt.</span> 
     </span>
     <span class='ocr_line' id='line_1_62' title="bbox 1087 2723 1780 2769; baseline -0.009 -10"><span class='ocrx_word' id='word_1_460' title='bbox 1087 2730 1282 2769; x_wconf 79' lang='lat' dir='ltr'>reperimus:</span> <span class='ocrx_word' id='word_1_461' title='bbox 1305 2725 1360 2756; x_wconf 84' lang='lat' dir='ltr'>sed</span> <span class='ocrx_word' id='word_1_462' title='bbox 1381 2725 1551 2764; x_wconf 79' lang='lat' dir='ltr'>vulgatum</span> <span class='ocrx_word' id='word_1_463' title='bbox 1575 2723 1692 2755; x_wconf 83' lang='lat' dir='ltr'>melius</span> <span class='ocrx_word' id='word_1_464' title='bbox 1715 2726 1780 2760; x_wconf 88' lang='lat' dir='ltr'>est,</span> 
     </span>
     <span class='ocr_line' id='line_1_63' title="bbox 1085 2766 1582 2811; baseline -0.014 -9"><span class='ocrx_word' id='word_1_465' title='bbox 1085 2771 1170 2811; x_wconf 82' lang='lat' dir='ltr'>quod</span> <span class='ocrx_word' id='word_1_466' title='bbox 1186 2771 1308 2801; x_wconf 85' lang='lat' dir='ltr'>habent</span> <span class='ocrx_word' id='word_1_467' title='bbox 1321 2777 1433 2798; x_wconf 79' lang='lat' dir='ltr'>omncs</span> <span class='ocrx_word' id='word_1_468' title='bbox 1448 2766 1518 2797; x_wconf 84' lang='lat' dir='ltr'>edd.</span> <span class='ocrx_word' id='word_1_469' title='bbox 1534 2776 1582 2806; x_wconf 89' lang='lat' dir='ltr'>pr.</span> 
     </span>
    </p>

    <p class='ocr_par' dir='ltr' id='par_1_14' title="bbox 1083 2805 1780 2929">
     <span class='ocr_line' id='line_1_64' title="bbox 1127 2805 1777 2850; baseline -0.012 -6"><span class='ocrx_word' id='word_1_470' title='bbox 1127 2816 1167 2844; x_wconf 87' lang='grc'>80</span> <span class='ocrx_word' id='word_1_471' title='bbox 1189 2817 1219 2843; x_wconf 81' lang='lat' dir='ltr'>et</span> <span class='ocrx_word' id='word_1_472' title='bbox 1241 2822 1281 2842; x_wconf 64' lang='lat' dir='ltr'>ez·</span> <span class='ocrx_word' id='word_1_473' title='bbox 1307 2809 1457 2850; x_wconf 65' lang='lat' dir='ltr'>legibus]</span> <span class='ocrx_word' id='word_1_474' title='bbox 1488 2809 1541 2839; x_wconf 89' lang='lat' dir='ltr'>Sic</span> <span class='ocrx_word' id='word_1_475' title='bbox 1567 2815 1681 2838; x_wconf 87' lang='lat' dir='ltr'>omnes</span> <span class='ocrx_word' id='word_1_476' title='bbox 1705 2805 1777 2839; x_wconf 82' lang='lat' dir='ltr'>edd.</span> 
     </span>
     <span class='ocr_line' id='line_1_65' title="bbox 1083 2847 1780 2890; baseline -0.006 -5"><span class='ocrx_word' id='word_1_477' title='bbox 1083 2859 1164 2885; x_wconf 79' lang='lat' dir='ltr'>vett.</span> <span class='ocrx_word' id='word_1_478' title='bbox 1179 2861 1213 2885; x_wconf 84' lang='lat' dir='ltr'>et</span> <span class='ocrx_word' id='word_1_479' title='bbox 1229 2854 1290 2884; x_wconf 85' lang='lat' dir='ltr'>Ms.</span> <span class='ocrx_word' id='word_1_480' title='bbox 1307 2853 1346 2883; x_wconf 89' lang='lat' dir='ltr'>E.</span> <span class='ocrx_word' id='word_1_481' title='bbox 1362 2862 1428 2882; x_wconf 90' lang='lat' dir='ltr'>non</span> <span class='ocrx_word' id='word_1_482' title='bbox 1441 2851 1511 2882; x_wconf 86' lang='lat' dir='ltr'>sine</span> <span class='ocrx_word' id='word_1_483' title='bbox 1524 2854 1566 2882; x_wconf 81' lang='lat' dir='ltr'>et.</span> <span class='ocrx_word' id='word_1_484' title='bbox 1600 2849 1690 2882; x_wconf 86' lang='lat' dir='ltr'>Bene</span> <span class='ocrx_word' id='word_1_485' title='bbox 1705 2847 1780 2890; x_wconf 69' lang='lat' dir='ltr'>jam‘</span> 
     </span>
     <span class='ocr_line' id='line_1_66' title="bbox 1084 2896 1402 2929; baseline -0.006 -2"><span class='ocrx_word' id='word_1_486' title='bbox 1084 2897 1228 2929; x_wconf 79' lang='lat' dir='ltr'>restituit</span> <span class='ocrx_word' id='word_1_487' title='bbox 1244 2896 1402 2928; x_wconf 80' lang='lat' dir='ltr'>Pearcius.</span> 
     </span>
    </p>
   </div>
  </div>
 </body>
</html>
