1945 3235
475 127 776 168 ORATORIAE
817 126 1187 168 PARTITIONES.
1483 124 1567 170 62OE

105 233 425 289 quaestionibus
455 235 582 277 ratio.
640 234 770 290 Saepe
799 233 914 274 enim
937 246 1001 283 ea,
1023 246 1121 287 quae
1144 232 1261 274 dicta
1283 238 1398 284 sunt,
1419 232 1456 274 si
1485 240 1565 274 aut

108 292 330 348 ambigue,
352 302 427 333 aut
448 293 758 344 inconstanter,
776 301 851 332 aut
881 289 1191 331 incredibiliter
1213 290 1330 331 dicta
1351 299 1465 343 sunt,
1487 299 1563 331 aut

106 351 242 390 etiam
268 350 390 390 aliter
411 351 467 392 ab
487 350 572 391 alio
594 351 725 401 dicta,
748 346 964 389 subtiliter
985 346 1371 402 reprehenduntur.

170 406 222 448 C.
247 407 298 448 F.
329 406 539 448 Extrema
569 407 649 448 tibi
680 419 777 463 pars
808 413 941 445 restat
971 404 1195 454 orationis,
1217 419 1314 458 quae
1347 405 1490 460 posita
1517 392 1647 448 in15

108 464 351 520 perorando
373 474 453 516 est,
474 465 527 506 de
556 479 641 520 qua
661 477 763 504 sane
792 462 922 503 velim
952 461 1115 503 audire.
1174 459 1229 502 C.
1254 461 1305 502 P.
1327 465 1366 495 78
1378 462 1625 507 Facilior&

110 533 176 563 est
207 522 444 578 explicatio
467 520 767 578 perorationis
798 534 900 561 nam
930 528 996 561 est
1025 519 1164 560 divisa
1193 519 1238 559 in
1268 518 1374 559 duas
1405 530 1564 574 partes,

111 579 511 635 amplificationem,
533 588 577 619 et
597 578 983 620 enumerationem.
1033 576 1238 633 Augendi
1260 585 1405 617 autem
1426 586 1470 616 et
1492 577 1608 620 hicb.

109 646 178 677 est
203 637 399 693 proprius
428 636 549 678 locus
573 636 618 677 in
641 636 904 692 perorando:
938 644 984 676 et
1013 634 1058 676 in
1079 649 1206 676 cursu
1238 633 1332 690 ipso
1355 633 1564 674 orationis

108 693 420 735 declinationes
451 694 506 735 ad
536 693 892 751 amplificandum
920 693 1092 743 dantur,
1122 691 1380 733 confirmata
1411 705 1455 732 re
1486 690 1566 731 ali-

110 766 212 807 qua,
234 759 310 792 aut
331 751 603 807 reprehensa.
664 750 745 793 Est
774 751 909 807 igitur
930 749 1227 805 amplificatio,
1251 748 1424 805 gravior
1442 757 1625 804 quae-58

109 809 212 850 dam
243 808 491 861 affirmatio,
513 825 611 865 quae
643 818 768 851 motu
799 808 1043 849 animorum
1064 807 1271 848 conciliet
1302 807 1348 847 in
1379 806 1565 847 dicendo

111 865 258 908 fidem.
320 866 385 909 Ea
404 876 448 908 et
468 868 700 908 verborum
722 880 879 923 genere
899 864 1146 915 conficitur,
1167 876 1212 905 et
1233 878 1390 905 rerum.
1422 864 1569 905 Verba

112 924 316 980 ponenda
339 933 452 976 sunt,
475 940 572 980 quae
595 925 684 966 vim
705 924 896 965 habeant
919 923 1177 974 illustrandi,
1200 936 1280 963 nec
1302 922 1357 963 ab
1379 936 1459 962 usu
1479 921 1570 963 sint

110 980 406 1033 abhorrentia,
432 982 594 1039 gravia,
617 981 758 1038 plena,
781 980 994 1032 sonantia,
1011 981 1182 1036 juncta,
1203 983 1244 1014 79
1255 979 1386 1030 facta,
1405 993 1571 1035 cogno-

113 1039 294 1091 minata,
326 1055 414 1081 non
439 1040 629 1096 vulgata,
661 1039 891 1096 superlata,
922 1038 1209 1094 inprimisque
1239 1036 1458 1088 translata,
1489 1051 1571 1078 nec

114 1097 162 1138 in
193 1097 373 1154 singulis
406 1098 562 1149 verbis,
593 1097 666 1138 sed
697 1098 743 1139 in
763 1097 1090 1138 continentibus
1121 1095 1276 1146 soluta,
1296 1109 1394 1150 quae
1417 1095 1572 1136 dicun-

114 1162 187 1195 tur
219 1155 311 1196 sine
341 1155 668 1211 conjunctione,
698 1163 747 1196 ut
777 1154 901 1211 plura
927 1154 1168 1195 videantur.
1228 1151 1408 1208 Augent
1437 1153 1569 1194 etiam
1582 1163 1636 1201 54

114 1211 251 1254 relata
272 1213 417 1264 verba,
440 1213 606 1264 iterata,
627 1212 863 1269 duplicata,
885 1219 930 1253 et
949 1226 1014 1263 ea,
1035 1226 1134 1267 quae
1156 1210 1396 1252 ascendunt
1417 1210 1572 1266 grada-

116 1270 198 1311 tim
229 1271 284 1312 ab
315 1270 619 1312 humilioribus
649 1270 792 1311 verbis
822 1270 876 1311 ad
907 1270 1143 1326 superiora,
1164 1268 1431 1323 omninoque
1460 1282 1574 1308 sem-

115 1342 194 1384 per
215 1328 400 1384 quasi‘sso
412 1327 618 1370 naturalis
639 1336 683 1369 et
712 1342 801 1369 non
823 1327 1056 1383 explanata
1075 1326 1231 1378 oratio,
1262 1325 1336 1367 sed
1367 1325 1573 1382 gravibus

116 1384 277 1427 referta
299 1385 455 1436 verbis,
485 1385 539 1427 ad
570 1386 817 1442 augendum
847 1384 1231 1426 accommodatior.
1293 1382 1407 1424 Haec
1438 1383 1575 1439 igitur

118 1443 165 1484 in
195 1442 366 1495 verbis3
399 1443 558 1498 quibus
588 1444 757 1484 81actio
783 1443 918 1495 vocis,
949 1442 1108 1494 vultus,
1129 1451 1173 1483 et
1208 1450 1355 1498 gestus
1385 1456 1576 1497 congru·

117 1515 209 1552 ens,
233 1509 277 1541 et
308 1509 412 1556 apta
441 1500 494 1541 ad
528 1501 696 1542 animos
728 1500 1060 1557 permovendOS,
1091 1498 1464 1541 accommodanda
1492 1507 1575 1539 est.

118 1558 204 1600 Sed
226 1568 270 1599 et
299 1557 345 1599 in
366 1558 525 1610 verbis,
546 1567 591 1599 et
621 1559 666 1599 in
695 1558 870 1600 actione
892 1560 932 1590 82
944 1572 1075 1599 causa
1095 1558 1177 1598 erit
1199 1557 1399 1608 tenenda,
1421 1566 1465 1597 et
1495 1571 1575 1613 pro

117 1630 164 1658 re
200 1615 384 1672 agenda.
420 1630 523 1656 nam
545 1615 656 1667 haec,
685 1616 789 1671 quia
811 1615 1011 1657 videntur
1040 1615 1318 1672 perabsurda,
1339 1629 1441 1655 cum
1477 1629 1578 1670 gra-

118 1673 240 1716 viora
262 1686 377 1724 sunt,
407 1688 539 1729 quam
560 1688 690 1715 causa
712 1673 821 1726 fert3
852 1673 1097 1731 diligenter,
1119 1673 1224 1729 quid
1255 1686 1471 1728 quemque
1499 1672 1576 1713 de-

118 1741 231 1783 ceat,
256 1731 546 1787 judicandum
576 1741 657 1773 est.
717 1734 756 1762 83
772 1731 936 1773 Rerum
969 1731 1252 1788 amplificatio
1284 1730 1468 1771 sumitur
1491 1715 1662 1772 eis-16

119 1789 218 1830 dem
241 1803 297 1830 ex
319 1789 424 1830 locis
446 1789 664 1841 omnibus,
681 1789 838 1845 quibus
859 1789 946 1840 illa,
968 1796 1067 1845 quae
1089 1789 1207 1830 dicta
1228 1797 1328 1829 sunt
1350 1788 1403 1829 ad
1422 1788 1572 1829 fidem:
1587 1797 1637 1831 55

119 1846 399 1903 maximeque
429 1846 703 1888 definitiones
734 1847 879 1889 valent
910 1847 1203 1904 conglobatae,
1233 1855 1279 1887 et
1310 1859 1579 1902 consequen-

122 1905 233 1946 tium
266 1904 572 1960 frequentatio,
593 1913 638 1946 et
658 1905 987 1957 contrariarum,
1008 1915 1053 1946 et
1081 1904 1371 1955 dissimilium,
1394 1913 1438 1945 et
1467 1905 1581 1945 inter

121 1976 168 2005 se
189 1963 481 2018 pugnantium
502 1976 644 2004 rerum
666 1963 916 2004 conflictio:
947 1972 991 2004 et
1012 1978 1169 2014 causae,
1191 1972 1236 2003 et
1261 1976 1326 2013 ea,
1349 1977 1446 2017 quae
1479 1968 1581 2002 sunt

123 2020 178 2061 de
200 2020 339 2060 causis
361 2030 470 2072 orta,
497 2020 773 2076 maximeque
804 2020 1107 2062 similitudines
1130 2029 1174 2061 et
1201 2021 1429 2075 exempla:
1461 2018 1581 2060 fictae

123 2077 257 2118 etiam
298 2092 520 2133 personae:
563 2088 684 2119 muta
719 2078 905 2135 denique
944 2079 1192 2135 loquantur,
1227 2078 1494 2133 omninoque
1529 2091 1582 2119 ea

123 2143 226 2178 sunt
261 2135 522 2189 adhibenda,
556 2136 591 2178 si
627 2134 757 2178 causa
791 2136 970 2194 patitur,
1008 2151 1107 2193 quae
1144 2150 1306 2192 magna
1337 2135 1581 2177 habentur:

168 2264 210 2296 78
233 2260 392 2302 Facilior]
418 2260 478 2292 Ed.
499 2260 585 2293 Ven.
607 2261 738 2294 Facilis.
763 2271 832 2294 non
873 2262 999 2294 artibus
1034 2262 1200 2299 orator‘fiS,
1236 2261 1293 2292 sed
1319 2260 1515 2302 simpliciter
1544 2262 1584 2293 et

128 2303 225 2336 male.
873 2306 1016 2337 breviter
1029 2315 1100 2336 rem
1114 2305 1206 2336 dicit.

172 2350 212 2381 79
236 2345 354 2386 facta,
390 2347 635 2388 cognominata]
682 2348 832 2379 Primum
918 2351 956 2379 81
981 2349 1066 2378 actio
1080 2348 1176 2385 vocis,
1191 2348 1303 2377 vultus
1317 2350 1349 2376 et
1360 2345 1486 2385 ges-4225]
1513 2344 1583 2377 MS.

127 2393 268 2428 uterque
291 2390 355 2420 ΜΞ.
378 2394 490 2420 noster
510 2396 544 2421 et
563 2391 614 2421 ed.
634 2392 716 2423 Ven.
730 2392 831 2431 ficta,
874 2395 1015 2428 uterque
1027 2390 1116 2421 delet
1128 2391 1257 2421 vultus.-
1273 2389 1454 2419 Lambinus
1467 2394 1582 2419 autem

128 2432 191 2462 Sed
202 2431 305 2471 βίῃ-ια
329 2434 363 2462 in
386 2431 447 2462 hac
469 2442 503 2462 re
526 2433 685 2464 usitatum
703 2434 834 2465 Cicero·
876 2444 894 2463 e
920 2434 988 2464 Ms.
1014 2443 1100 2470 voce,
1123 2435 1232 2469 vultu,
1252 2436 1370 2471 gestu:
1397 2429 1475 2469 quia
1496 2432 1583 2461 actio

129 2475 177 2505 ni.
194 2474 258 2505 Sed
282 2484 355 2514 quse
371 2480 449 2504 sunt
467 2476 562 2506 verba
576 2477 835 2515 cognominata?
877 2478 974 2513 vocis,
983 2477 1105 2511 vultus,
1120 2476 1237 2506 durum
1252 2479 1321 2504 est:
1346 2473 1401 2503 sed
1414 2480 1531 2504 tamen
1547 2474 1584 2503 ln

129 2516 163 2546 ὖ.
199 2517 247 2547 Μ.
275 2519 398 2548 Brutus
428 2519 565 2557 corrigit
591 2523 834 2556 coagmentata.
879 2518 930 2548 his
952 2519 1038 2549 inest
1054 2518 1151 2548 actio.
1196 2517 1277 2547 Mox
1295 2525 1425 2556 semper
1439 2516 1522 2545 mihi
1536 2517 1585 2546 vi-

131 2558 196 2589 Sed
206 2559 356 2590 Ciceroni
366 2565 597 2596 evag-mentam
610 2562 705 2592 verba
716 2561 838 2592 dicitur
879 2570 952 2591 sum
966 2569 1016 2591 est
1030 2560 1207 2599 legendum
1222 2559 1499 2589 accommodanda
1514 2563 1560 2589 est
1573 2570 1585 2588 .-

131 2611 193 2642 pro
217 2602 338 2637 ,rinei-re
367 2604 476 2639 verba,
507 2604 593 2642 quod
617 2604 657 2634 ab
683 2603 715 2634 h.
739 2604 762 2634 1.
785 2609 837 2634 est.
878 2608 928 2633 est
941 2604 1030 2634 enim
1047 2609 1262 2643 praeceptum.
1277 2601 1309 2632 id
1324 2602 1400 2641 quia
1415 2603 1514 2632 estin
1530 2601 1582 2633 ed„

131 2643 302 2675 alienum:
342 2655 421 2676 nain
452 2655 558 2676 sermo
587 2652 637 2677 est
665 2646 704 2676 de
730 2647 836 2677 verbis
878 2646 1095 2686 Ven.re(·epi.

133 2687 282 2725 singulis.
307 2696 367 2718 nec
383 2694 462 2718 sunt
478 2690 682 2729 composita3
708 2698 784 2719 nam
798 2699 838 2719 ea
923 2691 962 2719 82
998 2698 1099 2718 causa
1131 2689 1196 2718 erit
1217 2686 1370 2723 tenenda,
1399 2691 1430 2717 et
1452 2696 1514 2726 pro
1548 2697 1586 2717 re

134 2737 213 2759 ante
230 2729 309 2759 dixi?
319 2729 452 2771 juncia.
481 2731 573 2761 Nihil
589 2732 704 2762 meiius
719 2731 835 2767 habeo,
880 2731 1026 2770 agenda]
1053 2731 1118 2762 Ms.
1141 2731 1179 2761 E.
1200 2730 1429 2770 ponderanda,
1452 2736 1486 2760 et
1510 2735 1585 2770 post

134 2781 232 2810 quain
249 2782 316 2802 esee
333 2773 465 2803 *ser-buin
476 2774 602 2804 factum
617 2786 634 2804 e
647 2775 761 2805 Graeco
775 2786 839 2805 ‹tw-
882 2774 1060 2812 agendum.
1074 2772 1136 2804 Ed.
1150 2773 1234 2804 Ven.
1247 2773 1345 2803 habet
1361 2777 1494 2803 tantum
1503 2782 1586 2813 pon.-

133 2813 247 2852 αἱνυμοε,
265 2820 301 2844 ut
315 2822 346 2844 et
363 2816 526 2845 Sti-elizeus
542 2818 672 2856 accipit.
882 2816 1032 2846 deranda
1046 2828 1055 2845 .·
1078 2822 1188 2847 cetera
1203 2817 1335 2846 absunt.

181 2860 221 2887 80
245 2859 411 2888 naturali)
429 2863 460 2888 et
480 2868 541 2888 nrm
565 2862 745 2899 etz-planata
767 2870 841 2890 ora·
927 2861 966 2889 83
998 2859 1140 2898 Rerum]
1182 2859 1245 2889 ΜΞ.
1277 2857 1317 2888 Ε.
1345 2855 1437 2887 addit
1461 2861 1587 2894 autem,

134 2899 194 2940 uo]
221 2900 304 2941 Quae
326 2910 392 2932 non
411 2900 525 2932 inultis
542 2903 645 2934 verbis
661 2903 769 2935 utitur
782 2908 842 2936 aut
884 2902 966 2933 item
982 2906 1013 2933 et
1026 2906 1102 2944 Post
1116 2903 1332 2942 manm'ffleque·
