1945 3235
390 157 467 192 342
918 152 998 191 DE
1030 152 1317 191 ORATORE

398 257 442 299 in
476 263 563 297 tam
596 263 796 297 accurato
837 270 1032 298 sermone
1073 257 1289 312 praeterita
1329 269 1420 297 esse
1464 255 1671 298 videatur.
1744 254 1842 312 Ego

401 328 518 363 vero,
547 314 688 368 inquit
720 314 802 364 ille,
833 315 1036 368 quoniam
1069 318 1102 345 8¹
1124 313 1347 355 collectam
1387 329 1410 354 a
1440 313 1639 363 conviva,
1672 312 1842 364 Crasse,

404 370 560 426 exigiS,
589 385 675 412 non
703 372 987 421 committam,
1009 382 1071 420 ut,
1093 372 1128 411 si
1160 371 1414 422 defugerim,
1447 370 1526 412 tibi
1561 384 1736 413 causam
1764 369 1844 411 ali-

406 443 534 482 quam
557 428 652 469 dem
687 428 923 469 recusandi.
946 443 1205 482 quamquain
1237 430 1351 469 solco
1383 442 1497 483 saepe
1527 427 1673 468 mirari
1694 440 1844 469 eorum

409 484 734 540 impudentiam,
766 486 838 540 qui
861 496 995 540 agunt
1017 486 1057 526 in
1083 500 1209 526 scena
1224 497 1408 541 gestum,
1423 494 1645 540 spectante
1669 483 1845 525 Roscio.

409 543 504 596 quis
523 543 635 583 enim
655 557 744 583 sese
758 556 1027 582 commovere
1047 553 1202 597 potest,
1216 543 1339 597 cnjus
1362 542 1430 582 ille
1448 542 1551 582 vitia
1571 556 1656 582 non
1677 541 1846 582 videat?

413 599 485 640 Sic
504 614 584 654 ego
615 614 742 648 nunc,
765 600 920 640 Crasso
947 599 1160 649 audiente,
1193 601 1374 654 primum
1401 599 1549 654 loquar
1580 599 1633 639 de
1662 596 1846 648 face-tiis,

371 656 401 686 b.
414 666 457 697 et
478 657 642 696 docebo
665 670 733 695 sus
753 660 820 706 (ut
849 656 988 704 aiunt)
1017 667 1229 696 oratorem
1261 671 1373 706 eum,
1395 671 1522 710 quem
1545 669 1643 696 cum
1667 653 1848 697 Catulus

325 719 549 769 ‘234nuper
570 713 770 762 audisset,
788 711 951 768 firman
973 711 1074 752 alios
1095 713 1235 753 aiebat
1265 728 1340 753 esse
1368 720 1563 767 oportere.
1589 735 1594 744 .
1621 711 1730 752 Tum
1765 711 1849 762 ille,

414 770 664 819 Jocabatur‚
687 770 842 824 inquit,
862 769 1056 819 Catulus,
1080 770 1315 824 praesertim
1339 784 1434 811 cum
1457 770 1516 810 ita
1536 769 1652 810 dicat
1674 769 1780 824 ipse,
1804 777 1852 809 ut

413 827 626 868 ambrosia
647 826 821 867 alendus
841 841 931 867 esse
954 827 1161 866 videatur.
1182 840 1324 867 verum
1350 837 1405 876 te,
1429 826 1589 877 Caesar‚
1611 826 1850 875 audiamus,

413 894 460 924 ut
496 884 548 925 ad
576 884 754 924 Antonii
789 883 951 937 reliqua
981 883 1217 923 redeamus.
1279 882 1334 923 Et
1364 882 1595 934 Antonius,
1631 882 1854 938 Perpauca

412 941 585 995 quidem
611 940 712 981 mihi
737 949 912 989 restant,
934 940 1098 994 inquit:
1131 940 1203 980 sed
1227 950 1368 980 tamen
1385 940 1575 984 defessus
1589 940 1683 994 jam
1706 940 1854 981 labore

415 1009 542 1054 atque
562 998 712 1038 itinere
733 997 1053 1053 disputationis,
1085 997 1348 1052 requiescam
1371 997 1414 1037 in
1439 996 1621 1039 Caesaris
1640 1010 1852 1047 sermone,

333 1046 402 1095 58
416 1055 535 1110 quasi
571 1055 614 1096 iu
647 1054 790 1109 aliquo
833 1064 1154 1110 peropportuno
1192 1053 1450 1095 deversorio.
1519 1053 1670 1108 Atqui,
1713 1053 1856 1108 inquit

416 1112 571 1162 Julius,
613 1127 698 1152 non
745 1112 870 1152 nimis
910 1111 1083 1152 liberale
1128 1111 1363 1167 hospitium
1402 1125 1543 1152 meum
1580 1110 1712 1152 dices.
1753 1124 1854 1152 nam

416 1180 458 1210 te
495 1169 537 1209 in
576 1169 702 1220 viam,
740 1169 917 1210 simulac
958 1167 1270 1224 perpaullulum
1307 1168 1507 1225 gustatis,
1547 1167 1775 1211 extrudam
1813 1175 1858 1209 et

416 1227 604 1282 ejiciam.
1414 1266 1418 1270 ,
1851 1258 1852 1261 ,

331 1293 407 1327 :335
476 1283 556 1334 Ac,
589 1297 642 1323 ne
673 1282 833 1323 diutius
864 1297 940 1323 vos
971 1282 1180 1333 demorer,
1211 1282 1263 1323 de
1296 1281 1412 1323 omni
1445 1281 1529 1322 isto
1560 1295 1729 1337 genere,
1751 1282 1856 1337 quid

420 1341 615 1391 sentiam,
636 1339 897 1396 perbreviter
917 1353 1149 1394 exponam.
1210 1339 1279 1380 De
1301 1339 1385 1379 risu
1409 1340 1599 1394 quinque
1621 1348 1734 1389 sunt,
1755 1353 1856 1394 quae

418 1408 689 1453 quaerantur3
711 1410 859 1446 uuum,
875 1396 977 1451 quid
992 1397 1071 1438 sit:
1095 1397 1289 1447 alterum,
1308 1396 1419 1437 unde
1439 1396 1515 1437 sit:
1539 1395 1728 1446 tertium,
1745 1396 1858 1437 sitne

419 1455 613 1504 oratoris,
636 1453 741 1494 velle
763 1454 893 1494 risum
918 1467 1112 1495 movere:
1143 1463 1359 1508 quartum,
1378 1462 1611 1508 quatenus:
1642 1453 1858 1508 quintum,

419 1527 518 1568 quae
556 1512 641 1552 sint
678 1525 835 1566 genera
866 1510 1050 1551 ridiculi.
1117 1510 1262 1566 Atque
1295 1510 1396 1551 illud
1429 1510 1630 1566 primum,
1666 1510 1771 1564 quid
1805 1511 1862 1551 sit

420 1570 511 1625 ipse
534 1570 655 1618 risus,
686 1582 772 1622 quo
795 1577 922 1622 pacto
944 1567 1200 1618 concitetur,
1221 1568 1296 1609 ubi
1328 1568 1397 1618 sit,
1418 1567 1638 1622 quomodo
1667 1567 1863 1618 exsistat,

421 1638 549 1681 atque
569 1626 630 1668 ita
650 1634 824 1680 repente
846 1634 1056 1679 erumpat,
1078 1634 1125 1665 ut
1141 1640 1236 1666 eum
1260 1625 1483 1680 cupientes
1503 1633 1660 1674 tenere,
1675 1637 1862 1679 nequea-

420 1697 531 1733 mus,
554 1694 597 1724 et
619 1681 836 1737 quomodo
859 1682 985 1722 simul
1003 1682 1148 1733 latera,
1171 1697 1232 1733 os,
1252 1696 1396 1731 venas,
1422 1680 1602 1731 vultum,
1623 1680 1770 1723 oculos
1787 1696 1863 1723 oc-

421 1749 566 1796 cupet,
602 1742 641 1771 82
657 1739 810 1785 viderit
840 1737 1129 1779 Democritus.
1161 1753 1299 1794 neque
1328 1739 1440 1779 enim
1473 1737 1526 1779 ad
1556 1737 1672 1778 hunc
1702 1751 1864 1779 sermo-

422 1811 522 1838 nem
540 1797 621 1837 hoc
643 1797 853 1852 pertinet:
887 1805 944 1845 et,
960 1795 992 1835 si
1010 1796 1255 1851 pertineret,
1277 1795 1440 1836 nescire
1454 1809 1522 1836 me
1545 1804 1687 1839 tamen
1710 1795 1752 1838 id
1775 1809 1863 1838 nou

424 1854 619 1910 puderet,
638 1854 753 1909 quod
777 1867 828 1893 ne
852 1852 931 1908 ipsi
955 1854 1128 1908 quidem
1161 1853 1220 1894 illi
1254 1855 1426 1904 scirent,
1447 1852 1521 1907 qui
1547 1852 1866 1908 pollicerentur·

336 1921 414 1956 236
430 1911 566 1953 Locus
608 1921 767 1960 autem,
803 1919 846 1950 et
881 1913 920 1940 83
935 1910 1053 1966 regio
1088 1911 1208 1965 quasi
1239 1909 1405 1951 ridiculi
1439 1914 1558 1962 (nam
1587 1909 1628 1956 id
1666 1910 1864 1965 proxime

426 1968 652 2023 quaeritur)
689 1966 955 2022 turpitudine
990 1977 1033 2008 et
1072 1967 1346 2008 deformitate
1383 1967 1569 2022 quadam
1603 1968 1864 2009 continetur.

428 2025 523 2066 haec
553 2025 666 2065 enim
689 2025 881 2065 ridentur
905 2023 967 2064 vel
990 2024 1093 2075 sola,
1116 2024 1182 2065 vel
1212 2025 1414 2074 maxime,
1437 2038 1533 2079 quae
1557 2032 1710 2066 notant
1728 2032 1773 2065 et
1791 2025 1868 2067 cle-2

430 2082 603 2137 signant
625 2081 934 2137 turpitudinem
958 2081 1143 2136 aliquam
1175 2096 1260 2122 non
1285 2081 1478 2136 turpiter.
1540 2079 1617 2122 Est
1637 2089 1796 2132 autem,
1818 2089 1869 2123 ut.

430 2140 481 2180 ad
513 2139 614 2179 illud
649 2139 824 2179 tertium
857 2138 1041 2189 veniam,
1064 2148 1128 2179 est
1162 2139 1285 2193 plane
1314 2137 1495 2179 oratoris
1516 2152 1688 2179 movere
1708 2138 1867 2190 risum3

431 2196 495 2236 vel
520 2196 634 2250 quod
659 2196 751 2251 ipsa
770 2195 958 2235 hilaritas
984 2195 1317 2237 benivolentiam
1349 2194 1552 2236 conciliat
1572 2197 1626 2246 ei,
1649 2209 1724 2251 per
1739 2210 1868 2251 quem

430 2254 621 2294 excitata
652 2263 740 2294 est:
792 2251 855 2292 vel
894 2253 1009 2306 quod
1050 2252 1315 2295 admirantur
1356 2266 1523 2293 omnes
1545 2267 1740 2304 acumen,
1781 2267 1871 2295 uno

430 2325 543 2365 saepe
564 2310 603 2349 in
631 2311 759 2349 verbo
783 2308 987 2364 positum,
1007 2310 1195 2350 maxime
1213 2309 1523 2366 respondeum,
1545 2315 1868 2364 nonnumquam

428 2368 558 2407 etiam
582 2367 847 2417 lacessentis3
880 2366 943 2419 vel
962 2367 1075 2421 quod
1097 2366 1258 2423 frangit
1278 2366 1581 2418 adversarium,
1603 2367 1718 2422 quod
1734 2367 1871 2424 impe-

471 2512 504 2540 81
527 2512 690 2540 valler-tam
709 2520 729 2540 α
745 2510 896 2549 convii-u]
921 2510 1062 2541 collecta
1075 2522 1129 2542 ex·
1169 2510 1302 2542 terdum
1335 2511 1529 2542 distrahitur
1549 2511 1590 2542 ab
1614 2521 1666 2548 eo,
1695 2516 1732 2543 ut
1762 2521 1792 2542 c.
1818 2514 1871 2543 33.

428 2552 699 2592 primitGra-eum
713 2553 816 2595 ἔρανος.
842 2552 957 2592 Itaque
969 2562 1034 2582 non
1047 2564 1128 2594 opus
1172 2554 1265 2593 quasi
1283 2554 1404 2584 oratori
1418 2563 1524 2584 scena.
1548 2563 1576 2584 c.
1592 2556 1643 2584 84.
1665 2554 1759 2594 quasi
1773 2563 1805 2594 a.
1815 2563 1871 2594 pr.

430 2595 591 2631 conjicere
621 2596 773 2631 convii-is,
801 2595 887 2634 quod
908 2595 1037 2635 proprie
1063 2596 1129 2626 col—
1172 2606 1193 2628 α
1212 2597 1331 2635 nostris
1353 2605 1566 2626 secreveram.
1611 2595 1701 2636 Ergo
1724 2601 1759 2626 et
1781 2602 1872 2636 post-

431 2636 518 2666 lecta
533 2636 571 2665 fit
587 2647 606 2665 a
620 2636 776 2676 pluribus.
820 2637 908 2668 Nam
924 2637 1016 2679 ἔρανος
1031 2649 1050 2668 a
1065 2638 1130 2668 sin·
1174 2637 1252 2676 poni
1270 2643 1390 2677 potest.
1435 2638 1493 2668 Or.
1518 2637 1583 2674 111,
1609 2638 1657 2669 16.
1680 2639 1756 2668 bime
1777 2638 1873 2668 disci-

432 2678 518 2717 gulis
531 2678 666 2717 potitur.
1175 2680 1265 2711 dium
1283 2679 1368 2709 illud
1382 2680 1491 2710 extitit
1513 2680 1609 2720 quasi
1631 2681 1754 2719 linguae
1774 2684 1874 2719 atque

474 2722 514 2751 89
536 2720 654 2750 videt-ic
683 2719 904 2760 Democritus]
932 2719 1052 2761 Lepide
1075 2720 1133 2751 dat
1175 2722 1279 2751 cordis
1296 2733 1305 2750 .·
1329 2731 1403 2753 nam
1429 2723 1523 2762 quasi
1550 2722 1694 2762 pertinet
1716 2721 1758 2752 ad
1779 2721 1874 2752 disci·

432 2761 494 2791 hoc
522 2762 646 2801 negotii
671 2761 878 2799 Democrito,
907 2763 983 2804 quia
1005 2771 1133 2803 semper
1175 2764 1278 2793 dium.
1291 2762 1368 2793 Non
1382 2774 1459 2803 ergo
1475 2773 1604 2795 necesse
1617 2768 1679 2801 est,
1689 2773 1763 2795 cum
1777 2763 1873 2803 Pear-

434 2803 539 2834 risisse
554 2803 708 2834 traditur.
1177 2804 1228 2835 cio
1244 2805 1405 2844 corrigere
1427 2807 1520 2846 quasi
1540 2806 1643 2846 regio.
1684 2805 1745 2837 Est
1759 2810 1874 2849 tamer}

475 2847 514 2875 83
542 2846 632 2885 regio
645 2846 739 2885 quasi
753 2845 899 2886 ridiculi]
926 2846 1004 2876 Non
1026 2855 1135 2877 neces·
1176 2846 1269 2878 sicin
1284 2846 1348 2878 Ms.
1365 2847 1404 2881 E.
1692 2846 1696 2849 ⁷
1867 2844 1872 2848 ⁴

433 2888 519 2918 sario
533 2888 626 2927 quasi
639 2896 699 2918 suo
713 2887 810 2919 verbo
825 2889 1043 2930 praepouitur.
1080 2888 1135 2919 111.
