1945 3235
610 143 792 183 LIBER
819 143 1150 182 SECUNDUS.
1516 146 1593 185 367

147 248 204 290 sis
226 249 409 292 totidem
431 248 657 291 medicinae
677 255 982 304 opponuntur:
1015 256 1108 287 turn
1131 246 1447 303 &Gobjurgatim
1471 247 1504 288 si
1527 260 1592 288 est

146 308 407 360 auctoritas3
441 317 531 348 tum
569 306 824 355 admonitio,
863 303 985 359 quasi
1020 304 1156 344 lenior
1189 305 1464 359 objurgati03
1497 315 1590 345 tuin

148 366 391 419 promissio,
414 365 447 405 si
467 364 694 414 audierint,
712 364 990 419 probaturos:
1018 371 1109 402 tum
1126 360 1395 416 deprecat103
1419 364 1455 394 67
1472 362 1589 416 quod

146 432 211 462 est
232 422 445 472 infimum,
476 421 548 462 sed
581 434 907 474 nonnumquam
930 418 1048 459 utile.
1109 421 1148 449 88
1161 417 1292 458 Nullo
1325 428 1470 458 autem
1493 419 1679 460 1000340

145 479 241 535 plus
263 479 431 521 facetiae
455 490 650 534 prosunt,
671 488 715 518 et
736 477 944 526 celeritas,
967 486 1010 517 et
1041 477 1167 516 breve
1203 474 1376 529 aliquod
1408 475 1631 526 dictuin,}‘·
1654 477 1722 505 ΗΟ·

146 551 225 578 nec
248 537 339 578 sine
367 536 595 592 dignitate,
626 544 670 576 et
693 549 792 576 cum
813 534 972 590 lepore.
1035 532 1158 573 Nihil
1181 532 1296 572 enim
1329 541 1416 572 tam
1448 525 1628 583 t'acilef·

145 609 276 649 quam
311 593 557 644 multitudo,
590 607 616 632 a
648 591 838 642 tristitia,
868 600 912 632 et
945 605 1060 646 saepe
1095 590 1150 630 ab
1186 589 1436 639 acerbitate,
1471 604 1590 631 com-

146 652 288 702 mode,
310 666 360 692 ac
383 650 583 700 breviter,
605 658 649 690 et
670 659 810 700 acute,
832 659 876 689 et
897 649 1031 689 hilare
1053 648 1171 689 dicto
1193 647 1436 688 deducitur.

204 708 399 764 Exposui
419 707 522 757 fere,
544 716 591 747 ut
613 708 750 763 potui,
774 707 898 747 vobis
922 707 964 747 in
983 715 1166 760 utroque
1187 718 1344 760 genere
1366 719 1590 745 causarum
1607 702 1678 751 84.

145 781 243 822 quae
285 765 405 820 sequi
445 764 639 815 solerem,
684 780 781 820 quae
823 764 987 820 fugere,
1035 778 1132 818 quae
1173 772 1382 818 spectare,
1421 777 1591 817 quaque

145 822 322 865 omnino
346 824 389 863 in
412 823 552 863 causis
574 823 741 863 ratione
766 822 937 863 versari.
1000 821 1095 862 Nec
1125 819 1228 861 illud
1253 819 1427 860 tertium
1451 819 1592 860 89lau-
1604 827 1677 861 341

139 881 369 922 ,dationum
394 894 529 935 genus
552 890 617 921 est
638 879 828 930 difficile,
850 878 966 934 quod
998 893 1080 934 ego
1114 877 1241 918 initio
1274 878 1396 932 quasi
1429 892 1454 917 a
1483 892 1594 933 prae-

144 938 282 993 ceptis
315 938 472 978 nostris
506 952 793 979 secreveram:
828 937 901 978 sed
922 945 966 977 et
986 935 1141 991 90quia
1170 934 1307 975 multa
1335 944 1435 974 sunt
1463 935 1596 975 orati-

144 1010 277 1037 onum
316 1009 488 1052 genera,
521 1005 565 1036 et
598 995 812 1051 graviora,
854 1003 897 1035 et
936 993 1111 1048 majoris
1151 993 1306 1048 copiae,
1345 992 1398 1032 de
1437 992 1595 1047 quibus

143 1067 272 1094 nemo
304 1052 391 1094 fere
421 1053 691 1109 praeciperet,
721 1062 764 1093 et
793 1051 908 1107 quod
946 1066 1024 1092 nos
1059 1050 1379 1091 laudationibus
1414 1064 1501 1090 non
1535 1050 1596 1090 ita

143 1110 329 1152 multum
353 1111 415 1152 uti
436 1111 682 1160 soleremus,
707 1120 847 1151 totum
871 1110 986 1150 hunc
1009 1108 1289 1164 segregabam
1311 1107 1470 1148 locum.
1504 1106 1595 1163 Ipsi

143 1169 260 1209 enim
292 1168 455 1219 Graeci,
486 1169 622 1224 magis
659 1168 843 1224 legendi,
880 1176 923 1208 et
957 1165 1270 1215 delectationis,
1303 1174 1377 1205 aut
1406 1164 1596 1205 hominis

145 1226 328 1281 alicujus
348 1225 545 1276 ornandi,
567 1240 696 1281 quam
716 1225 915 1266 utilitatis
933 1223 1064 1278 hujus
1084 1221 1265 1264 forensis
1285 1237 1428 1271 causa,
1450 1222 1597 1263 lauda-

145 1283 284 1324 tiones
307 1283 684 1339 scriptitaverunt:
716 1297 901 1338 quorum
921 1290 1021 1322 sunt
1040 1280 1152 1330 libri,
1171 1280 1329 1335 quibus
1349 1279 1596 1321 Themisto-

144 1341 245 1392 cles,
274 1340 502 1391 Aristides,
535 1340 777 1397 Agesilaus,
812 1338 1150 1396 EpaminondaS,
1186 1337 1430 1393 Philippus,
1461 1337 1596 1378 Alex-

145 1399 277 1439 ander
298 1398 456 1454 aliique
476 1398 730 1440 laudantur:
764 1407 921 1438 nostrae
946 1396 1229 1444 laudationes,
1252 1396 1409 1450 quibus
1433 1395 1476 1434 in
1501 1394 1595 1436 foro

144 1456 320 1506 utimur,
342 1465 417 1497 aut
439 1456 678 1497 testimonii
714 1455 966 1496 brevitatem
996 1454 1160 1495 habent
1187 1453 1347 1494 nudam
1379 1461 1508 1508 atque
1532 1453 1596 1493 in-

143 1523 357 1563 ornatam,
388 1523 462 1555 aut
484 1513 730 1554 scribuntur
751 1513 805 1553 ad
828 1512 1053 1553 funebrem
1072 1511 1344 1560 concionem,
1367 1525 1464 1564 quae
1487 1513 1523 1544 9Ι
1541 1510 1595 1551 ad

145 1571 354 1613 orationis
388 1571 555 1612 laudem
591 1571 770 1611 minime
808 1569 1138 1611 accommodata
1174 1577 1254 1609 est.
1315 1567 1398 1609 Sed
1434 1577 1594 1619 tamen,

142 1629 350 1684 quoniam
372 1638 437 1670 est
460 1628 665 1669 utendum
685 1628 931 1683 aliquando,
953 1629 1314 1681 &nonnunquam
1337 1625 1467 1665 etiam
1491 1624 1595 1665 scri-

144 1686 350 1737 bendum,
373 1686 490 1728 velut
514 1685 564 1726 P.
587 1685 807 1727 Tuberoni
830 1685 1086 1726 Africanum
1117 1683 1378 1724 avunculum
1400 1681 1593 1722 laudanti

145 1744 318 1800 scripsit
341 1743 394 1785 C.
420 1743 592 1794 Laelius,
615 1743 681 1784 vel
710 1753 758 1784 ut
786 1743 1056 1798 nosmetipsi,
1089 1741 1270 1782 ornandi
1301 1754 1444 1790 causa,
1468 1739 1594 1781 Grae-

145 1816 296 1842 corum
318 1815 452 1852 more,
484 1801 517 1841 si
537 1816 644 1856 quos
664 1801 859 1850 velimus,
882 1801 1052 1841 laudare
1074 1800 1314 1855 possimus,
1347 1798 1402 1837 sit
1424 1812 1448 1837 a
1466 1797 1591 1838 nobis

145 1873 319 1914 quoque
343 1868 550 1900 tractatus
569 1859 603 1899 is
628 1859 761 1899 locus.
825 1858 1105 1914 Perspicuum
1130 1867 1195 1896 est
1218 1856 1365 1911 igitur,
1398 1855 1480 1895 alia
1501 1868 1679 1902 essegm

144 1916 190 1956 in
223 1915 400 1957 homine
436 1916 642 1973 optanda,
679 1916 763 1957 alia
796 1914 1024 1957 laudanda.
1085 1914 1251 1964 Genus,
1281 1913 1435 1962 forma,
1466 1912 1592 1963 vires,

142 1988 262 2029 ope5‚
292 1974 474 2025 divitiae,
505 1983 733 2028 ceteraque
754 1988 852 2028 quae
887 1973 1063 2014 fortuna
1091 1972 1180 2022 det,
1211 1979 1285 2012 aut
1307 1969 1592 2021 extrinsecus,

145 2042 221 2071 aut
241 2032 429 2088 corpori,
460 2046 546 2072 non
570 2030 733 2072 habent
762 2032 805 2072 in
840 2045 884 2071 se
916 2045 1059 2071 veram
1090 2029 1282 2080 laudem;
1315 2042 1411 2083 quae
1446 2027 1594 2068 deberi

145 2088 296 2130 virtuti
330 2090 404 2130 uni
434 2098 634 2145 putatur:
668 2089 739 2130 sed
771 2098 930 2139 tamen,
952 2087 1068 2144 quod
1099 2087 1193 2143 ipsa
1214 2087 1350 2126 virtus
1381 2085 1425 2125 in
1446 2099 1594 2126 earum

144 2159 286 2188 rerum
310 2162 387 2188 usu
407 2162 457 2188 ac
476 2147 771 2197 moderatione
788 2146 979 2187 maxime
995 2145 1199 2197 cernitur,
1218 2143 1444 2185 tractanda
1461 2144 1594 2184 etiam

178 2272 219 2303 86
233 2272 431 2313 objurgatio,
446 2273 473 2302 π’
489 2277 534 2302 est
549 2271 744 2311 auctoritas]
760 2272 848 2312 Qua-

145 2313 185 2345 lis
199 2320 250 2345 est
265 2316 334 2348 Cic.
353 2315 435 2346 Rab.
452 2315 545 2345 Perd.
563 2327 590 2345 c.
607 2316 637 2344 6.

189 2360 228 2391 87
244 2358 329 2397 quod
341 2363 387 2388 est
401 2357 568 2397 infimum]
583 2357 652 2388 Aut
667 2356 848 2387 remedium

145 2400 398 2439 intelligendum
423 2405 473 2430 est
496 2411 535 2430 ex
552 2400 649 2429 verbo
671 2399 846 2435 medicina,

143 2448 203 2473 aut
218 2443 258 2473 ad
286 2452 389 2481 genus
412 2447 522 2472 totum
543 2441 761 2472 referendum.
787 2442 848 2472 Ms.

146 2484 186 2515 E.
204 2486 386 2524 infirmum.
403 2494 433 2514 v.
451 2485 491 2515 ad
503 2485 561 2515 Or.
574 2486 607 2513 iu
624 2485 701 2514 fine.

188 2531 227 2558 88
252 2528 358 2558 Nullo
386 2532 499 2558 autem
528 2527 607 2566 loeo]
640 2528 694 2557 Sic
724 2525 849 2566 primus

145 2569 248 2600 Aldus
274 2570 391 2600 edidit:
416 2570 485 2603 sed.
515 2576 552 2600 ut
582 2570 714 2609 opinor,
740 2579 757 2598 t·
782 2568 846 2599 Ms.

145 2610 232 2642 Nam
249 2612 294 2641 sic
308 2619 359 2642 est
383 2613 418 2642 in
435 2612 708 2652 Erl.tSupe1·iores
724 2611 848 2641 habent

144 2656 316 2684 nonnullo:
339 2655 374 2685 in
388 2665 452 2694 quo
474 2656 500 2685 si
516 2660 566 2685 est
580 2654 704 2693 aliquid
722 2654 800 2689 veri,
816 2653 848 2683 id

147 2695 273 2726 factum
287 2701 338 2726 est
353 2707 371 2727 e
387 2698 465 2728 [Von
480 2699 559 2734 ullo,
578 2704 615 2727 ut
632 2707 740 2736 supra.

191 2742 231 2773 89
255 2739 484 2770 laudationum
506 2740 626 2778 genus]
656 2739 739 2769 Edd.
769 2743 847 2768 aute

149 2780 269 2810 Aldum
286 2782 494 2813 laudationis.
511 2784 556 2812 sie
570 2787 604 2812 et
622 2783 685 2812 Ms.
704 2782 743 2811 E.

189 2826 230 2856 90
241 2825 320 2862 quia
334 2827 441 2854 multa
455 2830 532 2855 snut
545 2835 573 2855 o.
584 2825 636 2864 g.]
655 2825 759 2855 Series
774 2833 847 2854 ora-

144 2866 246 2895 tionis
262 2867 400 2904 requirit
412 2872 526 2898 essent.

187 2911 220 2942 9]
250 2909 295 2938 ad
323 2910 479 2940 orationis
517 2908 662 2949 laudem]
694 2908 849 2950 Suspicor

891 2271 1100 2302 scribendum
1124 2280 1193 2301 esse
1217 2271 1263 2301 ad
1282 2269 1421 2300 oralorz's
1441 2269 1594 2299 laudem:

891 2314 1010 2344 saltem
1039 2315 1085 2344 sic
1115 2320 1165 2344 est
1193 2311 1458 2350 intelligendum.
1505 2311 1593 2341 Nam

891 2366 1004 2386 seusus
1016 2361 1081 2386 est:
1107 2366 1145 2386 ex
1166 2355 1371 2386 orationibus
1387 2354 1436 2384 vel
1453 2353 1594 2383 laudati-

891 2399 1020 2435 onibus,
1041 2408 1114 2437 quae
1140 2398 1174 2428 in
1197 2398 1367 2428 funeribus
1394 2396 1591 2432 habeantur,

893 2443 1016 2471 oratori
1033 2445 1249 2474 nontantam
1278 2439 1408 2470 laudem
1428 2448 1496 2468 esse
1520 2448 1592 2478 spe-

894 2484 1043 2520 modam,
1057 2487 1215 2523 quantam
1232 2494 1271 2513 ex
1286 2481 1502 2518 orationibus,
1518 2491 1592 2521 quae

893 2527 927 2556 in
944 2526 1014 2556 foro
1031 2533 1089 2556 aut
1103 2526 1136 2555 in
1152 2526 1242 2555 curia
1257 2525 1420 2555 dicautur.

934 2571 976 2602 9⁶2
998 2578 1233 2607 nonnunquam
1250 2568 1350 2597 eliam
1365 2565 1588 2605 scribendum]

891 2611 1044 2651 Suspicor
1058 2610 1213 2641 excidisse
1227 2610 1283 2639 ad.
1304 2611 1426 2639 Sensus
1450 2615 1516 2639 est:
1541 2609 1591 2638 in-

890 2654 1023 2684 terdum
1040 2653 1133 2683 nobis
1152 2658 1201 2683 est
1216 2651 1377 2683 utendum
1394 2651 1456 2681 hoc
1471 2660 1590 2690 genere

891 2697 991 2726 etiam
1019 2696 1059 2726 ad
1083 2694 1306 2732 scribendum,
1332 2703 1401 2724 nou
1427 2693 1525 2723 modo
1550 2694 1591 2723 ad

891 2738 1078 2768 dicendum.
1121 2737 1208 2768 Tum
1226 2738 1308 2767 illud
1324 2738 1375 2766 rel
1385 2740 1436 2772 ut,
1453 2745 1590 2776 proquo

889 2786 938 2810 est
955 2781 1056 2811 ctiam
1076 2780 1109 2810 in
1133 2780 1224 2811 libris
1248 2781 1348 2815 velut,
1372 2788 1439 2808 non
1461 2778 1588 2818 placet:

892 2823 1084 2862 videturque
1108 2825 1159 2853 vel
1182 2833 1200 2852 e
1227 2821 1447 2861 superioribus
1474 2820 1591 2860 repeti-

892 2871 976 2895 tum.
1323 2884 1327 2887 ,
1563 2870 1567 2885 ²
