1945 3235
388 136 464 173 558
964 134 1245 174 ORATOR.

301 244 376 283 193
389 238 579 289 audient,
602 236 656 280 ad
681 236 888 294 majorem
911 238 1239 281 admirationem
1265 238 1401 295 possit
1422 236 1658 282 traducere.
1715 237 1827 284 Tro·

387 297 558 338 chaeum
589 304 747 347 autem,
768 297 839 353 qui
873 305 939 338 est
969 297 1119 339 eodem
1155 296 1311 352 spati0‚
1333 311 1420 352 quo
1454 296 1652 349 choreus,
1674 299 1824 340 81001·-

387 354 539 395 dacem
560 368 616 410 ap
648 352 761 404 ellat,
782 354 885 410 quia
906 354 1146 396 contractio
1168 362 1213 395 et
1233 353 1420 395 brevitas
1450 353 1710 410 dignitatem
1737 368 1825 397 non

387 410 562 452 habeat.
619 369 692 453 {ta
712 426 866 467 paeona
888 413 1057 468 probat,
1079 425 1215 466 eoque
1247 411 1309 452 ait
1328 411 1392 452 uti
1415 425 1578 463 omnes,
1612 411 1684 453 sed
1707 410 1824 468 ipsos

389 483 476 510 non
505 469 676 519 sentire,
694 483 793 510 cum
817 478 1014 511 utantur:
1057 483 1148 510 esse
1180 477 1325 510 autem
1359 468 1534 510 tertium
1563 483 1614 510 ac
1635 468 1826 511 medium

391 527 505 568 inter
525 525 643 568 illos:
676 525 747 566 sed
773 526 831 566 ita
849 525 986 566 factos
1007 542 1079 567 eos
1103 526 1229 582 pedes
1249 539 1355 576 esse,
1378 534 1426 566 ut
1447 526 1540 567 82in
1563 525 1623 567 eis
1645 525 1825 582 singulis

394 583 548 625 modus
580 583 682 624 insit
713 591 788 623 aut
821 582 1081 640 sesquiplex,
1111 592 1185 624 aut
1215 582 1391 639 duplex,
1415 591 1490 623 aut
1521 597 1611 639 par.
1672 582 1827 639 Itaque

395 640 472 692 illi,
489 641 541 682 de
563 640 720 695 quibus
742 649 841 680 ante
861 639 970 692 dixi,
992 640 1291 681 tantummodo
1322 639 1643 682 commoditatis
1664 640 1827 682 habue-

309 708 384 744 194
399 707 498 739 runt
518 697 744 748 rationem,
767 696 926 739 nullam
948 697 1188 753 dignitatis.
1231 696 1406 739 Iambus
1426 699 1539 744 enim
1569 704 1612 739 et
1633 697 1830 754 dactylus

395 756 440 797 in
463 769 630 796 versum
648 754 810 796 cadunt
827 754 1030 806 maxime,
1050 755 1192 810 itaque
1210 765 1258 794 ut
1274 768 1442 797 versum
1461 755 1652 811 fugimus
1668 755 1712 796 in
1732 769 1828 798 ora-

394 814 526 862 tione,
543 811 603 853 sic
617 812 661 853 hi
676 821 776 853 sunt
787 812 976 854 evitandi
992 811 1231 853 continuati
1246 811 1390 867 pedes.
1420 811 1551 854 Aliud
1569 813 1684 854 enirn
1702 811 1828 868 quid-

391 871 491 911 dam
513 878 578 910 cst
599 871 753 921 oratio,
775 885 854 911 nec
876 869 1110 925 quidquam
1129 869 1360 921 inimicius,
1382 883 1511 925 quam
1530 869 1601 911 illa
1617 870 1827 912 versibus.

394 927 528 969 Paeon
543 936 688 968 autem
704 927 881 969 minime
893 935 958 968 est
971 936 1096 983 aptus
1110 926 1161 967 ad
1177 941 1369 968 versum:
1402 941 1488 982 quo
1505 925 1709 969 libentius
1727 942 1826 970 eum

390 985 556 1042 recepit
576 985 730 1026 oratio.
790 984 989 1041 Ephorus
1019 999 1119 1026 vero
1149 999 1203 1026 ne
1223 984 1461 1040 spondeum
1484 983 1673 1039 quidem,
1696 999 1826 1040 quem

391 1042 521 1099 fugit,
544 1041 747 1098 intelligit
767 1038 858 1084 esse
877 1042 1086 1098 aequalem
1107 1041 1294 1097 dactylo,
1308 1056 1436 1097 quem
1459 1042 1629 1097 probat.
1651 1041 1825 1097 syllabis

391 1101 506 1142 enim
524 1100 764 1142 metiendos
782 1100 924 1157 pedeS,
941 1114 1028 1141 non
1051 1098 1299 1151 intervallis,
1312 1099 1555 1141 existimat:
1579 1099 1694 1154 quod
1710 1099 1825 1141 idem

391 1157 498 1199 facit
540 1157 583 1198 in
625 1157 831 1209 trochaeo‚
868 1157 941 1212 qui
984 1157 1250 1213 temporibus
1284 1164 1328 1197 et
1369 1155 1601 1198 intervallis
1644 1164 1709 1198 est
1750 1170 1827 1213 par

390 1215 562 1257 iambo:
597 1215 668 1256 sed
702 1230 754 1256 eo
784 1215 963 1256 vitiosus
994 1214 1037 1256 in
1073 1214 1282 1264 oratione,
1313 1214 1349 1254 si
1382 1222 1567 1270 ponatur
1591 1222 1826 1266 extremus,

391 1273 508 1328 quod
540 1273 672 1314 verba
704 1273 855 1314 melius
889 1272 932 1313 in
971 1271 1154 1328 syllabas
1187 1271 1402 1327 longiores
1440 1271 1616 1312 cadunt.
1682 1270 1829 1327 Atque

390 1330 502 1382 haec,
535 1345 632 1385 quae
675 1340 775 1371 sunt
805 1330 919 1386 apud
950 1329 1243 1381 Aristotelem,
1284 1329 1433 1370 eadem
1463 1343 1489 1369 a
1524 1327 1827 1385 Theophrasto

305 1392 378 1427 195
390 1387 722 1443 Theodecteque
743 1387 795 1428 de
817 1401 968 1443 paeone
983 1387 1199 1428 dicuntur.
1238 1385 1333 1442 Ego
1346 1394 1488 1427 autem
1504 1386 1659 1437 sentio,
1675 1400 1824 1428 omnes

389 1446 434 1487 in
455 1445 649 1486 oratione
671 1448 811 1486 33esse
842 1444 963 1499 quasi
993 1445 1220 1500 permistos
1246 1453 1290 1484 et
1324 1442 1527 1485 confusos
1560 1444 1711 1500 pedes:
1745 1457 1825 1486 nec

389 1503 503 1544 enim
526 1499 717 1558 effugere
738 1516 957 1558 possemus
979 1500 1409 1551 animadversionem,
1429 1500 1461 1540 si
1485 1515 1653 1557 semper
1674 1501 1827 1542 iisdem

389 1569 630 1610 uteremur3
662 1559 764 1614 quia
785 1573 922 1613 neque
944 1572 1172 1599 numerosa
1192 1571 1296 1607 esse,
1320 1567 1367 1599 ut
1389 1557 1559 1614 po'ema,
1591 1571 1729 1613 neque
1751 1572 1829 1599 ex-

390 1627 454 1658 tra
472 1631 711 1667 numerum,
730 1626 776 1657 ut
798 1630 936 1657 sermo
959 1618 1000 1647 84
1012 1615 1144 1672 vulgi,
1163 1629 1254 1656 esse
1271 1614 1401 1656 debet
1416 1614 1569 1655 oratio.
1629 1615 1826 1656 Alterum

388 1675 516 1716 nimis
534 1684 598 1715 est
612 1674 822 1726 vinctum,
840 1683 886 1714 ut
899 1674 950 1715 de
970 1673 1179 1714 industria
1201 1671 1364 1713 factum
1386 1679 1615 1728 appareat:
1648 1671 1828 1716 alterum

387 1731 518 1773 nimis
538 1730 810 1782 dissolutum,
827 1740 874 1772 ut
897 1740 1178 1788 pervagatum
1194 1744 1244 1771 ac
1266 1729 1440 1785 vulgare
1462 1729 1676 1771 videatur:
1708 1738 1756 1770 ut
1774 1731 1828 1771 ab

305 1800 377 1836 196
391 1790 524 1831 altero
554 1804 640 1830 non
674 1789 899 1840 delectere,
934 1789 1115 1829 alterum
1148 1787 1304 1829 oderis.
1366 1787 1432 1828 Sit
1457 1786 1590 1843 igitur
1611 1791 1678 1840 (ut
1700 1802 1830 1843 supra.

390 1847 502 1899 dixi)
534 1847 740 1904 permista
777 1855 820 1888 et
856 1854 1094 1902 temperata
1133 1844 1336 1896 numeris,
1375 1859 1454 1885 nec
1496 1843 1716 1896 dissoluta,
1748 1858 1829 1886 nec

389 1914 484 1946 tota
517 1919 759 1955 numerosa,
793 1918 946 1961 paeone
976 1904 1167 1945 maxime
1200 1902 1425 1958 (quoniam
1454 1900 1645 1958 optimus
1677 1910 1829 1944 auctor

387 1962 450 2004 ita
481 1964 660 2015 censet),
683 1961 756 2003 sed
785 1961 958 2018 reliquis
990 1962 1122 2003 etiam
1151 1959 1355 2013 numeris,
1377 1973 1485 2015 quos
1517 1957 1587 2000 ille
1620 1959 1828 2016 praeterit,

389 2028 644 2076 temperata.

303 2080 375 2130 58
446 2078 569 2125 Quos
599 2085 744 2119 autem
765 2091 980 2127 numeros,
1011 2091 1110 2117 cum
1132 2075 1304 2130 quibus,
1336 2082 1556 2130 tamquam
1578 2087 1828 2130 purpuram,

388 2136 558 2177 misceri
587 2143 800 2192 oporteat,
833 2148 948 2175 nunc
979 2133 1210 2175 dicendum
1240 2140 1319 2183 est,
1349 2140 1479 2186 atque
1508 2130 1639 2171 etiam
1669 2131 1832 2187 quibus.

387 2193 594 2234 orationis
614 2191 843 2248 generibus
866 2194 905 2224 85
920 2191 1005 2232 siut
1021 2191 1180 2246 quique
1199 2187 1651 2230 accommodatissimi.
1712 2187 1828 2230 Iam-

388 2250 468 2292 bus
490 2250 605 2291 enim
628 2249 999 2305 frequentissimus
1021 2256 1086 2289 est
1107 2249 1150 2289 in
1175 2247 1241 2298 iis,
1263 2261 1359 2302 quae
1382 2245 1568 2286 demisso
1599 2253 1729 2300 atque
1748 2245 1829 2287 hu-

302 2322 376 2362 197
389 2307 478 2349 mili
522 2321 716 2349 sermone
748 2306 966 2348 dicuntur.
1028 2305 1161 2347 Paeon
1197 2312 1341 2346 autem
1373 2304 1416 2344 in
1448 2302 1751 2358 amplioribus:
1783 2302 1829 2344 in

388 2374 572 2421 utroque
593 2363 803 2420 dactyluS.
836 2364 897 2405 ita
918 2363 962 2405 in
984 2362 1101 2404 varia
1126 2371 1170 2404 et
1199 2370 1408 2418 perpetua
1438 2360 1633 2401 oratione
1656 2359 1699 2401 hi
1727 2367 1829 2400 sunt

384 2422 498 2464 inter
517 2437 560 2464 se
580 2421 788 2464 miscendi
811 2433 855 2463 et
876 2420 1159 2478 temperandi.
1182 2420 1243 2461 sic
1265 2418 1443 2460 minime
1464 2417 1830 2458 animadvertetur

425 2552 462 2580 81
489 2547 670 2588 cordacem]
688 2557 721 2577 v.
738 2546 830 2578 Clav.
1125 2543 1158 2574 Si
1174 2543 1327 2584 repetitio
1341 2542 1428 2574 verbi
1445 2551 1510 2572 esse
1523 2540 1687 2582 displicet,
1703 2551 1763 2582 per
1773 2551 1829 2573 me

426 2594 468 2623 82
494 2592 586 2621 ineis
604 2589 758 2629 singulis]
784 2589 848 2620 Eis
866 2588 1008 2618 libenter
1027 2586 1083 2618 de·
1124 2585 1284 2617 deleatur.
1331 2585 1375 2616 Et
1397 2585 1487 2615 abest
1509 2584 1550 2613 ab
1565 2584 1616 2614 ed.
1638 2583 1730 2625 Lips.
1751 2593 1828 2625 quoe

383 2633 519 2666 leverim
533 2644 542 2664 ι
569 2643 646 2663 nam
659 2637 693 2663 et
709 2642 765 2672 per
779 2641 812 2662 se
825 2630 1008 2670 elegantius
1017 2634 1081 2667 est,
1124 2628 1236 2666 habet,
1252 2632 1290 2659 ut
1301 2638 1326 2658 s.
1342 2628 1447 2666 vulgi,
1470 2625 1558 2657 debet
1570 2636 1616 2656 or.

383 2681 419 2708 et
431 2686 506 2707 mox
519 2675 672 2716 praecedit
686 2684 748 2705 eos.
1167 2673 1206 2702 85
1229 2672 1294 2701 sint
1319 2671 1434 2710 quique
1457 2667 1540 2707 aea]
1564 2668 1674 2708 Vulgo
1698 2669 1826 2708 cuique,

427 2721 468 2750 83
490 2728 555 2748 esse
567 2727 596 2757 q.
613 2714 800 2756 permistos]
815 2715 882 2745 Aut
897 2714 1081 2745 addendum
1124 2713 1212 2753 quod
1228 2713 1379 2742 vitiosum
1403 2720 1471 2741 esse
1491 2711 1559 2751 ipse
1581 2711 1665 2742 sensi
1682 2709 1776 2748 olim,
1791 2714 1827 2741 et

382 2765 445 2799 est,
461 2766 520 2792 aut
533 2758 784 2799 intelligendum
799 2758 921 2787 dehere.
1123 2756 1241 2795 quique
1262 2753 1502 2794 reponendum:
1527 2751 1559 2782 id
1581 2752 1696 2783 deinde
1719 2753 1826 2793 reperi

426 2806 465 2835 84
479 2803 584 2841 vulgi,
597 2811 662 2832 esse
671 2801 760 2831 debet
775 2799 836 2839 or.]
855 2809 919 2829 esse
934 2798 1082 2838 rescripsi
1124 2797 1157 2826 in
1170 2797 1232 2828 Ms.
1248 2797 1316 2827 Vit.
1332 2795 1402 2826 edd.
1426 2805 1474 2836 pr.
1489 2796 1590 2825 etiam
1605 2795 1693 2826 Vict.
1704 2794 1824 2826 Lamb-

383 2856 423 2876 εκ
443 2845 492 2876 ed.
518 2845 601 2875 Ven.
619 2843 707 2874 Med.
722 2852 781 2882 pro
803 2846 860 2878 est,
876 2840 962 2879 quod
981 2840 1082 2871 Aldus
1129 2838 1430 2879 Cuiqueestvitium
1441 2837 1728 2880 typographicum,
1736 2835 1824 2880 quod

383 2887 486 2926 dedit,
513 2887 676 2926 efficitque
696 2885 861 2916 duriorem
887 2883 1081 2914 orationem.
1125 2888 1249 2913 temere
1266 2881 1444 2923 repetitum
1457 2883 1520 2912 est,
