1945 3235
655 125 939 167 ORATOR.
1436 129 1517 166 559

67 231 369 276 delectationis
398 231 647 289 aucupium,
677 241 719 273 et
743 228 1004 287 quadrandae
1035 228 1244 271 orationis
1278 228 1512 272 industria:

66 298 165 346 quae
179 291 331 332 latebit
344 306 396 332 eo
412 292 563 347 magiS,
577 290 611 331 si
625 299 668 331 et
682 291 908 331 verborum
922 296 966 328 et
979 288 1289 328 sententiarum
1312 287 1513 344 ponderi·

67 348 148 389 bus
172 359 356 390 utemur.
418 348 532 389 Nam
551 348 625 403 qui
648 347 843 396 audiunt,
862 345 958 386 hoec
981 345 1068 385 duo
1090 344 1514 394 animadvertunt,et

60 404 259 460 jucunda
289 406 372 447 sibi
401 414 593 456 censent,
616 405 745 445 verba
766 403 864 443 dico
888 414 930 443 et
953 401 1211 443 sententias:
1243 415 1377 456 eaque
1406 402 1512 444 dum

67 463 224 504 animis
254 463 430 504 attentis
463 463 722 504 admirantes
755 460 996 515 excipiunt,
1027 458 1142 515 fugit
1163 472 1236 498 eos
1268 469 1311 498 et
1333 468 1510 513 praeter-

67 520 185 562 volat
207 535 431 562 numerus:
464 520 536 575 qui
574 529 714 559 tamen
736 517 770 558 si
805 519 986 568 abesset,
1008 517 1079 557 illa
1111 517 1203 572 ipsa
1231 514 1507 558 delectarent.

71 577 167 620 Nec
201 593 301 619 vero
337 578 377 609 36
391 577 546 617 nimius
580 576 613 616 is
647 590 795 616 cursus
834 586 897 616 est
937 572 1269 629 [numeroruni]‚
1302 572 1508 614 orationis
1526 577 1600 613 198

68 634 167 676 dico
189 639 308 688 (nam
341 644 404 675 est
439 633 566 689 longe
593 633 715 674 ahter
741 633 785 673 in
820 633 1048 682 versibus),
1078 630 1185 671 nihil
1207 640 1255 670 ut
1281 629 1357 670 fiat
1385 639 1510 670 extra
1524 625 1554 657 b.

68 693 243 733 modum
262 709 271 733 :
302 705 403 732 nam
423 690 464 731 id
486 690 661 746 quidem
683 700 792 731 esset
816 690 993 747 poema:
1026 688 1099 730 sed
1117 687 1272 739 omnis,
1295 702 1373 728 nec
1394 687 1511 728 clau-

67 749 231 798 dicans,
253 755 332 789 nec
355 748 474 803 quasi
511 748 740 799 fluctuans,
763 758 806 789 et
837 747 1060 804 aequaliter
1090 755 1424 800 constanterque
1446 745 1511 786 in-

67 805 281 863 grediens,
319 819 548 846 numerosa
577 805 758 846 habetur
790 806 945 847 oratio.
1004 804 1151 859 Atque
1184 802 1226 844 id
1261 803 1303 843 in
1326 802 1511 844 dicendo

67 877 345 904 numerosum
367 871 556 919 putatur,
577 877 664 904 non
681 862 796 919 quod
816 872 956 904 totum
971 870 1143 903 constat
1164 875 1188 901 e
1210 860 1413 910 numeris,
1436 859 1511 901 sed

66 920 183 976 quod
206 921 259 962 ad
284 935 483 962 numeros
507 921 704 977 proxime
725 921 916 963 accedit:
948 934 1035 976 quo
1057 920 1186 960 etiam
1209 917 1428 959 difficilius
1446 925 1511 959 est

67 979 265 1020 oratione
299 980 376 1030 uti,
410 993 540 1034 quam
574 979 787 1020 versibus:
821 978 936 1034 quod
970 977 1052 1018 illis
1084 986 1202 1018 certa
1230 976 1430 1031 quaedam
1466 983 1512 1016 et

66 1035 248 1077 definita
277 1036 345 1078 lex
377 1046 456 1087 est,
477 1050 607 1092 quam
625 1036 744 1092 sequi
776 1036 832 1077 sit
862 1049 1061 1077 necesse:
1094 1035 1138 1075 in
1159 1033 1343 1074 dicendo
1365 1043 1510 1075 autem

69 1093 180 1135 nihil
211 1104 274 1135 est
308 1094 593 1151 propositum,
616 1094 698 1134 nisi
722 1102 795 1134 aut
816 1108 870 1134 ne
894 1093 1192 1142 immoderata,
1214 1101 1289 1132 aut
1310 1100 1511 1147 angusta,

69 1160 143 1192 aut
174 1151 395 1202 dissoluta,
417 1161 491 1193 aut
517 1152 655 1192 fluens
678 1151 733 1192 sit
755 1151 909 1193 oratio.
971 1150 1124 1206 Itaque
1147 1164 1233 1190 non
1264 1157 1363 1190 sunt
1395 1149 1436 1189 in
1456 1162 1512 1190 ea

70 1216 276 1264 tanquam
297 1209 466 1251 tibicini
490 1208 814 1266 percussionum
838 1209 970 1259 modi,
989 1209 1060 1250 sed
1088 1208 1285 1249 universa
1314 1220 1513 1263 compre-

72 1265 223 1308 hensio
245 1276 288 1307 et
322 1267 484 1324 species
517 1266 723 1308 orationis
759 1266 904 1308 clausa
935 1277 980 1308 et
1013 1266 1243 1308 terminata
1277 1273 1362 1306 est:
1394 1263 1514 1320 quod

72 1323 296 1381 voluptate
315 1325 481 1366 aurium
494 1324 734 1380 judicatur.

129 1381 249 1423 Solet
279 1391 424 1423 autem
453 1383 604 1437 quat-ri,
638 1390 788 1423 totone
810 1380 854 1422 in
887 1381 1055 1422 ambitu
1085 1381 1314 1422 verborum
1345 1378 1511 1422 numeri
1527 1375 1601 1434 59

70 1439 244 1480 tenendi
263 1440 363 1491 sint,
382 1455 434 1480 an
458 1440 500 1480 in
522 1440 670 1496 primis
693 1438 903 1496 partibus,
925 1449 1055 1494 atque
1077 1438 1121 1479 in
1143 1439 1363 1480 extremis.
1418 1437 1513 1478 Ple·
1530 1449 1606 1486 199

69 1497 192 1552 rique
213 1496 328 1538 enim
357 1508 534 1539 censent
555 1498 706 1539 cadere
729 1506 896 1538 tantum
930 1511 1158 1538 numerose
1193 1506 1410 1553 oportere,
1431 1505 1517 1536 ter-

70 1555 314 1610 minarique
345 1555 618 1596 sententiam.
680 1553 759 1595 Est
790 1564 949 1605 autem,
973 1563 1022 1595 ut
1054 1554 1096 1595 id
1132 1555 1322 1595 maxime
1352 1554 1520 1604 deceat,

70 1626 157 1653 nori
193 1611 237 1653 id
268 1613 422 1653 solum.
455 1612 680 1669 ponendus
712 1622 777 1653 est
806 1613 920 1653 enim
953 1612 1023 1653 ille
1054 1612 1259 1664 ambitus,
1289 1627 1377 1653 non
1408 1611 1521 1666 abji-

75 1669 269 1711 ciendus.
332 1670 477 1716 Quare
507 1684 606 1711 cum
628 1684 752 1711 aures
783 1679 1027 1711 extremum
1058 1684 1227 1726 semper
1248 1677 1519 1726 exspectent,

72 1727 118 1768 in
140 1740 278 1782 eoque
296 1728 587 1783 acquiescant,
609 1727 653 1769 id
675 1742 826 1769 vacare
848 1742 1029 1769 numero
1052 1742 1138 1768 non
1162 1737 1358 1785 oportet:
1390 1729 1429 1761 87
1444 1726 1521 1768 sed

72 1784 126 1826 ad
149 1784 264 1826 hunc
282 1786 449 1826 exitum
474 1796 614 1827 tamen
638 1801 663 1827 a
685 1786 899 1842 principio
919 1785 1018 1826 ferri
1045 1785 1175 1827 debet
1199 1787 1425 1827 verborum
1446 1784 1520 1826 illa

74 1843 419 1898 comprehensio,
441 1853 484 1885 et
507 1854 599 1884 tota
624 1858 650 1885 a
677 1843 821 1900 capite
855 1844 916 1884 ita
949 1844 1096 1894 fluere,
1127 1851 1175 1884 ut
1196 1844 1249 1884 ad
1272 1854 1516 1885 extremum

74 1901 252 1942 veniens
271 1900 365 1956 ipsa
386 1901 608 1943 consistat.
672 1900 721 1943 Id
744 1910 887 1942 autern
910 1901 1023 1942 bona
1052 1901 1283 1958 disciplina
1304 1901 1516 1942 exercita·
1527 1911 1607 1946 200

73 1958 145 2009 tis,
167 1958 241 2014 qui
259 1969 304 1999 et
324 1959 460 1999 multa
480 1960 741 2015 scripserint,
764 1968 807 2000 et
829 1973 1116 2015 quaecumque
1137 1959 1269 2000 etiam
1301 1959 1393 2000 sine
1414 1958 1519 1999 scri-

74 2026 153 2115 pto
184 2016 392 2068 dicerent,
416 2017 571 2065 similia
593 2018 851 2073 scriptorum
874 2016 1112 2068 effecerint,
1134 2032 1220 2058 non
1244 2016 1326 2058 erit
1347 2015 1521 2058 difficil-

92 2073 242 2115 imum.
313 2073 430 2115 Ante
450 2075 566 2116 enim
588 2074 958 2117 circumscribitur
983 2084 1126 2116 mente
1156 2076 1385 2126 sententia,
1416 2088 1522 2115 con·

75 2130 308 2187 festimque
323 2133 453 2173 verba
471 2143 754 2174 concurrunt:
787 2148 883 2189 quae
909 2146 1027 2173 mens
1047 2132 1212 2184 eadem,
1226 2147 1311 2188 qua
1332 2131 1441 2173 nihil
1456 2139 1523 2173 est

76 2188 273 2240 celerius,
292 2190 438 2230 statim
470 2190 667 2242 dimittit,
699 2200 744 2231 ut
774 2205 852 2231 sno
874 2191 1077 2245 quodque
1107 2190 1204 2232 loco
1236 2190 1521 2247 respondeat:

77 2261 261 2303 quorum
283 2247 524 2304 descriptus
543 2248 648 2289 ordo
670 2248 773 2289 alias
795 2248 878 2289 alia
900 2249 1204 2289 terminatione
1225 2247 1521 2290 concluditur:

74 2314 205 2360 atque
238 2305 385 2346 omnia
413 2306 485 2346 illa
506 2316 548 2346 et
581 2305 718 2361 prima
740 2313 783 2347 et
814 2306 955 2347 media
977 2307 1108 2347 verba
1137 2315 1332 2362 spectare
1362 2305 1524 2347 debent

76 2362 131 2404 ad
157 2362 370 2403 ultimum.
432 2362 654 2404 Interdum
677 2363 791 2404 enirn
811 2378 960 2405 cursus
981 2374 1046 2405 est
1067 2364 1112 2405 in
1143 2364 1339 2404 oratione
1371 2363 1523 2403 incita·
1534 2371 1609 2406 201

79 2420 178 2470 tior,
209 2420 424 2462 interdum
463 2421 684 2462 moderata
716 2421 952 2477 ingressio:
988 2431 1031 2462 ut
1047 2421 1143 2477 jam
1165 2437 1189 2462 a
1212 2419 1428 2477 principio
1460 2419 1525 2461 vi-

77 2477 266 2518 dendum
289 2478 359 2529 sit,
381 2478 746 2533 quemadmodum
771 2479 873 2520 velis
905 2479 1049 2520 venire
1071 2479 1125 2520 ad
1156 2489 1415 2519 extremum.
1446 2492 1528 2518 nec

79 2534 125 2576 in
154 2537 342 2578 numeris
373 2537 529 2593 magis,
563 2551 694 2592 quam
727 2537 771 2578 in
800 2537 975 2593 reliquis
1008 2536 1273 2578 ornamentis
1303 2535 1529 2586 orationis,

122 2681 163 2712 86
183 2681 306 2712 nimius
320 2682 347 2711 is
360 2691 476 2712 cursus
490 2687 536 2712 est
550 2682 778 2722 numerorum]
824 2684 869 2713 tis
888 2682 995 2719 video,
1020 2692 1120 2722 quare
1148 2687 1259 2714 tamen
1281 2681 1314 2713 h.
1336 2680 1359 2712 l.
1382 2683 1438 2712 sit.
1480 2682 1534 2713 An

82 2723 313 2755 Numerorum
338 2725 431 2755 uncis
457 2725 598 2763 inclusi;
622 2731 672 2755 est
693 2726 783 2756 enim
827 2726 943 2756 Cicero
971 2726 1118 2765 scripsit:
1133 2724 1214 2766 jam
1236 2725 1313 2756 inde
1334 2734 1357 2755 a
1376 2734 1432 2764 pr.
1479 2726 1532 2755 Sic

81 2766 239 2796 alienum.
264 2775 340 2796 nam
363 2768 493 2797 numeri
516 2777 582 2798 non
598 2774 737 2798 currunt
751 2772 785 2797 et
827 2767 915 2798 infra
937 2768 1049 2807 paullo
1065 2773 1152 2808 post,
1175 2766 1298 2808 utjam
1320 2777 1408 2807 apr.
1426 2767 1461 2797 in
1480 2778 1534 2798 ea.

82 2808 254 2845 labuntur,
277 2808 333 2839 sed
357 2811 477 2847 oratio,
499 2810 586 2850 quod
609 2818 643 2840 et
668 2810 788 2841 diserte
831 2809 904 2840 dem
920 2811 1098 2841 sententia.
1143 2811 1182 2841 In
1208 2810 1356 2849 marg-ine
1373 2810 1425 2840 ed.
1441 2810 1531 2850 Lips.

83 2850 228 2887 additur,
242 2855 276 2880 et
291 2851 398 2883 verba.
830 2857 882 2882 est
897 2853 986 2885 varia
997 2853 1097 2885 lectio
1111 2857 1195 2890 tam,
1210 2858 1245 2884 et
1266 2862 1326 2893 pro
1343 2853 1536 2894 conjectura

126 2895 165 2927 87
180 2894 238 2924 sed
247 2894 293 2925 ad
305 2895 337 2926 Ιι.
352 2905 381 2926 e.
398 2898 511 2926 tamen
521 2905 543 2926 a
550 2895 621 2936 Ρη]
649 2895 725 2927 Non
738 2904 789 2927 sa-
831 2896 943 2925 etiam.
