1914 3220
0 2158 3 2175 P

684 122 1081 167 PRAEFATIO.
1557 120 1601 164 lv

151 225 248 282 ejus
269 225 463 284 epistolis
484 225 754 284 intelligitur,
776 244 817 271 v.
840 245 878 271 c.
898 236 969 272 44.
996 234 1090 272 105.
1127 232 1220 270 130.
1251 226 1447 283 aliisque,
1468 234 1517 269 ut
1546 225 1599 268 li-

151 294 218 335 bri
252 304 416 336 veteres
445 295 582 347 latini,
604 297 715 337 eruti
738 297 943 353 undique,
966 296 1048 338 sibi
1082 303 1283 339 accurate
1305 295 1598 337 describeren-

150 369 234 404 tur.
295 361 347 403 In
366 362 447 414 his,
461 377 645 418 quorum
665 364 710 405 in
728 380 778 406 ea
794 380 839 406 re
860 379 993 421 opera
1009 366 1225 417 utebatur,
1243 364 1327 405 fuit
1347 363 1420 403 hic
1435 361 1600 418 Ayrar-

149 430 238 483 dus,
259 445 387 487 quem
412 430 684 473 Monachum
706 432 1048 476 Auriliacensem
1079 433 1226 485 fuisse,
1258 431 1406 487 colligi
1429 430 1600 471 videtur

150 513 277 555 posse
305 513 360 539 ex
394 499 578 555 epistola
597 500 806 543 Silvestri
842 508 907 548 17.
939 502 983 543 in
1016 516 1102 558 qua
1130 502 1185 543 ad
1220 501 1314 557 ejus
1349 498 1600 541 monasterii

149 566 370 610 Abbatem
396 566 624 610 Geraldum
645 569 707 610 ita
728 571 886 611 scribit
901 570 954 612 de
975 569 1186 627 Αφυνᾱο,
1209 580 1258 611 ut
1276 568 1461 610 Vestrum
1482 566 1602 608 dicat

150 634 405 692 Ayrardum.

205 702 294 744 Hic
316 717 421 760 ergo
445 712 578 746 tantae
603 705 830 747 vetustatis
856 704 1027 758 Codex,
1049 720 1136 761 qua
1158 705 1341 747 fortasse
1371 704 1512 746 nullus
1543 718 1600 746 ex

147 771 199 814 iis
223 770 322 822 fuit,
343 772 501 827 quibus
525 773 591 814 usi
622 782 723 814 sunt
745 774 824 815 viri
857 774 977 816 docti
1011 773 1052 814 in
1090 774 1175 815 hoc
1210 773 1436 815 Ciceronis
1469 777 1605 830 opere*

145 839 415 895 castigando,
436 841 732 897 suppeditavit
749 842 875 884 nobis
894 842 1102 884 lectiones
1126 843 1278 894 bonas,
1294 842 1426 883 etiam
1448 857 1601 893 novas,

146 907 308 963 quibus
336 908 508 950 bonitas
530 909 629 951 libri
648 909 838 966 judicari
862 918 1021 967 potest.
1086 909 1141 952 L.
1162 910 1204 962 I,
1226 916 1297 952 22.
1318 911 1451 952 hodie
1473 918 1539 951 est
1557 911 1603 951 in

142 975 279 1028 libris,
300 983 348 1018 ut
369 977 490 1019 estin
512 978 771 1020 cretionibus.
833 978 947 1021 Haec
976 978 1106 1020 lectio
1139 979 1320 1020 debetur
1345 978 1396 1020 P.
1423 977 1600 1020 Victorii

135 1044 325 1103 judicio,
348 1047 422 1102 qui
446 1061 501 1088 ex
528 1061 573 1089 re
598 1047 844 1103 judicabat,
872 1048 934 1089 sic
966 1061 1058 1089 esse
1087 1048 1298 1104 scriptum
1319 1063 1345 1089 a
1368 1047 1597 1098 Cicerone,

144 1128 244 1155 cum
267 1113 312 1154 in
335 1114 432 1156 edd.
464 1124 508 1157 et
530 1116 701 1172 scriptis
725 1115 928 1157 omnibus
960 1124 1072 1157 esset
1102 1116 1170 1157 vel
1201 1116 1503 1173 cognitionibus
1531 1117 1601 1158 vel

145 1181 479 1238 cogitationibus.
557 1184 642 1225 Sed
663 1183 737 1225 hic
760 1183 1047 1226 Gerbertinus
1078 1184 1188 1225 liber
1208 1184 1343 1226 habet
1364 1184 1491 1240 plane
1514 1199 1600 1226 cre-

147 1249 452 1292 tionibus.-L.
476 1250 548 1303 II,
579 1267 616 1294 c.
651 1258 715 1294 14.
749 1261 798 1293 ut
826 1252 1017 1309 primum
1045 1253 1229 1310 legimus
1259 1254 1414 1294 verba:
1457 1253 1603 1305 sentio,

145 1323 370 1365 orationem
399 1334 529 1361 meam
549 1318 715 1362 illorum
737 1320 975 1375 (librorum)
993 1328 1118 1363 canta
1140 1321 1256 1378 quasi
1276 1321 1476 1363 colorari:
1507 1337 1604 1364 ver-

145 1393 251 1434 bum
281 1396 420 1441 cantu,
443 1389 488 1430 in
507 1404 594 1445 quo
615 1389 835 1431 neminem
870 1389 1048 1432 haesisse
1072 1390 1274 1442 vidimus,
1306 1390 1512 1432 vitiosum
1527 1391 1605 1447 ju-

146 1459 403 1509 dicavimus,
434 1458 551 1513 quod
584 1457 629 1499 id
659 1472 759 1500 cum
792 1457 974 1500 colorare
1005 1458 1124 1500 nullo
1157 1459 1288 1500 modo
1320 1460 1602 1506 consentiret.

145 1527 420 1578 Putavimus,
443 1526 750 1582 corrigendum
773 1541 865 1567 esse
896 1533 1112 1569 contacta.-
1144 1527 1251 1569 alius
1283 1527 1337 1569 de
1368 1528 1603 1585 disciplina

142 1604 292 1639 nostra
312 1595 465 1637 melius
489 1601 618 1636 tactu.
680 1594 731 1636 Id
762 1604 826 1636 est
858 1595 903 1637 in
933 1595 1018 1637 hoc
1042 1595 1208 1638 Codice
1230 1599 1310 1638 Sto.
1371 1596 1519 1653 Atque
1551 1607 1602 1641 ut

144 1665 214 1706 ille
234 1665 344 1706 liber
371 1663 499 1705 nobis
521 1663 730 1705 lectiones
750 1678 882 1705 novas
907 1665 1219 1721 suppeditavit,
1243 1665 1305 1707 sic
1336 1676 1500 1708 veteres
1522 1667 1602 1709 bo-

141 1749 220 1777 nas
244 1747 360 1789 saepe
392 1732 550 1774 firmat.
613 1731 714 1778 Quo
736 1732 876 1789 magis
907 1733 1141 1775 dolendum
1164 1742 1244 1786 est,
1266 1748 1365 1775 eum
1396 1749 1488 1777 esse
1511 1744 1602 1779 tam

143 1802 294 1844 multis
319 1801 424 1842 locis
456 1800 729 1842 lacunosum.
790 1801 906 1842 Nam
932 1801 1090 1843 desunt
1120 1802 1242 1844 haec:
1275 1818 1300 1844 a
1323 1803 1373 1844 L.
1398 1802 1437 1845 I.
1467 1819 1506 1846 c.
1529 1811 1601 1851 27.

145 1869 288 1910 verbis
312 1867 514 1909 invenieb.
546 1867 647 1908 duas
668 1868 721 1908 ad
754 1882 889 1924 usque
922 1869 971 1911 L.
993 1868 1055 1911 II.
1088 1885 1126 1912 c.
1150 1876 1190 1912 5.
1223 1871 1276 1912 ad
1305 1871 1460 1914 verba:
1496 1871 1602 1913 Tum

147 1936 336 1989 Catulus,
358 1950 408 1977 ne
432 1935 572 1977 Graecz'
604 1935 765 1992 quidem
798 1939 880 1979 &c.
942 1938 1142 1979 Secunda
1165 1948 1230 1979 est
1253 1954 1278 1980 a
1301 1939 1350 1980 L.
1371 1938 1435 1980 II.
1468 1955 1506 1981 c.
1530 1947 1601 1987 57.

126 2004 296 2063 fimum
324 2018 401 2045 esse
429 2011 626 2059 oportere,
664 2005 717 2046 ad
751 2019 790 2046 c.
814 2011 884 2051 71.
914 2006 992 2059 ubi
1026 2006 1139 2047 redit
1171 2007 1350 2063 antiqua
1380 2022 1532 2050 manus
1558 2009 1604 2051 in

142 2074 285 2116 verbis
307 2071 560 2129 colliguntur
581 2088 608 2114 a
633 2072 814 2115 Graecz’s:
845 2073 993 2115 Tertia
1011 2083 1075 2115 est
1100 2074 1149 2116 L.
1174 2073 1263 2116 III.
1287 2091 1326 2117 c.
1349 2082 1390 2118 5.
1411 2077 1486 2118 ubi
1509 2092 1602 2119 ma-

140 2157 222 2186 nus
243 2151 365 2184 vetus
397 2141 556 2182 desinit
588 2142 634 2183 in
656 2142 799 2184 verbis
831 2142 987 2185 imusne
1017 2157 1186 2186 sessum.-
1217 2144 1330 2186 redit
1361 2145 1406 2187 in
1429 2146 1599 2189 verbis:

144 2224 216 2252 nec
234 2223 386 2267 genera
409 2217 650 2265 proponunt
680 2225 718 2252 c.
748 2216 819 2253 28.
851 2220 963 2253 extr.
1026 2212 1195 2259 Quarta
1225 2213 1413 2270 denique
1443 2214 1601 2271 incipit

143 2294 182 2321 c.
206 2285 276 2324 37.
309 2294 334 2320 a
354 2279 522 2321 verbis:
556 2280 684 2321 omnis
705 2280 837 2337 igitur
858 2280 1006 2332 oratio,
1028 2281 1188 2322 desinit
1204 2297 1243 2323 c.
1265 2288 1336 2325 43.
1359 2282 1405 2324 in
1432 2283 1599 2327 verbis:

142 2346 450 2389 rhetoricoteros
472 2354 517 2388 ta
536 2347 601 2388 sis.
660 2347 859 2406 Apparet
889 2357 1035 2390 autem
1066 2350 1238 2391 easdem
1269 2349 1444 2392 lacunas
1467 2351 1602 2394 fuisse

142 2416 188 2457 in
210 2416 336 2468 libro,
356 2416 471 2457 unde
490 2430 615 2457 suum
638 2416 856 2473 Afflnrdus
874 2417 1117 2475 descripsit.
1179 2418 1296 2460 Nam
1318 2419 1537 2463 interdum
1554 2421 1600 2464 in

141 2483 286 2526 media
306 2484 469 2540 pagina
490 2484 648 2541 incipit
669 2493 820 2527 notata
841 2485 1021 2529 lacuna:
1054 2487 1160 2528 item
1176 2487 1340 2529 reditus
1363 2497 1511 2530 textus
1534 2499 1600 2532 est

141 2552 188 2592 in
212 2552 375 2608 pagina
392 2566 555 2594 aversa.
617 2553 779 2595 Manus
800 2563 960 2606 autem,
985 2569 1083 2611 quae
1107 2555 1302 2611 explevit
1323 2556 1513 2610 lacunas,
1535 2568 1602 2605 est

144 2619 278 2661 seculi
301 2620 443 2676 quinti
475 2620 649 2673 decimi,
672 2636 751 2663 nec
782 2637 833 2663 ea
865 2623 1168 2680 supplementa
1202 2638 1226 2665 e
1258 2624 1370 2666 libro
1404 2636 1602 2668 contem-

143 2688 287 2729 nendo
321 2689 453 2730 ducta
486 2699 600 2741 sunt,
631 2690 711 2731 etsi
745 2705 833 2732 non
870 2692 1164 2748 comparando
1202 2707 1301 2734 cum
1337 2692 1601 2751 Ayrardino,

143 2754 333 2797 Tantum
356 2756 427 2798 hic
449 2757 502 2798 de
526 2756 691 2799 Codice
715 2757 986 2816 Erlangensi,
1010 2761 1063 2804 ad
1086 2775 1215 2819 quem
1242 2770 1348 2822 ‚post
1369 2763 1501 2805 etiam
1523 2778 1603 2822 per

146 2824 275 2867 aliam
300 2825 574 2869 occasionem
594 2827 847 2870 redibimus.

821 2895 847 2936 d
867 2902 895 2938 4
