1945 3235
702 142 887 180 LIBER
911 143 1152 181 PRIMUS}
1559 144 1644 179 '123

195 249 560 304 .inte1·p0sitione;
582 262 711 303 quam
731 262 810 288 nos
833 262 1006 303 quoque
1027 246 1185 288 oratori
1208 246 1390 287 dicimus
1413 260 1504 286 esse
1523 235 1646 286 atti-i-

196 307 376 353 ,butam.
401 321 499 349 nam
522 315 604 346 tres
626 305 665 345 ei
695 315 851 361 parteS‚
873 320 978 360 quas
1000 315 1099 346 ante
1120 304 1325 353 diximus,
1348 303 1645 356 supponimus,
1685 302 1691 306 “

205 364 474 419 judicialem,
515 362 853 413 deliberativam,
884 362 1281 403 demonstrativam.
1345 360 1644 406 Quaestionem

211 431 355 463 autem
384 436 475 462 eam
499 420 700 475 appellat,
722 435 818 475 quae
842 420 999 461 habeat
1020 420 1063 460 in
1087 434 1131 461 se
1157 416 1490 460 controversiam
1514 416 1557 455 in
1581 416 1646 456 di-

212 479 350 520 cendo
388 478 588 534 positam,
624 477 714 518 sine
747 487 959 519 certarum
990 490 1268 533 personarum
1302 472 1646 529 interpositione,

213 537 266 577 ad
294 536 412 578 hunc
441 535 642 575 modum:
679 534 845 589 Ecquid
877 535 933 575 sit
962 535 1124 575 bonum
1156 542 1312 590 praeter
1346 531 1647 572 honestatem?

213 596 358 636 verine
381 593 465 632 sint
487 594 660 634 sensus?
680 607 776 647 quae
801 592 856 632 sit
879 593 1026 633 mundi
1051 592 1216 633 forma?
1238 605 1335 646 quae
1358 587 1458 629 solis
1479 585 1651 641 magni-

211 651 346 692 tudo?
367 650 484 697 Quas
506 649 767 704 quaestiones
783 649 931 706 procul
952 653 988 684 19
1002 650 1056 690 ab
1076 648 1256 691 oratoris
1279 646 1423 689 officio
1446 652 1648 693 remotas,

213 707 339 749 facile
361 721 508 748 omnes
540 706 778 763 intelligere
805 708 1118 748 existimamus.
1180 706 1310 755 Nam,
1331 704 1487 759 quibus
1509 702 1554 741 in
1584 714 1649 741 re-

210 766 294 807 -bus
313 778 479 806 summa
496 764 671 820 ingenia
690 764 1043 820 philosophorum
1060 764 1244 820 plurimo
1263 776 1362 803 cnm
1380 761 1526 801 labore
1543 772 1648 800 con-

214 832 355 863 sumta
376 821 672 877 intelligimus,
694 836 778 873 eaS,
807 823 918 863 sicut
940 822 1102 877 aliquas
1126 836 1277 878 parvas
1302 834 1378 869 res,
1399 816 1558 859 oratori
1584 824 1648 856 at-

214 880 416 930 tribuere,
439 894 597 935 magna
618 881 806 920 amentia
828 881 1033 921 videtur.=
1072 879 1240 926 Quodsi
1270 891 1472 933 magnam
1507 874 1550 914 in
1582 872 1649 913 his

214 937 508 993 Hermagoras
531 937 751 978 habuisset
773 937 1038 988 facultatem,
1061 937 1204 978 studio
1217 945 1259 976 et
1281 933 1510 989 disciplina
1531 945 1650 972 com-

215 1007 424 1051 paratam,
448 994 663 1035 videretur
684 994 817 1035 fretus
837 1010 912 1036 sua.
931 995 1123 1045 scientia,
1144 994 1299 1034 falsum
1321 991 1526 1048 quiddam
1547 1003 1650 1030 con-

214 1053 404 1093 stituisse
426 1052 479 1093 de
509 1053 690 1093 oratoris
721 1053 882 1104 officio,
911 1062 954 1093 et
977 1067 1062 1093 non
1087 1051 1191 1107 quid
1224 1066 1304 1101 affl,
1329 1049 1399 1090 sed
1424 1047 1528 1103 quid
1558 1047 1650 1102 ipse

213 1119 374 1166 posset,
396 1110 660 1164 exposuisse.
689 1125 802 1151 nunc
822 1125 922 1152 vero
945 1112 985 1141 ⁶20
998 1123 1048 1150 ea
1070 1109 1133 1149 vis
1161 1117 1226 1149 est
1257 1109 1299 1148 in
1324 1106 1512 1155 homine,
1542 1114 1590 1144 ut
1611 1102 1653 1144 ei

202 1168 350 1211 ,multo
374 1167 632 1208 rhetoricam
654 1167 780 1207 citius
803 1168 898 1222 quis
921 1166 1141 1216 ademerit,
1172 1179 1302 1220 quam
1333 1161 1653 1220 philosophiam

214 1225 491 1266 concesserit.
551 1227 586 1255 2¹
606 1224 758 1279 Neque
781 1239 832 1265 eo
854 1225 968 1273 dico,
991 1224 1106 1279 quod
1129 1223 1222 1278 ejus
1245 1237 1326 1271 ars,
1349 1235 1478 1276 quam
1503 1218 1653 1268 edidit,

214 1283 324 1324 mihi
345 1281 671 1322 mendosissime
690 1283 850 1338 scripta
869 1282 1086 1323 videatur:
1112 1295 1210 1321 nam
1230 1279 1332 1320 satis
1352 1279 1393 1319 iu
1418 1292 1467 1318 ea
1487 1276 1697 1327 videturp.
1713 1289 1766 1318 44.

216 1355 270 1381 ex
299 1339 487 1394 antiquis
509 1339 673 1379 artibus
698 1339 921 1395 ingeniose
951 1349 995 1380 et
1025 1339 1254 1395 diligenter
1284 1337 1442 1378 electas
1469 1349 1535 1376 res
1567 1332 1655 1374 col·
1667 1341 1696 1360 -Ἰ-

216 1397 392 1448 locasse,
423 1407 467 1437 et
496 1396 693 1437 nonnihil
736 1397 827 1453 ipse
865 1411 1038 1453 quoque
1080 1395 1181 1437 novi
1223 1394 1474 1450 protulisse:
1507 1405 1656 1432 verum

205 1455 374 1496 ‚oratori
408 1454 637 1494 minimum
671 1463 735 1495 est
764 1455 816 1496 de
846 1464 936 1496 arte
968 1455 1100 1510 loqui,
1126 1454 1239 1509 quod
1275 1453 1346 1493 hic
1382 1451 1512 1501 fecit,
1547 1448 1656 1489 mul-

206 1522 261 1553 to
288 1513 529 1553 maximum
559 1526 613 1552 ex
648 1522 738 1552 arte
771 1512 1076 1567 diee1·e;quod
1107 1526 1204 1552 eum
1240 1509 1418 1551 minime
1450 1507 1655 1564 potuisse,

216 1584 364 1616 omnes
396 1570 605 1612 videmus.
679 1570 824 1616 Quare
855 1571 1034 1612 materia
1064 1569 1237 1625 quidem
1270 1567 1395 1608 nobis
1427 1564 1654 1606 rhetoricae

217 1627 386 1668 videtur
416 1643 479 1678 ea,
510 1642 640 1682 quam
672 1626 894 1669 Aristoteli
926 1631 965 1659 Εἰ
980 1628 1115 1669 visani
1147 1641 1238 1667 esse
1268 1625 1485 1674 diximus,
1514 1629 1703 1687 partes7

216 1694 359 1727 autem
382 1685 466 1735 hae,
489 1700 594 1740 quas
618 1684 809 1740 plerique
831 1686 1048 1736 dixerunt,
1073 1684 1280 1734 inventio,
1303 1680 1545 1738 dispositio,
1568 1678 1696 1740 elo-9

217 1743 350 1794 cutio,
369 1743 591 1793 memoria,
616 1744 932 1798 pronunciatio.
995 1742 1196 1783 inventio
1215 1751 1279 1782 est
1301 1737 1570 1795 excogitatio
1592 1750 1656 1776 re-

217 1815 312 1841 rum
346 1814 556 1849 verarum,
587 1809 662 1840 aut
692 1801 1004 1851 verisimilium,
1036 1815 1132 1855 quae
1174 1813 1344 1840 cansam
1388 1794 1658 1852 probabilem

217 1857 422 1899 reddant:
447 1857 675 1913 dispositio
698 1868 762 1898 est
785 1873 923 1899 rerum
948 1859 1220 1899 inventarum
1249 1858 1288 1888 ⁶23
1303 1855 1347 1895 in
1375 1854 1570 1895 ordinem
1593 1851 1660 1891 di—

219 1915 421 1956 stributio
438 1932 446 1956 :
471 1915 659 1955 elocutio
673 1926 738 1956 est
756 1916 1008 1956 idoneorum
1026 1915 1270 1963 verborum,
1289 1922 1331 1953 et
1350 1910 1661 1953 sententiarum

219 1974 273 2014 ad
306 1972 601 2013 inventionem
638 1973 1006 2014 accommodatio:
1029 1972 1239 2013 memoria
1271 1980 1334 2012 est
1369 1969 1493 2009 firma
1527 1966 1660 2008 animi

213 2045 359 2071 >rerum
378 2045 427 2071 ac
447 2031 675 2071 verborum
700 2032 751 2072 ad
775 2031 1069 2071 inventionem
1090 2029 1310 2085 perceptio
1328 2045 1336 2069 :
1359 2024 1661 2083 pronunciatio

213 2098 297 2139 est,
319 2102 374 2128 ex
398 2102 538 2129 rerum
558 2098 600 2128 et
633 2089 859 2129 verborum
890 2088 1119 2144 dignitate,
1144 2087 1262 2127 vocis
1285 2095 1328 2126 et
1352 2083 1544 2140 corporis
1567 2097 1661 2122 mo-

218 2146 398 2188 dei-atio.
461 2146 591 2186 Nunc
615 2146 679 2187 his
703 2147 828 2187 rebus
854 2147 1040 2187 breviter
1062 2143 1329 2195 constitutis,
1359 2157 1429 2183 eas
1458 2141 1661 2189 rationes,

218 2203 376 2259 quibus
400 2204 625 2244 ostendere
647 2205 861 2260 possimus
884 2218 1034 2260 genus,
1057 2211 1101 2243 et
1131 2202 1340 2251 officium,
1363 2210 1405 2241 et
1431 2199 1559 2240 finem
1583 2197 1663 2237 hu·-

211 2261 285 2317 jus
305 2261 423 2312 artis,
445 2261 561 2302 aliud
585 2261 627 2302 in
649 2272 817 2318 tempus
840 2262 1100 2303 differemus.
1124 2275 1225 2301 nam
1248 2268 1291 2300 et
1312 2258 1547 2299 multorum
1572 2269 1664 2296 ver-

221 2320 374 2360 borum
396 2319 609 2375 indigent,
638 2328 683 2360 et
703 2335 791 2360 non
814 2329 1038 2376 tantopere
1061 2318 1113 2359 ad
1137 2317 1240 2358 artis
1263 2315 1600 2372 descriptionem
1620 2320 1665 2352 et

265 2438 301 2469 19
317 2434 368 2465 Ab
387 2444 434 2464 or.
455 2431 512 2474 off'.
531 2435 697 2474 remotas]
727 2435 921 2475 Intelligen-
964 2435 1003 2465 rii
1016 2439 1051 2465 et
1064 2434 1213 2473 magistri
1231 2433 1339 2463 istain
1352 2432 1462 2472 capita
1477 2437 1665 2464 secuerunt,

221 2476 300 2507 dum
313 2487 389 2514 esse,
402 2476 487 2516 quod
500 2487 616 2517 parum
631 2478 802 2508 commode
818 2479 921 2508 abest.
964 2478 1176 2516 feceruntque
1192 2475 1282 2506 aliud
1295 2475 1334 2505 de
1355 2476 1506 2511 materia,
1521 2472 1610 2503 aliud
1626 2472 1666 2502 de

263 2521 304 2551 20
326 2519 384 2550 Ea
405 2520 455 2549 vis
475 2523 522 2549 est
543 2520 579 2550 in
601 2520 752 2560 homine]
790 2520 857 2552 Int.
883 2521 922 2552 de
964 2521 1124 2561 partibuS‚
1138 2518 1332 2549 addiderunt
1344 2517 1377 2547 h.
1393 2516 1415 2546 l.
1430 2522 1520 2553 sunt,
1537 2520 1574 2545 ut
1588 2514 1665 2544 novi

223 2561 445 2599 Hermatzorzu
461 2572 500 2592 eo
515 2562 570 2592 ille
583 2562 716 2600 ingenio
730 2567 792 2593 est.
967 2562 1153 2602 argumenti
1169 2561 1302 2591 initium
1317 2564 1412 2590 esset.

264 2606 300 2635 221
320 2603 436 2644 Neque
445 2615 479 2635 eo
491 2605 586 2644 dica]
611 2605 697 2637 Dico
709 2606 920 2637 abestalilss.
1007 2607 1046 2636 23
1071 2605 1114 2635 In
1140 2604 1286 2634 ordinem
1319 2601 1530 2640 distributim]
1568 2599 1666 2640 Quod

222 2646 382 2687 pluribus,
398 2648 499 2677 etiam
516 2647 605 2678 Cass.
622 2648 685 2678 Gu.
709 2651 735 2678 l.
754 2650 784 2680 2.
800 2655 834 2679 et
850 2649 923 2679 edd.
965 2647 1115 2679 Oudend.
1130 2657 1147 2676 e
1161 2645 1284 2677 scholio
1300 2644 1380 2675 Cod.
1395 2644 1487 2675 Leid.
1499 2643 1595 2674 affert
1603 2652 1667 2682 per

222 2691 271 2730 pr.
295 2687 429 2719 Addidit
449 2689 562 2720 Aldus.
586 2690 632 2720 Et
651 2695 700 2720 est
720 2700 797 2722 sane
813 2691 924 2722 durior
967 2690 1125 2726 ordinem,
1141 2689 1174 2719 id
1186 2688 1280 2719 estin
1288 2687 1359 2718 edd.
1376 2697 1424 2728 pr.
1438 2696 1541 2726 usque
1555 2684 1597 2716 ad
1610 2684 1666 2714 Al-

224 2731 345 2770 ellipsis
357 2730 389 2761 h.
405 2731 428 2761 l.
443 2731 508 2761 Ms.
522 2732 612 2763 Cass.
625 2733 726 2763 etiam
739 2744 799 2773 quo
811 2734 921 2764 habet.
967 2733 1058 2768 dum,
1087 2732 1142 2771 qui
1165 2731 1296 2763 induxit
1311 2732 1345 2760 in
1367 2730 1524 2760 ordinem.
1581 2726 1667 2757 Mihi

266 2775 307 2805 ⁶22
318 2773 428 2803 Visam
439 2784 503 2804 esse
517 2776 675 2805 diximus:
684 2781 800 2815 partes
812 2781 924 2807 (uitem
967 2775 1145 2805 latinitatis
1161 2776 1245 2805 ratio
1261 2773 1404 2809 obstitit,
1421 2782 1485 2811 quo
1500 2771 1609 2802 minus
1630 2768 1670 2798 il·

224 2816 298 2855 lua]
325 2816 376 2846 Sic
389 2816 459 2846 sine
467 2821 543 2847 scint
553 2818 633 2847 Mss.
646 2818 810 2856 meliores,
827 2825 925 2858 atque
969 2817 1026 2848 lud
1039 2818 1226 2858 reciperem.
1243 2815 1332 2846 aliud
1343 2820 1394 2846 est
1413 2814 1606 2845 distribuere
1620 2812 1668 2847 iu,

224 2858 272 2889 ita
286 2858 422 2897 requirit
440 2859 625 2899 praecedens
638 2861 776 2900 quidem.
806 2861 856 2896 vEt
869 2862 924 2892 Ci-
966 2870 997 2890 v.
1017 2871 1044 2889 c.
1069 2864 1191 2900 partes,
1210 2858 1300 2891 aliud
1317 2868 1392 2899 per,
1417 2868 1448 2888 v.
1471 2867 1500 2888 e.
1527 2854 1671 2891 ordines,

224 2911 298 2931 cero
314 2901 485 2932 materiam
499 2906 533 2931 et
548 2907 656 2941 partes
672 2905 847 2941 conjuncte
856 2907 924 2934 tra·
969 2903 1096 2933 classes.

222 2944 337 2982 etavit,
356 2949 395 2975 ut
409 2948 485 2985 post
505 2944 572 2985 ipse
592 2944 682 2977 dicit.
726 2945 813 2986 Quia
826 2946 926 2978 libra-
