1945 3235
341 155 411 189 13²2
806 151 886 189 DE
917 150 1304 190 INVENTIONE

336 269 475 296 causa:
497 269 785 311 exponemu53
816 256 900 298 hoc
929 265 1007 308 est,
1031 257 1074 298 in
1103 271 1188 312 quo
1213 255 1420 297 consistat
1452 254 1772 310 controversia.¹

336 326 435 352 nam
473 322 515 353 et
548 327 644 354 cum
675 313 858 355 docilem
893 314 995 355 velis
1029 313 1182 364 faeere,
1217 311 1342 353 simul
1380 319 1592 352 attentum
1627 309 1759 353 facias

337 379 521 425 oportet.
545 385 641 411 nam
662 370 696 410 is
718 371 905 412 maxime
926 369 1077 412 docilis
1099 379 1177 422 est,
1201 370 1273 426 qui
1296 368 1581 410 attentissime
1601 377 1666 410 est
1687 381 1761 425 pa-

338 436 451 468 ratus
475 427 634 468 audire.
1060 459 1062 461 -

258 487 320 541 17
396 483 523 526 Nune
571 485 878 526 insinuationes
916 483 1278 540 quemadmodum
1309 482 1480 524 tractari
1519 481 1761 535 conveniat,

336 540 536 598 deinceps
566 542 794 583 dicendum
830 541 1011 583 videtur.
1073 542 1368 583 Insinuatione
1399 540 1532 596 igitur
1552 538 1761 594 utendum

336 607 415 650 est,
434 614 531 640 cum
558 599 806 640 admirabile
829 614 963 656 genus
986 614 1125 640 causae
1148 611 1226 651 est,
1247 599 1328 640 hoc
1350 607 1428 648 est,
1461 607 1509 638 ut
1531 606 1630 638 ante
1651 595 1765 638 dixi-

336 670 444 706 mus,
475 671 573 697 cum
597 657 762 697 animus
793 657 1000 698 auditoris
1034 656 1212 698 infestus
1245 665 1323 697 est.
1385 654 1435 695 Id
1457 664 1601 696 autem
1629 653 1764 695 tribus

337 728 390 754 ex
414 714 550 754 causis
581 713 630 753 fit
662 713 876 765 maxime3
909 714 942 754 si
974 722 1048 755 aut
1078 714 1187 755 inest
1218 714 1260 754 in
1293 714 1385 769 ipsa
1410 725 1538 753 causa
1565 711 1764 768 quaedam

339 770 574 825 turpitudo,
602 780 675 811 aut
697 772 750 811 ab
774 771 838 822 iis,
862 771 934 826 qui
954 780 1052 812 ante
1074 771 1395 825 dixerunt,jam
1419 768 1623 825 quiddam
1642 767 1763 809 audi-

340 828 420 868 tori
444 842 689 882 persuasum
711 828 892 879 videtur,
906 838 979 869 aut
1000 843 1050 869 eo
1071 838 1262 884 tempore
1285 827 1402 868 loeus
1426 826 1596 867 dicendi
1618 825 1758 876 datur,

338 884 536 939 eumjmn
551 884 624 935 illi,
638 900 743 940 quos
759 886 904 926 audire
918 894 1102 941 oportet,
1122 885 1275 926 defessi
1299 894 1397 925 sunt
1419 883 1647 924 audiendo,
1661 896 1761 923 nam

340 956 392 981 ex
417 941 496 982 bae
527 956 697 997 quoque
721 957 763 982 re
785 957 870 983 non
893 943 1048 993 minus,
1070 957 1198 997 quam
1221 956 1275 982 cx
1298 941 1445 997 primis
1467 941 1647 991 duabus,
1669 942 1706 971 51
1723 939 1768 980 in

277 1000 325 1033 ‘24
341 1008 506 1039 oratore
528 1013 850 1054 nonnumquam
872 999 1038 1039 animus
1060 998 1266 1039 auditoris
1289 997 1536 1039 offenditur.
1565 997 1610 1038 Si
1625 1011 1766 1038 causae

340 1055 561 1111 turpitudo
592 1057 818 1097 contrahet
850 1056 1156 1107 offensionem3
1198 1064 1272 1095 aut
1306 1069 1383 1110 pro
1416 1069 1466 1095 eo
1495 1054 1684 1106 homine,
1719 1054 1765 1095 in

337 1128 422 1168 quo
452 1112 699 1165 offenditur,
738 1114 868 1155 alium
911 1113 1144 1164 hominem,
1187 1112 1259 1167 qui
1298 1111 1506 1167 diligitur,
1548 1110 1764 1168 interponi

336 1180 528 1226 oportet:
561 1180 635 1211 aut
657 1186 732 1227 pro
757 1185 814 1221 re,
830 1171 872 1212 in
895 1187 981 1226 qua
1002 1169 1250 1220 offenditur,
1271 1169 1395 1209 aliam
1419 1183 1522 1219 rem,
1544 1183 1641 1224 quae
1663 1182 1763 1225 pro-

336 1227 485 1269 batur:
516 1237 590 1268 aut
613 1243 688 1284 pro
712 1243 754 1268 re
774 1228 1007 1279 hominem,
1030 1237 1104 1268 aut
1130 1242 1206 1282 pro
1238 1226 1411 1267 homine
1433 1239 1536 1277 rem,
1555 1235 1604 1267 ut
1621 1225 1675 1266 ab
1697 1239 1764 1276 eo,

333 1285 448 1340 quod
471 1285 578 1335 odit,
601 1286 652 1326 ad
685 1285 742 1335 id,
765 1285 881 1341 quod
905 1285 1060 1341 diligit,
1084 1284 1290 1325 auditoris
1313 1283 1480 1324 animus
1503 1283 1766 1334 traducatur,

332 1350 376 1382 et
409 1342 674 1383 dissimulare
704 1343 746 1383 id
777 1353 817 1383 te
853 1342 1140 1392 defensurum,
1170 1341 1285 1396 quod
1318 1340 1576 1381 existimeris
1615 1339 1763 1381 defen-

334 1413 476 1441 surus:
510 1399 677 1450 deinde,
700 1415 798 1441 eum
814 1399 908 1454 jam
941 1400 1088 1440 mitior
1122 1398 1260 1439 factus
1290 1397 1372 1438 erit
1393 1398 1575 1449 auditor,
1595 1395 1764 1453 ingredi

334 1456 596 1511 pedetentim
620 1457 663 1497 in
693 1456 1001 1508 defensionem,
1023 1466 1066 1497 et
1098 1455 1253 1506 dicere,
1275 1469 1338 1507 ea,
1361 1457 1402 1486 52
1414 1469 1512 1511 quae
1535 1454 1765 1511 indignen-

335 1522 402 1553 tur
427 1513 669 1564 adversarii,
705 1515 781 1554 tibi
814 1529 983 1569 quoque
1018 1513 1195 1569 indigna
1216 1512 1375 1564 videri3
1405 1511 1573 1563 deiude,
1594 1514 1633 1542 53
1645 1512 1765 1565 [eum

333 1569 500 1611 lenieris
533 1585 646 1622 eum,
669 1572 741 1627 qui
773 1572 950 1624 audiet,]
983 1571 1287 1620 demonstrare,
1317 1568 1424 1610 nihil
1453 1583 1602 1610 eorum
1634 1568 1688 1609 ad
1723 1577 1765 1609 te

334 1627 558 1682 pertinere,
582 1637 625 1668 et
645 1643 803 1684 negare
836 1637 875 1669 te
894 1628 1127 1684 quidquam
1158 1627 1210 1668 de
1232 1626 1483 1668 adversariis
1505 1639 1595 1667 esse
1623 1624 1764 1667 dietu-

336 1699 444 1735 rum,
476 1699 612 1741 neque
641 1685 740 1737 hoc,
762 1701 900 1741 neque
933 1685 1058 1727 illud:
1091 1694 1139 1725 ut
1169 1698 1306 1739 neque
1337 1692 1482 1740 aperte
1512 1683 1641 1724 laedas
1672 1696 1758 1734 eos,

332 1741 406 1797 qui
439 1741 691 1798 diliguntur,
723 1752 766 1784 et
801 1753 940 1784 tamen
974 1743 1017 1783 id
1048 1743 1228 1783 obscure
1249 1741 1424 1792 faciens,
1447 1740 1589 1797 quoad
1612 1740 1764 1795 possis,

334 1798 490 1840 alienes
513 1800 566 1840 ab
585 1800 644 1842 eis
664 1801 907 1842 auditorum
927 1799 1190 1841 voluntatem
1207 1816 1216 1841 :
1239 1807 1283 1839 et
1295 1798 1533 1854 aliquorum
1545 1797 1763 1853 judicium

335 1855 462 1897 simili
485 1856 538 1897 de
560 1872 620 1908 re,
640 1868 714 1898 aut
745 1858 1045 1899 auctoritatem
1069 1856 1256 1913 proferre
1288 1855 1529 1896 imitatione
1557 1854 1759 1911 dignam:

335 1913 489 1954 deinde
511 1915 704 1967 eandem,
726 1924 800 1956 aut
818 1914 1099 1966 consimilem,
1122 1922 1197 1955 aut
1214 1912 1436 1968 majorem,
1459 1921 1533 1953 aut
1551 1911 1760 1953 minorem

273 1974 322 2007 ‘25
337 1970 406 2025 agi
450 1985 539 2012 rem
580 1972 624 2012 in
676 1972 905 2028 praesentia
944 1972 1249 2013 demonstrare.
1310 1971 1386 2011 Sin
1437 1969 1574 2011 oratio
1613 1968 1762 2010 adver-

335 2028 542 2068 sariorum
572 2028 700 2070 fidem
730 2030 945 2070 videbitur
975 2028 1240 2069 auditoribus
1268 2027 1432 2078 fecisse,
1455 2025 1548 2067 54id
1570 2025 1685 2082 quod
1706 2025 1761 2076 ei,

334 2085 406 2139 qui
442 2085 659 2142 intelligit,
690 2086 844 2141 quibus
882 2087 1006 2126 rebus
1038 2085 1142 2126 fides
1174 2084 1262 2135 fiat,
1286 2084 1410 2125 facile
1442 2082 1524 2124 erit
1561 2081 1762 2138 cognitu3

333 2150 504 2196 oportet
522 2152 595 2182 aut
608 2142 659 2182 de
678 2157 742 2193 eo,
762 2139 874 2197 quod
891 2142 1118 2183 adversarii
1143 2141 1222 2182 sibi
1243 2141 1536 2182 firmissimum
1584 2139 1761 2189 utarint,

331 2208 375 2237 et
397 2200 584 2239 maxime
606 2199 650 2249 ii,
670 2201 742 2255 qui
766 2200 992 2249 audierint,
1018 2198 1252 2255 probarint,
1272 2198 1458 2253 primum
1483 2206 1523 2238 te
1576 2197 1762 2238 ictururn

333 2254 538 2310 polliceri,
567 2266 641 2297 aut
671 2257 725 2298 ab
759 2256 986 2299 adversarii
1010 2256 1126 2297 dieto
1154 2255 1358 2307 exordiri,
1380 2263 1424 2295 et
1445 2255 1499 2295 ab
1520 2268 1571 2295 eo
1590 2253 1764 2310 potissi-

373 2397 409 2426 51
428 2394 467 2425 In
482 2396 633 2436 oratore]
660 2396 733 2427 Hoc
745 2407 818 2428 eum
834 2398 963 2428 Graevio
977 2408 1026 2428 re·
1066 2401 1218 2435 guantur
1232 2396 1320 2432 dedit
1334 2395 1448 2433 Aldus,
1458 2404 1556 2435 quem
1568 2393 1668 2426 ceteri
1682 2397 1716 2426 et
1730 2393 1766 2425 in

331 2437 413 2476 cepi,
437 2448 494 2478 pro
518 2440 551 2468 in
573 2440 728 2476 oratione,
757 2439 843 2479 quod
866 2450 925 2470 nec
947 2441 1024 2471 satis
1068 2439 1129 2469 hoc
1144 2439 1229 2469 male
1245 2439 1348 2469 secuti
1362 2442 1450 2469 sunt.

332 2486 446 2518 aptum
469 2486 519 2510 est
541 2490 648 2512 sensu.
706 2482 791 2512 Illud
814 2481 892 2512 Mss.
915 2482 1024 2522 plures
1109 2485 1149 2512 53
1178 2481 1259 2512 Cum
1282 2481 1410 2511 lenieris
1429 2489 1517 2517 eum,
1540 2478 1597 2519 qui
1616 2477 1756 2518 audiet]

332 2522 450 2551 Graerii
464 2522 639 2559 habebant,
655 2533 738 2554 unus
751 2525 853 2554 Gron.
867 2529 902 2554 et
915 2525 961 2555 sic
975 2535 1023 2554 re·
1068 2523 1147 2554 Haee
1161 2524 1230 2553 sine
1244 2523 1342 2553 dubio
1357 2522 1466 2561 spuria
1485 2525 1582 2552 suntt
1611 2529 1687 2551 nam
1703 2520 1759 2550 sri-

331 2563 400 2602 peri
415 2564 515 2594 etiam
529 2565 562 2594 in
575 2565 637 2595 Ma.
652 2566 714 2595 Gu.
733 2569 760 2596 l.
772 2566 821 2596 ed.
833 2566 928 2596 Junt.
964 2567 1024 2597 (Ie-
1066 2565 1230 2603 {fidissima
1245 2569 1294 2595 est
1307 2565 1468 2605 repetitio.
1497 2563 1568 2594 Nec
1583 2567 1662 2593 sunt
1675 2561 1763 2603 apud

331 2610 412 2634 terae
426 2605 497 2635 edd.
513 2611 648 2643 veteres,
662 2608 762 2638 etiarn
777 2609 851 2639 ΑΜ.
866 2610 901 2638 in
919 2613 1024 2639 orato-
1066 2607 1284 2639 Victorinum.
1337 2607 1450 2645 ltaque
1490 2604 1592 2636 uncis.
1622 2604 1740 2636 inclusi
1754 2615 1761 2634 :

331 2657 414 2683 rem,
429 2647 479 2676 uti
494 2648 623 2686 quidam
636 2649 714 2679 Mzs.
732 2650 767 2680 in
782 2650 831 2680 his
846 2649 908 2681 Gu.
924 2654 953 2681 2.
981 2650 1024 2681 11-
1067 2650 1183 2680 Lamb.
1199 2650 1295 2689 plane
1309 2648 1437 2679 delevit.
1717 2678 1719 2680 .

333 2688 366 2718 la
385 2690 588 2719 constructio
608 2697 657 2721 est
673 2691 898 2730 Ciceroniana,
911 2698 945 2723 et
958 2698 1024 2724 sta·
1110 2695 1152 2724 54
1167 2693 1210 2723 Id
1221 2691 1306 2731 quod
1318 2690 1372 2729 eal]
1397 2689 1515 2721 Addidi
1530 2688 1576 2726 id,
1591 2694 1631 2718 ut
1644 2686 1761 2719 Lamb.

332 2731 393 2762 tim
407 2731 440 2761 in
453 2740 540 2770 seqq.
553 2731 725 2770 aliquoties
739 2735 892 2764 occurrit.
1066 2733 1144 2764 feeit
1167 2739 1201 2765 et
1219 2734 1325 2763 Graev.
1343 2732 1398 2772 qui
1417 2732 1452 2762 in
1469 2740 1535 2762 uno
1558 2730 1623 2761 Ms.
1644 2730 1690 2765 sie
1713 2738 1764 2761 re-

375 2775 415 2804 52
437 2773 520 2814 [311oe
541 2774 778 2815 indignemur]
805 2777 856 2806 Sic
876 2776 1026 2807 latinitas
1066 2776 1167 2816 perit:
1204 2780 1240 2806 et
1261 2775 1326 2806 hue
1351 2774 1478 2805 ducunt
1506 2772 1634 2812 reliqui,
1659 2771 1761 2807 etiam

332 2814 490 2855 postulat,
514 2825 579 2845 non
601 2817 832 2855 indignantur,
854 2823 892 2848 ut
916 2824 965 2849 est
988 2820 1022 2849 in
1067 2819 1154 2849 Cass.
1170 2817 1234 2848 Gu.
1254 2820 1279 2847 l.
1295 2817 1348 2856 qui
1370 2816 1494 2847 habent
1513 2817 1617 2855 idque.
1663 2811 1760 2846 Clare

333 2857 441 2897 vulgg.
470 2862 504 2887 et
526 2858 571 2888 sie
590 2858 668 2888 Mss.
694 2859 798 2890 Graev.
822 2865 855 2890 et
872 2860 1020 2891 Oudend.
1064 2860 1100 2890 id
1123 2861 1204 2900 quod
1230 2858 1354 2890 habent
1386 2858 1469 2889 Edd.
1502 2855 1637 2889 Mediol.
1669 2854 1761 2889 1498.

338 2900 399 2928 Cu.
422 2903 447 2930 1.
473 2900 552 2930 item
582 2900 652 2930 edd.
683 2911 732 2940 pr.
777 2902 906 2932 Primus
940 2903 1024 2933 indz'-
1067 2901 1162 2933 dunt.
1207 2902 1336 2933 Primus
1350 2900 1450 2932 Aldus
1463 2899 1553 2932 dedit
1566 2897 1652 2931 nude
1666 2896 1759 2937 quod.
