1945 3235
721 127 1000 185 nnu'rns,
1522 131 1597 168 461

149 245 280 287 quam
304 240 427 291 turpe
449 232 636 275 nescire:
667 247 808 289 neque
825 240 914 273 tam
934 230 977 271 id
995 228 1104 271 mihi
1127 230 1309 271 oratoris
1331 231 1450 282 boni,
1467 245 1599 287 quam

150 290 258 330 civis
291 291 478 333 Romani
511 289 734 347 proprium
770 290 940 331 videtur
955 289 985 337 z)
1025 286 1096 327 sed
1138 296 1281 327 tamen
1303 287 1520 330 Antonius
1552 288 1598 331 in

149 348 292 389 verbis
315 361 357 390 et
378 348 603 405 eligendis,
617 352 776 403 (neque
793 347 837 388 id
860 346 1002 402 ipsum
1025 353 1112 385 tam
1131 342 1290 399 leporis
1311 359 1453 396 causa,
1467 361 1598 401 quam

149 406 390 459 ponderis,)
420 416 464 446 et
493 406 772 456 collocandis,
807 413 851 444 et
885 401 1272 458 comprehensione
1301 401 1600 444 devinciendis

150 461 261 503 nihil
284 479 370 504 non
391 463 446 504 ad
468 463 695 513 rationem,
717 471 760 502 et
793 470 997 516 tanquam
1021 459 1072 500 ad
1093 467 1228 499 artem
1250 457 1491 514 dirigebat:
1525 475 1597 501 ve-

150 532 247 561 rum
266 521 400 563 multo
423 521 560 576 magis
593 520 674 560 hoc
697 519 812 560 idem
843 518 886 559 in
919 517 1228 558 sententiarum
1259 516 1522 556 ornamentis
1552 526 1596 558 et

151 577 588 620 conformationibus,
650 576 751 623 Quo
775 590 930 632 genere
949 576 1050 630 quia
1072 584 1250 630 praestat
1271 573 1474 614 omnibus
1508 572 1680 616 De-141

150 635 413 685 mosthenes‚
433 634 595 675 idcirco
617 649 643 675 a
658 634 797 675 doctis
822 643 1041 675 oratorum
1061 642 1125 673 est
1142 632 1340 688 princeps
1356 631 1594 685 judicatus.

150 697 317 746 σχήματα
337 692 451 733 enim
474 706 571 747 quae
593 701 750 733 vocant
782 691 943 743 Graeci,
975 705 1025 731 ea
1057 690 1245 730 maxime
1276 698 1432 729 ornant
1452 698 1596 729 orato-

151 761 269 800 rem3
298 763 432 805 eaque
465 764 552 790 non
585 758 673 790 tam
709 749 752 790 in
790 749 931 790 verbis
967 748 1194 804 pingendis
1220 747 1381 787 habent
1412 747 1595 802 pondus,

149 819 279 862 quam
299 806 344 848 in
366 806 658 848 illuminandis
681 807 921 848 sententiis.
983 806 1066 846 Sed
1100 819 1200 846 cum
1239 803 1333 845 haec
1367 819 1524 860 magna
1551 801 1679 852 i1138

150 862 363 917 Antonio,
387 873 479 906 tum
502 865 617 906 actio
649 864 902 920 singularis:
936 878 1034 919 quae
1057 863 1090 903 si
1121 862 1346 918 partienda
1367 872 1431 903 est
1453 864 1496 903 in
1519 876 1595 919 ge-

147 928 265 962 stum
297 931 427 978 atque
459 937 633 974 vocem;
667 931 811 978 gestus
837 931 928 962 erat
956 936 1042 963 non
1076 921 1206 961 verba
1236 919 1498 976 exprimens,
1522 920 1597 961 sed

150 993 251 1020 cum
276 980 500 1022 sententiis
537 995 795 1038 congruens.
827 994 994 1030 manus,
1027 978 1209 1028 humeri,
1243 977 1389 1028 latera,
1422 977 1599 1034 supplo-

150 1036 215 1077 sio
237 1038 373 1094 pedis,
396 1047 546 1089 status,
570 1038 774 1090 incessus,
796 1038 1022 1093 omnisque
1046 1045 1188 1077 motus
1211 1050 1310 1076 cum
1344 1036 1483 1076 verbis
1503 1050 1599 1076 sen-

150 1095 386 1151 tentiisque
424 1096 722 1147 consentiens3
764 1111 851 1136 vox
889 1109 1159 1152 permanens,
1201 1107 1347 1134 verum
1388 1094 1601 1135 subrauca

149 1162 317 1194 natura.
379 1153 463 1195 Sed
493 1153 576 1194 hoc
611 1154 764 1194 vitium
795 1153 899 1194 huic
937 1153 1009 1194 uni
1033 1153 1075 1192 in
1110 1153 1273 1193 bonum
1301 1152 1597 1192 convertebat.

151 1208 360 1252 Habebat
398 1211 512 1252 enim
546 1210 688 1251 flebile
720 1211 927 1266 quiddam
956 1211 997 1252 in
1026 1209 1340 1265 questionibus,
1364 1219 1600 1265 aptumque
1613 1229 1687 1265 142

151 1281 252 1309 cum
275 1269 327 1310 ad
363 1268 492 1310 fidem
526 1268 783 1319 faciendam,
818 1277 909 1309 tum
944 1267 997 1309 ad
1032 1267 1370 1308 misericordiam
1406 1281 1601 1308 commo-

153 1325 360 1368 vendam:
397 1336 442 1367 ut
463 1341 609 1367 verum
632 1326 850 1366 videretur
872 1325 915 1366 in
939 1325 1022 1366 hoc
1054 1325 1172 1375 illud,
1194 1324 1310 1380 quod
1340 1323 1601 1366 Domesthe-

150 1397 252 1424 nem
274 1382 417 1424 ferunt
443 1383 498 1434 ei,
516 1384 590 1439 qui
614 1383 900 1438 quaesivisset,
923 1383 1027 1438 quid
1050 1382 1237 1438 primum
1259 1390 1370 1422 esset
1393 1381 1435 1423 in
1455 1382 1602 1424 dicen-

153 1440 225 1492 do,
257 1441 494 1493 actionem3
525 1440 630 1497 quid
663 1441 913 1492 secundum,
936 1440 1065 1491 idem,
1087 1450 1130 1481 et
1165 1440 1279 1481 idem
1314 1440 1504 1491 tertium,
1538 1455 1604 1481 re-

152 1498 391 1554 spondisse.
453 1499 584 1540 Nulla
605 1513 670 1539 res
694 1499 831 1554 magis
852 1507 1050 1556 penetrat
1070 1499 1113 1538 in
1137 1497 1319 1548 animos,
1342 1512 1500 1553 eosque
1523 1498 1604 1539 fin-

153 1556 235 1612 git,
265 1555 438 1608 format,
461 1557 627 1598 flectit:
661 1556 851 1612 talesque
881 1565 1070 1598 oratores
1104 1555 1237 1596 videri
1261 1555 1381 1607 facit,
1403 1559 1440 1589 87
1457 1555 1603 1612 quales

153 1613 236 1670 ipsi
255 1629 298 1655 se
318 1614 451 1656 videri
476 1614 642 1654 volunt.

213 1671 333 1713 Huic
355 1671 426 1713 alii
450 1686 596 1727 parem
618 1685 709 1711 esse
731 1671 948 1723 dicebant,
971 1670 1042 1712 alii
1065 1671 1387 1727 anteponebant
1412 1670 1601 1712 L.C1·as-
1616 1692 1690 1727 143

154 1743 264 1770 sum.
326 1728 438 1770 Illud
473 1729 647 1784 quidem
678 1738 795 1770 certe
823 1744 972 1770 omnes
1004 1729 1065 1770 ita
1086 1728 1362 1784 judicabant,
1384 1729 1645 1773 neminemb.

152 1801 259 1838 esse,
295 1787 385 1842 qui,
419 1786 572 1828 horum
603 1786 808 1829 alterutro
843 1797 1044 1844 patrono,
1081 1786 1338 1842 cujusquam
1376 1786 1603 1842 ingenium

153 1846 403 1900 requireret.
465 1843 693 1900 Equidem,
725 1860 987 1901 quamquam
1017 1844 1214 1885 Antonio
1239 1853 1409 1886 tantum
1441 1845 1602 1897 tribuo,

94 1946 98 1953 ,
153 1897 365 1958 quantum
388 1917 517 1958 supra
537 1902 646 1953 dixi,
662 1912 805 1944 tamen
821 1902 977 1944 Crasso
999 1902 1107 1943 nihil
1130 1911 1272 1943 statuo
1296 1902 1385 1943 fieri
1412 1903 1604 1958 potuisse

153 1959 403 2017 perfectius.
465 1959 570 2001 Erat
592 1975 759 2002 summa
781 1961 995 2017 gravitas:
1027 1969 1119 2001 erat
1139 1975 1238 2001 cum
1269 1959 1484 2016 gravitate
1498 1960 1604 2015 jun-

155 2027 250 2059 etus
273 2017 527 2059 facetiarum
549 2027 593 2059 et
611 2016 869 2060 urbanitatis
893 2019 1220 2069 oratorius‚non
1236 2017 1436 2069 scurrilis,
1460 2018 1601 2074 lepos:

153 2074 286 2117 latine
308 2076 511 2132 loquendi
534 2086 748 2127 accurata,
762 2086 805 2118 et
828 2076 919 2117 sine
937 2076 1136 2117 molestia
1157 2075 1340 2133 diligens
1362 2076 1601 2132 elegantia:

154 2133 200 2174 in
222 2134 469 2175 disserendo
499 2134 609 2175 mira
638 2134 895 2190 explicatio:
928 2149 1028 2175 cum
1059 2134 1111 2175 de
1135 2134 1236 2189 jure
1266 2132 1399 2184 civili,
1425 2148 1525 2175 cum
1550 2134 1605 2176 de

156 2205 282 2247 aequo
304 2201 348 2233 et
371 2193 485 2233 bono
507 2192 812 2248 disputaretur,
832 2201 1185 2248 argumentorum
1205 2200 1248 2232 et
1269 2191 1603 2233 similitudinum

155 2249 298 2304 copia.
359 2250 489 2301 Nam,
517 2259 565 2291 ut
584 2249 815 2302 Antonius,
846 2250 1098 2306 conjectura
1126 2249 1355 2301 movenda,
1385 2252 1506 2290 88aut
1538 2255 1688 2311 se-39

154 2306 298 2348 danda
328 2307 572 2363 suspicione
595 2318 670 2349 aut
688 2309 933 2359 excitanda,
952 2307 1250 2349 incredibilem
1275 2307 1362 2348 vim
1386 2306 1599 2361 habebat:
1615 2328 1690 2364 144

156 2364 219 2405 sic
240 2364 284 2405 in
307 2364 644 2421 interpretando,
667 2365 709 2406 in
737 2366 998 2418 definiendo,
1023 2366 1067 2406 in
1092 2364 1351 2421 explicanda
1371 2357 1601 2420 inquitate,

155 2422 266 2463 nihil
307 2432 398 2463 erat
440 2422 597 2464 Crasso
639 2423 882 2480 copiosius:
916 2424 1045 2479 idque
1078 2438 1177 2465 cum
1215 2437 1329 2479 saepe
1357 2421 1476 2474 alias,
1509 2432 1602 2464 tum

156 2480 271 2535 apud
302 2480 593 2522 centumviros
627 2481 670 2521 in
705 2481 785 2522 Μ’.
811 2480 932 2522 Curii
975 2496 1104 2522 causa
1135 2480 1362 2537 cognitum
1394 2489 1473 2522 est.
1535 2479 1604 2522 Ita
1618 2489 1690 2529 145

156 2537 273 2577 enim
304 2537 441 2579 multa
468 2547 558 2579 tum
584 2549 735 2580 contra
765 2539 974 2594 scriptum
998 2553 1076 2594 pro
1109 2553 1234 2593 aequo
1264 2546 1307 2578 et
1329 2538 1445 2579 bono
1475 2537 1605 2590 dixit,

158 2603 208 2635 ut
228 2594 447 2637 hominem
470 2596 784 2649 acutissimum,
800 2597 857 2644 Q.
874 2596 1132 2647 Scaemlam,
1151 2604 1195 2636 et
1211 2595 1253 2636 in
1269 2595 1384 2652 jure,
1407 2599 1446 2631 89
1457 2596 1502 2638 in
1518 2610 1605 2652 quo

188 2727 237 2758 ’87
260 2726 372 2764 quales
392 2727 454 2766 ipsi
475 2737 508 2757 se
525 2728 630 2758 videri
654 2727 779 2767 volunt]
805 2727 858 2758 An
900 2727 1085 2767 suspicione
1114 2730 1193 2757 sunt
1219 2727 1298 2763 duo,
1323 2726 1436 2759 sedare
1459 2732 1494 2758 et
1522 2728 1608 2757 exci-

156 2768 282 2797 velint?
310 2769 330 2797 i.
346 2779 375 2798 e.
387 2775 517 2808 optent.
905 2773 989 2807 tare,
1005 2779 1078 2809 quae
1094 2771 1355 2810 conjunguntur.

202 2811 241 2840 88
264 2814 324 2840 aut
336 2811 472 2842 sedcmd.
488 2821 575 2851 susp.
593 2817 653 2843 aut
668 2812 859 2852 eseitancla]
949 2814 989 2846 89
1013 2814 1054 2842 in'
1083 2823 1144 2852 quo
1178 2813 1239 2842 illa
1267 2821 1369 2842 causa
1403 2809 1606 2851 vertebatur]

159 2851 261 2883 Scrib.
278 2857 310 2882 et
325 2853 420 2883 escit.
463 2853 551 2884 Nam
566 2855 736 2885 distinctio
752 2856 863 2885 estin-
906 2854 971 2885 Ms.
995 2864 1062 2894 reg.
1082 2855 1133 2886 ed.
1152 2854 1236 2887 Ven.
1260 2855 1455 2887 versabatur
1479 2853 1612 2892 melius,

157 2901 210 2924 ter
239 2895 466 2935 conjecturam
492 2902 524 2927 et
552 2898 790 2938 suspicionem:
828 2899 864 2929 in
907 2901 996 2929 certe
1010 2898 1175 2930 usitatius,
