<?xml version="1.0" encoding="UTF-8"?>
<!DOCTYPE html PUBLIC "-//W3C//DTD XHTML 1.0 Transitional//EN"
    "http://www.w3.org/TR/xhtml1/DTD/xhtml1-transitional.dtd">
<html xmlns="http://www.w3.org/1999/xhtml" xml:lang="en" lang="en">
 <head>
  <title>
</title>
<meta http-equiv="Content-Type" content="text/html;charset=utf-8" />
  <meta name='ocr-system' content='tesseract 3.04.00' />
  <meta name='ocr-capabilities' content='ocr_page ocr_carea ocr_par ocr_line ocrx_word'/>
</head>
<body>
  <div class='ocr_page' id='page_1' title='image "./operaomnia01ciceuoft/operaomnia01ciceuoft_0375.png"; bbox 0 0 1945 3235; ppageno 0'>
   <div class='ocr_carea' id='block_1_1' title="bbox 570 98 1567 138">
    <p class='ocr_par' dir='ltr' id='par_1_1' title="bbox 570 98 1567 138">
     <span class='ocr_line' id='line_1_1' title="bbox 570 98 1567 138; baseline 0.002 -2"><span class='ocrx_word' id='word_1_1' title='bbox 570 98 757 136; x_wconf 90' lang='lat' dir='ltr'>LIBER</span> <span class='ocrx_word' id='word_1_2' title='bbox 781 99 1112 138; x_wconf 91' lang='lat' dir='ltr'><strong>SECUNDUS.</strong></span> <span class='ocrx_word' id='word_1_3' title='bbox 1488 103 1567 138; x_wconf 81' lang='lat'>303</span> 
     </span>
    </p>
   </div>
   <div class='ocr_carea' id='block_1_2' title="bbox 122 200 1669 2154">
    <p class='ocr_par' dir='ltr' id='par_1_2' title="bbox 122 200 1644 2040">
     <span class='ocr_line' id='line_1_2' title="bbox 125 200 1569 255; baseline 0.001 -13"><span class='ocrx_word' id='word_1_4' title='bbox 125 200 267 255; x_wconf 86' lang='lat' dir='ltr'>cisset,</span> <span class='ocrx_word' id='word_1_5' title='bbox 291 217 518 244; x_wconf 85' lang='lat' dir='ltr'>assumere.</span> <span class='ocrx_word' id='word_1_6' title='bbox 541 202 759 244; x_wconf 81' lang='lat' dir='ltr'>deduxisti</span> <span class='ocrx_word' id='word_1_7' title='bbox 783 202 898 243; x_wconf 89' lang='lat' dir='ltr'>enim</span> <span class='ocrx_word' id='word_1_8' title='bbox 921 210 1063 244; x_wconf 87' lang='lat' dir='ltr'>totum</span> <span class='ocrx_word' id='word_1_9' title='bbox 1083 202 1304 244; x_wconf 83' lang='lat' dir='ltr'>hominem</span> <span class='ocrx_word' id='word_1_10' title='bbox 1326 203 1369 246; x_wconf 90' lang='lat' dir='ltr'>in</span> <span class='ocrx_word' id='word_1_11' title='bbox 1391 203 1478 245; x_wconf 90' lang='lat' dir='ltr'>duo</span> <span class='ocrx_word' id='word_1_12' title='bbox 1499 218 1569 244; x_wconf 86' lang='lat' dir='ltr'>so-</span> 
     </span>
     <span class='ocr_line' id='line_1_3' title="bbox 123 257 1568 315; baseline 0.001 -16"><span class='ocrx_word' id='word_1_13' title='bbox 123 257 214 299; x_wconf 89' lang='lat' dir='ltr'>lum</span> <span class='ocrx_word' id='word_1_14' title='bbox 237 274 395 315; x_wconf 81' lang='lat' dir='ltr'>genera</span> <span class='ocrx_word' id='word_1_15' title='bbox 415 274 654 311; x_wconf 82' lang='lat' dir='ltr'>causarum,</span> <span class='ocrx_word' id='word_1_16' title='bbox 673 269 816 301; x_wconf 89' lang='lat' dir='ltr'>cetera</span> <span class='ocrx_word' id='word_1_17' title='bbox 836 259 1167 300; x_wconf 85' lang='lat' dir='ltr'>innumerabilia</span> <span class='ocrx_word' id='word_1_18' title='bbox 1187 261 1503 311; x_wconf 81' lang='lat' dir='ltr'>exercitationi,</span> <span class='ocrx_word' id='word_1_19' title='bbox 1524 270 1568 301; x_wconf 92' lang='lat' dir='ltr'>et</span> 
     </span>
     <span class='ocr_line' id='line_1_4' title="bbox 126 316 1566 373; baseline 0.001 -17"><span class='ocrx_word' id='word_1_20' title='bbox 126 316 398 358; x_wconf 86' lang='lat' dir='ltr'>similitudini</span> <span class='ocrx_word' id='word_1_21' title='bbox 421 317 643 372; x_wconf 85' lang='lat' dir='ltr'>reliquisti.</span> <span class='ocrx_word' id='word_1_22' title='bbox 704 317 790 358; x_wconf 85' lang='lat' dir='ltr'>Sed</span> <span class='ocrx_word' id='word_1_23' title='bbox 812 317 971 367; x_wconf 89' lang='lat' dir='ltr'>videto,</span> <span class='ocrx_word' id='word_1_24' title='bbox 993 331 1046 357; x_wconf 90' lang='lat' dir='ltr'>ne</span> <span class='ocrx_word' id='word_1_25' title='bbox 1068 316 1112 357; x_wconf 88' lang='lat' dir='ltr'>in</span> <span class='ocrx_word' id='word_1_26' title='bbox 1133 316 1227 357; x_wconf 87' lang='lat' dir='ltr'>istis</span> <span class='ocrx_word' id='word_1_27' title='bbox 1249 317 1417 358; x_wconf 89' lang='lat' dir='ltr'>duobus</span> <span class='ocrx_word' id='word_1_28' title='bbox 1437 332 1566 373; x_wconf 84' lang='lat' dir='ltr'>gene-</span> 
     </span>
     <span class='ocr_line' id='line_1_5' title="bbox 125 372 1567 430; baseline 0.001 -17"><span class='ocrx_word' id='word_1_29' title='bbox 125 372 243 414; x_wconf 88' lang='lat' dir='ltr'>ribus</span> <span class='ocrx_word' id='word_1_30' title='bbox 265 374 402 430; x_wconf 88' lang='lat' dir='ltr'>hydra</span> <span class='ocrx_word' id='word_1_31' title='bbox 423 375 501 415; x_wconf 89' lang='lat' dir='ltr'>tibi</span> <span class='ocrx_word' id='word_1_32' title='bbox 524 375 593 426; x_wconf 87' lang='lat' dir='ltr'>sit,</span> <span class='ocrx_word' id='word_1_33' title='bbox 615 383 658 415; x_wconf 91' lang='lat' dir='ltr'>et</span> <span class='ocrx_word' id='word_1_34' title='bbox 681 374 826 430; x_wconf 88' lang='lat' dir='ltr'>pellis:</span> <span class='ocrx_word' id='word_1_35' title='bbox 860 374 1070 415; x_wconf 88' lang='lat' dir='ltr'>Hercules</span> <span class='ocrx_word' id='word_1_36' title='bbox 1092 382 1250 425; x_wconf 88' lang='lat' dir='ltr'>autem,</span> <span class='ocrx_word' id='word_1_37' title='bbox 1269 384 1312 414; x_wconf 91' lang='lat' dir='ltr'>et</span> <span class='ocrx_word' id='word_1_38' title='bbox 1333 374 1415 414; x_wconf 86' lang='lat' dir='ltr'>alia</span> <span class='ocrx_word' id='word_1_39' title='bbox 1436 389 1567 430; x_wconf 81' lang='lat' dir='ltr'>opera</span> 
     </span>
     <span class='ocr_line' id='line_1_6' title="bbox 122 431 1564 487; baseline 0 -16"><span class='ocrx_word' id='word_1_40' title='bbox 122 431 304 486; x_wconf 82' lang='lat' dir='ltr'>majora,</span> <span class='ocrx_word' id='word_1_41' title='bbox 337 446 390 472; x_wconf 90' lang='lat' dir='ltr'>ne</span> <span class='ocrx_word' id='word_1_42' title='bbox 419 432 462 472; x_wconf 91' lang='lat' dir='ltr'>in</span> <span class='ocrx_word' id='word_1_43' title='bbox 495 431 577 472; x_wconf 89' lang='lat' dir='ltr'>illis</span> <span class='ocrx_word' id='word_1_44' title='bbox 606 432 747 483; x_wconf 86' lang='lat' dir='ltr'>rebus,</span> <span class='ocrx_word' id='word_1_45' title='bbox 777 446 883 486; x_wconf 86' lang='lat' dir='ltr'>quas</span> <span class='ocrx_word' id='word_1_46' title='bbox 915 431 1226 487; x_wconf 73' lang='lat' dir='ltr'>praetermittis,</span> <span class='ocrx_word' id='word_1_47' title='bbox 1255 431 1564 486; x_wconf 84' lang='lat' dir='ltr'>relinquantur.</span> 
     </span>
     <span class='ocr_line' id='line_1_7' title="bbox 128 487 1566 544; baseline 0 -16"><span class='ocrx_word' id='word_1_48' title='bbox 128 487 231 530; x_wconf 82' lang='lat' dir='ltr'>Non</span> <span class='ocrx_word' id='word_1_49' title='bbox 253 489 368 530; x_wconf 88' lang='lat' dir='ltr'>enim</span> <span class='ocrx_word' id='word_1_50' title='bbox 389 488 496 529; x_wconf 91' lang='lat' dir='ltr'>mihi</span> <span class='ocrx_word' id='word_1_51' title='bbox 516 489 659 529; x_wconf 88' lang='lat' dir='ltr'>minus</span> <span class='ocrx_word' id='word_1_52' title='bbox 681 490 823 544; x_wconf 88' lang='lat' dir='ltr'>operis</span> <span class='ocrx_word' id='word_1_53' title='bbox 846 489 1013 530; x_wconf 88' lang='lat' dir='ltr'>videtur</span> <span class='ocrx_word' id='word_1_54' title='bbox 1034 489 1087 529; x_wconf 86' lang='lat' dir='ltr'>de</span> <span class='ocrx_word' id='word_1_55' title='bbox 1109 488 1314 529; x_wconf 83' lang='lat' dir='ltr'>universis</span> <span class='ocrx_word' id='word_1_56' title='bbox 1337 489 1566 544; x_wconf 86' lang='lat' dir='ltr'>generibus</span> 
     </span>
     <span class='ocr_line' id='line_1_8' title="bbox 126 545 1566 601; baseline -0.001 -15"><span class='ocrx_word' id='word_1_57' title='bbox 126 560 281 596; x_wconf 89' lang='lat' dir='ltr'>rerum,</span> <span class='ocrx_word' id='word_1_58' title='bbox 306 560 435 601; x_wconf 85' lang='lat' dir='ltr'>quam</span> <span class='ocrx_word' id='word_1_59' title='bbox 467 545 520 586; x_wconf 93' lang='lat' dir='ltr'>de</span> <span class='ocrx_word' id='word_1_60' title='bbox 553 546 822 601; x_wconf 85' lang='lat' dir='ltr'>singulorum</span> <span class='ocrx_word' id='word_1_61' title='bbox 851 547 1006 598; x_wconf 85' lang='lat' dir='ltr'>causis,</span> <span class='ocrx_word' id='word_1_62' title='bbox 1033 561 1085 587; x_wconf 89' lang='lat' dir='ltr'>ac</span> <span class='ocrx_word' id='word_1_63' title='bbox 1116 545 1252 587; x_wconf 91' lang='lat' dir='ltr'>multo</span> <span class='ocrx_word' id='word_1_64' title='bbox 1274 545 1404 586; x_wconf 87' lang='lat' dir='ltr'>etiam</span> <span class='ocrx_word' id='word_1_65' title='bbox 1426 545 1566 600; x_wconf 84' lang='lat' dir='ltr'>majus</span> 
     </span>
     <span class='ocr_line' id='line_1_9' title="bbox 128 602 1632 657; baseline -0.001 -13"><span class='ocrx_word' id='word_1_66' title='bbox 128 602 181 643; x_wconf 87' lang='lat' dir='ltr'>de</span> <span class='ocrx_word' id='word_1_67' title='bbox 202 613 355 644; x_wconf 86' lang='lat' dir='ltr'>natura</span> <span class='ocrx_word' id='word_1_68' title='bbox 374 603 566 652; x_wconf 90' lang='lat' dir='ltr'>deorum,</span> <span class='ocrx_word' id='word_1_69' title='bbox 588 617 718 657; x_wconf 87' lang='lat' dir='ltr'>quam</span> <span class='ocrx_word' id='word_1_70' title='bbox 748 604 801 644; x_wconf 86' lang='lat' dir='ltr'>de</span> <span class='ocrx_word' id='word_1_71' title='bbox 822 603 1046 644; x_wconf 88' lang='lat' dir='ltr'>hominum</span> <span class='ocrx_word' id='word_1_72' title='bbox 1078 603 1227 644; x_wconf 82' lang='lat' dir='ltr'>litibus</span> <span class='ocrx_word' id='word_1_73' title='bbox 1248 603 1404 646; x_wconf 88' lang='lat' dir='ltr'>dicere.</span> <span class='ocrx_word' id='word_1_74' title='bbox 1464 602 1565 642; x_wconf 86' lang='lat' dir='ltr'>Non</span> <span class='ocrx_word' id='word_1_75' title='bbox 1578 613 1632 651; x_wconf 70' lang='lat'>72</span> 
     </span>
     <span class='ocr_line' id='line_1_10' title="bbox 127 659 1568 715; baseline 0 -15"><span class='ocrx_word' id='word_1_76' title='bbox 127 669 192 700; x_wconf 86' lang='lat' dir='ltr'>est</span> <span class='ocrx_word' id='word_1_77' title='bbox 213 660 286 710; x_wconf 85' lang='lat' dir='ltr'>ita,</span> <span class='ocrx_word' id='word_1_78' title='bbox 318 659 458 715; x_wconf 90' lang='lat' dir='ltr'>inquit</span> <span class='ocrx_word' id='word_1_79' title='bbox 484 659 717 702; x_wconf 84' lang='lat' dir='ltr'>Antonius.</span> <span class='ocrx_word' id='word_1_80' title='bbox 738 661 880 702; x_wconf 88' lang='lat' dir='ltr'>dicam</span> <span class='ocrx_word' id='word_1_81' title='bbox 909 662 1025 702; x_wconf 90' lang='lat' dir='ltr'>enim</span> <span class='ocrx_word' id='word_1_82' title='bbox 1055 661 1150 712; x_wconf 87' lang='lat' dir='ltr'>tibi,</span> <span class='ocrx_word' id='word_1_83' title='bbox 1174 660 1342 711; x_wconf 84' lang='lat' dir='ltr'>Catule,</span> <span class='ocrx_word' id='word_1_84' title='bbox 1364 674 1451 701; x_wconf 91' lang='lat' dir='ltr'>non</span> <span class='ocrx_word' id='word_1_85' title='bbox 1479 669 1568 700; x_wconf 86' lang='lat' dir='ltr'>tam</span> 
     </span>
     <span class='ocr_line' id='line_1_11' title="bbox 128 717 1569 774; baseline 0 -17"><span class='ocrx_word' id='word_1_86' title='bbox 128 717 295 768; x_wconf 90' lang='lat' dir='ltr'>doctus,</span> <span class='ocrx_word' id='word_1_87' title='bbox 333 731 478 771; x_wconf 85' lang='lat' dir='ltr'>quam,</span> <span class='ocrx_word' id='word_1_88' title='bbox 514 717 557 758; x_wconf 89' lang='lat' dir='ltr'>id</span> <span class='ocrx_word' id='word_1_89' title='bbox 590 718 705 773; x_wconf 92' lang='lat' dir='ltr'>quod</span> <span class='ocrx_word' id='word_1_90' title='bbox 741 728 805 759; x_wconf 88' lang='lat' dir='ltr'>est</span> <span class='ocrx_word' id='word_1_91' title='bbox 840 719 996 774; x_wconf 87' lang='lat' dir='ltr'>majus,</span> <span class='ocrx_word' id='word_1_92' title='bbox 1028 731 1246 773; x_wconf 80' lang='lat' dir='ltr'>expertus.</span> <span class='ocrx_word' id='word_1_93' title='bbox 1304 720 1344 751; x_wconf 75' lang='lat'>47</span> <span class='ocrx_word' id='word_1_94' title='bbox 1360 717 1569 759; x_wconf 87' lang='lat' dir='ltr'>Omnium</span> 
     </span>
     <span class='ocr_line' id='line_1_12' title="bbox 128 774 1569 827; baseline 0 -13"><span class='ocrx_word' id='word_1_95' title='bbox 128 782 364 814; x_wconf 88' lang='lat' dir='ltr'>ceterarum</span> <span class='ocrx_word' id='word_1_96' title='bbox 393 788 534 815; x_wconf 85' lang='lat' dir='ltr'>rerum</span> <span class='ocrx_word' id='word_1_97' title='bbox 562 776 715 827; x_wconf 85' lang='lat' dir='ltr'>oratio,</span> <span class='ocrx_word' id='word_1_98' title='bbox 740 776 845 816; x_wconf 86' lang='lat' dir='ltr'>mihi</span> <span class='ocrx_word' id='word_1_99' title='bbox 879 777 1017 826; x_wconf 89' lang='lat' dir='ltr'>crede,</span> <span class='ocrx_word' id='word_1_100' title='bbox 1039 775 1162 816; x_wconf 86' lang='lat' dir='ltr'>ludus</span> <span class='ocrx_word' id='word_1_101' title='bbox 1195 784 1260 816; x_wconf 87' lang='lat' dir='ltr'>est</span> <span class='ocrx_word' id='word_1_102' title='bbox 1290 774 1457 815; x_wconf 89' lang='lat' dir='ltr'>homini</span> <span class='ocrx_word' id='word_1_103' title='bbox 1481 788 1569 815; x_wconf 85' lang='lat' dir='ltr'>non</span> 
     </span>
     <span class='ocr_line' id='line_1_13' title="bbox 127 830 1572 889; baseline 0.001 -18"><span class='ocrx_word' id='word_1_104' title='bbox 127 830 287 882; x_wconf 91' lang='lat' dir='ltr'>hebeti,</span> <span class='ocrx_word' id='word_1_105' title='bbox 309 845 448 886; x_wconf 88' lang='lat' dir='ltr'>neque</span> <span class='ocrx_word' id='word_1_106' title='bbox 470 831 770 884; x_wconf 83' lang='lat' dir='ltr'>inexercitato,</span> <span class='ocrx_word' id='word_1_107' title='bbox 794 848 931 889; x_wconf 88' lang='lat' dir='ltr'>neque</span> <span class='ocrx_word' id='word_1_108' title='bbox 952 833 1248 874; x_wconf 84' lang='lat' dir='ltr'>communium</span> <span class='ocrx_word' id='word_1_109' title='bbox 1266 831 1505 873; x_wconf 87' lang='lat' dir='ltr'>litterarum</span> <span class='ocrx_word' id='word_1_110' title='bbox 1526 841 1572 872; x_wconf 78' lang='lat' dir='ltr'>et</span> 
     </span>
     <span class='ocr_line' id='line_1_14' title="bbox 127 887 1573 947; baseline 0.001 -19"><span class='ocrx_word' id='word_1_111' title='bbox 127 887 340 944; x_wconf 88' lang='lat' dir='ltr'>politioris</span> <span class='ocrx_word' id='word_1_112' title='bbox 367 888 647 931; x_wconf 86' lang='lat' dir='ltr'>humanitatis</span> <span class='ocrx_word' id='word_1_113' title='bbox 681 892 874 947; x_wconf 83' lang='lat' dir='ltr'>experti:</span> <span class='ocrx_word' id='word_1_114' title='bbox 907 891 951 931; x_wconf 90' lang='lat' dir='ltr'>in</span> <span class='ocrx_word' id='word_1_115' title='bbox 972 905 1196 932; x_wconf 84' lang='lat' dir='ltr'>causarum</span> <span class='ocrx_word' id='word_1_116' title='bbox 1218 889 1573 931; x_wconf 82' lang='lat' dir='ltr'>contentionibus</span> 
     </span>
     <span class='ocr_line' id='line_1_15' title="bbox 126 947 1574 1004; baseline 0.001 -18"><span class='ocrx_word' id='word_1_117' title='bbox 126 959 334 1001; x_wconf 84' lang='lat' dir='ltr'>magnum</span> <span class='ocrx_word' id='word_1_118' title='bbox 365 956 430 987; x_wconf 89' lang='lat' dir='ltr'>est</span> <span class='ocrx_word' id='word_1_119' title='bbox 457 947 674 1002; x_wconf 83' lang='lat' dir='ltr'>quoddam</span> <span class='ocrx_word' id='word_1_120' title='bbox 699 963 822 1004; x_wconf 89' lang='lat' dir='ltr'>opus,</span> <span class='ocrx_word' id='word_1_121' title='bbox 844 959 973 1003; x_wconf 85' lang='lat' dir='ltr'>atque</span> <span class='ocrx_word' id='word_1_122' title='bbox 1002 948 1116 988; x_wconf 86' lang='lat' dir='ltr'>haud</span> <span class='ocrx_word' id='word_1_123' title='bbox 1150 948 1297 998; x_wconf 85' lang='lat' dir='ltr'>sciam,</span> <span class='ocrx_word' id='word_1_124' title='bbox 1319 962 1373 988; x_wconf 84' lang='lat' dir='ltr'>an</span> <span class='ocrx_word' id='word_1_125' title='bbox 1406 947 1459 987; x_wconf 88' lang='lat' dir='ltr'>de</span> <span class='ocrx_word' id='word_1_126' title='bbox 1491 947 1574 988; x_wconf 84' lang='lat' dir='ltr'>hu-</span> 
     </span>
     <span class='ocr_line' id='line_1_16' title="bbox 127 1003 1574 1061; baseline 0.001 -19"><span class='ocrx_word' id='word_1_127' title='bbox 127 1003 266 1043; x_wconf 85' lang='lat' dir='ltr'>manis</span> <span class='ocrx_word' id='word_1_128' title='bbox 285 1004 490 1059; x_wconf 80' lang='lat' dir='ltr'>¹operibus</span> <span class='ocrx_word' id='word_1_129' title='bbox 514 1004 642 1061; x_wconf 84' lang='lat' dir='ltr'>longe</span> <span class='ocrx_word' id='word_1_130' title='bbox 661 1007 900 1047; x_wconf 78' lang='lat' dir='ltr'>maximum</span> <span class='ocrx_word' id='word_1_131' title='bbox 917 1023 925 1047; x_wconf 91' lang='lat'>:</span> <span class='ocrx_word' id='word_1_132' title='bbox 957 1006 1001 1046; x_wconf 91' lang='lat' dir='ltr'>in</span> <span class='ocrx_word' id='word_1_133' title='bbox 1020 1006 1177 1060; x_wconf 85' lang='lat' dir='ltr'>quibus</span> <span class='ocrx_word' id='word_1_134' title='bbox 1201 1006 1262 1046; x_wconf 85' lang='lat' dir='ltr'>vis</span> <span class='ocrx_word' id='word_1_135' title='bbox 1285 1004 1464 1045; x_wconf 84' lang='lat' dir='ltr'>oratoris</span> <span class='ocrx_word' id='word_1_136' title='bbox 1483 1004 1574 1059; x_wconf 86' lang='lat' dir='ltr'>ple-</span> 
     </span>
     <span class='ocr_line' id='line_1_17' title="bbox 129 1061 1576 1118; baseline 0.001 -18"><span class='ocrx_word' id='word_1_137' title='bbox 129 1074 309 1116; x_wconf 86' lang='lat' dir='ltr'>rumque</span> <span class='ocrx_word' id='word_1_138' title='bbox 331 1061 386 1101; x_wconf 88' lang='lat' dir='ltr'>ab</span> <span class='ocrx_word' id='word_1_139' title='bbox 417 1061 627 1118; x_wconf 88' lang='lat' dir='ltr'>imperitis</span> <span class='ocrx_word' id='word_1_140' title='bbox 649 1064 769 1104; x_wconf 80' lang='lat' dir='ltr'>exitu</span> <span class='ocrx_word' id='word_1_141' title='bbox 800 1073 843 1104; x_wconf 88' lang='lat' dir='ltr'>et</span> <span class='ocrx_word' id='word_1_142' title='bbox 867 1063 1050 1104; x_wconf 85' lang='lat' dir='ltr'>victoria</span> <span class='ocrx_word' id='word_1_143' title='bbox 1071 1063 1319 1117; x_wconf 81' lang='lat' dir='ltr'>judicatur3</span> <span class='ocrx_word' id='word_1_144' title='bbox 1351 1061 1425 1102; x_wconf 92' lang='lat' dir='ltr'>ubi</span> <span class='ocrx_word' id='word_1_145' title='bbox 1455 1062 1576 1102; x_wconf 80' lang='lat' dir='ltr'>adest</span> 
     </span>
     <span class='ocr_line' id='line_1_18' title="bbox 131 1118 1574 1175; baseline 0.001 -18"><span class='ocrx_word' id='word_1_146' title='bbox 131 1128 319 1158; x_wconf 85' lang='lat' dir='ltr'>armatus</span> <span class='ocrx_word' id='word_1_147' title='bbox 348 1119 627 1171; x_wconf 83' lang='lat' dir='ltr'>adversarius,</span> <span class='ocrx_word' id='word_1_148' title='bbox 658 1121 733 1175; x_wconf 93' lang='lat' dir='ltr'>qui</span> <span class='ocrx_word' id='word_1_149' title='bbox 772 1121 827 1161; x_wconf 87' lang='lat' dir='ltr'>sit</span> <span class='ocrx_word' id='word_1_150' title='bbox 864 1130 908 1161; x_wconf 86' lang='lat' dir='ltr'>et</span> <span class='ocrx_word' id='word_1_151' title='bbox 941 1120 1172 1170; x_wconf 84' lang='lat' dir='ltr'>feriendus,</span> <span class='ocrx_word' id='word_1_152' title='bbox 1203 1128 1247 1159; x_wconf 88' lang='lat' dir='ltr'>et</span> <span class='ocrx_word' id='word_1_153' title='bbox 1281 1118 1574 1174; x_wconf 85' lang='lat' dir='ltr'>repellendus:</span> 
     </span>
     <span class='ocr_line' id='line_1_19' title="bbox 133 1175 1577 1232; baseline 0.001 -17"><span class='ocrx_word' id='word_1_154' title='bbox 133 1175 207 1215; x_wconf 88' lang='lat' dir='ltr'>ubi</span> <span class='ocrx_word' id='word_1_155' title='bbox 233 1190 347 1231; x_wconf 85' lang='lat' dir='ltr'>saepe</span> <span class='ocrx_word' id='word_1_156' title='bbox 381 1176 431 1227; x_wconf 90' lang='lat' dir='ltr'>is,</span> <span class='ocrx_word' id='word_1_157' title='bbox 461 1179 586 1232; x_wconf 75' lang='lat' dir='ltr'>48qui</span> <span class='ocrx_word' id='word_1_158' title='bbox 615 1178 674 1218; x_wconf 92' lang='lat' dir='ltr'>rei</span> <span class='ocrx_word' id='word_1_159' title='bbox 707 1179 908 1219; x_wconf 89' lang='lat' dir='ltr'>dominus</span> <span class='ocrx_word' id='word_1_160' title='bbox 940 1177 1109 1221; x_wconf 86' lang='lat' dir='ltr'>futurus</span> <span class='ocrx_word' id='word_1_161' title='bbox 1141 1186 1221 1227; x_wconf 88' lang='lat' dir='ltr'>est,</span> <span class='ocrx_word' id='word_1_162' title='bbox 1251 1176 1412 1217; x_wconf 90' lang='lat' dir='ltr'>alienus</span> <span class='ocrx_word' id='word_1_163' title='bbox 1446 1186 1577 1231; x_wconf 89' lang='lat' dir='ltr'>atque</span> 
     </span>
     <span class='ocr_line' id='line_1_20' title="bbox 131 1231 1578 1286; baseline 0.001 -14"><span class='ocrx_word' id='word_1_164' title='bbox 131 1231 280 1283; x_wconf 82' lang='lat' dir='ltr'>iratus,</span> <span class='ocrx_word' id='word_1_165' title='bbox 311 1243 385 1274; x_wconf 87' lang='lat' dir='ltr'>aut</span> <span class='ocrx_word' id='word_1_166' title='bbox 417 1233 546 1275; x_wconf 88' lang='lat' dir='ltr'>etiam</span> <span class='ocrx_word' id='word_1_167' title='bbox 584 1236 747 1277; x_wconf 86' lang='lat' dir='ltr'>amicus</span> <span class='ocrx_word' id='word_1_168' title='bbox 783 1235 1025 1276; x_wconf 78' lang='lat' dir='ltr'>adversario</span> <span class='ocrx_word' id='word_1_169' title='bbox 1060 1244 1105 1276; x_wconf 90' lang='lat' dir='ltr'>et</span> <span class='ocrx_word' id='word_1_170' title='bbox 1138 1235 1339 1275; x_wconf 89' lang='lat' dir='ltr'>inimicus</span> <span class='ocrx_word' id='word_1_171' title='bbox 1372 1233 1453 1274; x_wconf 89' lang='lat' dir='ltr'>tibi</span> <span class='ocrx_word' id='word_1_172' title='bbox 1485 1242 1578 1286; x_wconf 87' lang='lat' dir='ltr'>est;</span> 
     </span>
     <span class='ocr_line' id='line_1_21' title="bbox 134 1291 1578 1347; baseline 0.001 -17"><span class='ocrx_word' id='word_1_173' title='bbox 134 1304 233 1330; x_wconf 90' lang='lat' dir='ltr'>cum</span> <span class='ocrx_word' id='word_1_174' title='bbox 256 1299 330 1331; x_wconf 86' lang='lat' dir='ltr'>aut</span> <span class='ocrx_word' id='word_1_175' title='bbox 351 1291 569 1333; x_wconf 88' lang='lat' dir='ltr'>docendus</span> <span class='ocrx_word' id='word_1_176' title='bbox 592 1293 626 1333; x_wconf 89' lang='lat' dir='ltr'>is</span> <span class='ocrx_word' id='word_1_177' title='bbox 648 1302 728 1345; x_wconf 89' lang='lat' dir='ltr'>est,</span> <span class='ocrx_word' id='word_1_178' title='bbox 759 1302 833 1335; x_wconf 85' lang='lat' dir='ltr'>aut</span> <span class='ocrx_word' id='word_1_179' title='bbox 854 1293 1142 1343; x_wconf 84' lang='lat' dir='ltr'>dedocendus,</span> <span class='ocrx_word' id='word_1_180' title='bbox 1172 1300 1248 1333; x_wconf 87' lang='lat' dir='ltr'>aut</span> <span class='ocrx_word' id='word_1_181' title='bbox 1267 1291 1578 1347; x_wconf 87' lang='lat' dir='ltr'>reprimendus,</span> 
     </span>
     <span class='ocr_line' id='line_1_22' title="bbox 133 1347 1579 1406; baseline 0.001 -19"><span class='ocrx_word' id='word_1_182' title='bbox 133 1356 208 1388; x_wconf 88' lang='lat' dir='ltr'>aut</span> <span class='ocrx_word' id='word_1_183' title='bbox 240 1347 498 1399; x_wconf 88' lang='lat' dir='ltr'>incitandus,</span> <span class='ocrx_word' id='word_1_184' title='bbox 528 1359 604 1390; x_wconf 88' lang='lat' dir='ltr'>aut</span> <span class='ocrx_word' id='word_1_185' title='bbox 639 1351 756 1392; x_wconf 87' lang='lat' dir='ltr'>omni</span> <span class='ocrx_word' id='word_1_186' title='bbox 790 1351 956 1391; x_wconf 89' lang='lat' dir='ltr'>ratione</span> <span class='ocrx_word' id='word_1_187' title='bbox 992 1351 1046 1392; x_wconf 89' lang='lat' dir='ltr'>ad</span> <span class='ocrx_word' id='word_1_188' title='bbox 1081 1359 1268 1406; x_wconf 75' lang='lat' dir='ltr'>tempus,</span> <span class='ocrx_word' id='word_1_189' title='bbox 1300 1349 1354 1390; x_wconf 84' lang='lat' dir='ltr'>ad</span> <span class='ocrx_word' id='word_1_190' title='bbox 1390 1363 1579 1399; x_wconf 85' lang='lat' dir='ltr'>causam,</span> 
     </span>
     <span class='ocr_line' id='line_1_23' title="bbox 135 1404 1580 1464; baseline 0.001 -20"><span class='ocrx_word' id='word_1_191' title='bbox 135 1404 329 1446; x_wconf 85' lang='lat' dir='ltr'>oratione</span> <span class='ocrx_word' id='word_1_192' title='bbox 380 1406 690 1450; x_wconf 85' lang='lat' dir='ltr'>moderandus:</span> <span class='ocrx_word' id='word_1_193' title='bbox 741 1408 854 1461; x_wconf 78' lang='lat' dir='ltr'>(49in</span> <span class='ocrx_word' id='word_1_194' title='bbox 896 1423 982 1464; x_wconf 92' lang='lat' dir='ltr'>quo</span> <span class='ocrx_word' id='word_1_195' title='bbox 1036 1422 1151 1464; x_wconf 88' lang='lat' dir='ltr'>saepe</span> <span class='ocrx_word' id='word_1_196' title='bbox 1193 1406 1485 1448; x_wconf 78' lang='lat' dir='ltr'>benivolentia</span> <span class='ocrx_word' id='word_1_197' title='bbox 1525 1406 1580 1447; x_wconf 87' lang='lat' dir='ltr'>ad</span> 
     </span>
     <span class='ocr_line' id='line_1_24' title="bbox 133 1461 1580 1514; baseline 0.001 -12"><span class='ocrx_word' id='word_1_198' title='bbox 133 1461 296 1514; x_wconf 87' lang='lat' dir='ltr'>odium,</span> <span class='ocrx_word' id='word_1_199' title='bbox 329 1463 477 1504; x_wconf 89' lang='lat' dir='ltr'>odium</span> <span class='ocrx_word' id='word_1_200' title='bbox 509 1475 654 1506; x_wconf 85' lang='lat' dir='ltr'>autem</span> <span class='ocrx_word' id='word_1_201' title='bbox 683 1465 736 1507; x_wconf 84' lang='lat' dir='ltr'>ad</span> <span class='ocrx_word' id='word_1_202' title='bbox 767 1465 1102 1507; x_wconf 79' lang='lat' dir='ltr'>benivolentiam</span> <span class='ocrx_word' id='word_1_203' title='bbox 1135 1465 1436 1506; x_wconf 88' lang='lat' dir='ltr'>deducendum</span> <span class='ocrx_word' id='word_1_204' title='bbox 1467 1472 1531 1505; x_wconf 89' lang='lat' dir='ltr'>est</span> <span class='ocrx_word' id='word_1_205' title='bbox 1546 1465 1580 1514; x_wconf 89' lang='lat'>:)</span> 
     </span>
     <span class='ocr_line' id='line_1_25' title="bbox 133 1519 1580 1579; baseline 0.001 -19"><span class='ocrx_word' id='word_1_206' title='bbox 133 1519 208 1574; x_wconf 92' lang='lat' dir='ltr'>qui</span> <span class='ocrx_word' id='word_1_207' title='bbox 230 1530 436 1576; x_wconf 80' lang='lat' dir='ltr'>tanquam</span> <span class='ocrx_word' id='word_1_208' title='bbox 458 1522 778 1564; x_wconf 85' lang='lat' dir='ltr'>machinatione</span> <span class='ocrx_word' id='word_1_209' title='bbox 799 1523 942 1579; x_wconf 85' lang='lat' dir='ltr'>aliqua</span> <span class='ocrx_word' id='word_1_210' title='bbox 963 1532 1054 1564; x_wconf 89' lang='lat' dir='ltr'>tum</span> <span class='ocrx_word' id='word_1_211' title='bbox 1085 1522 1138 1563; x_wconf 87' lang='lat' dir='ltr'>ad</span> <span class='ocrx_word' id='word_1_212' title='bbox 1168 1522 1456 1572; x_wconf 82' lang='lat' dir='ltr'>severitatem,</span> <span class='ocrx_word' id='word_1_213' title='bbox 1485 1530 1580 1562; x_wconf 83' lang='lat' dir='ltr'>tum</span> 
     </span>
     <span class='ocr_line' id='line_1_26' title="bbox 134 1576 1581 1632; baseline 0.001 -15"><span class='ocrx_word' id='word_1_214' title='bbox 134 1576 187 1618; x_wconf 88' lang='lat' dir='ltr'>ad</span> <span class='ocrx_word' id='word_1_215' title='bbox 209 1577 504 1620; x_wconf 85' lang='lat' dir='ltr'>remissionem</span> <span class='ocrx_word' id='word_1_216' title='bbox 530 1580 679 1632; x_wconf 86' lang='lat' dir='ltr'>animi,</span> <span class='ocrx_word' id='word_1_217' title='bbox 710 1589 802 1622; x_wconf 88' lang='lat' dir='ltr'>tum</span> <span class='ocrx_word' id='word_1_218' title='bbox 831 1582 885 1622; x_wconf 88' lang='lat' dir='ltr'>ad</span> <span class='ocrx_word' id='word_1_219' title='bbox 917 1580 1153 1631; x_wconf 85' lang='lat' dir='ltr'>tristitiam,</span> <span class='ocrx_word' id='word_1_220' title='bbox 1177 1590 1270 1621; x_wconf 88' lang='lat' dir='ltr'>tum</span> <span class='ocrx_word' id='word_1_221' title='bbox 1299 1580 1353 1621; x_wconf 83' lang='lat' dir='ltr'>ad</span> <span class='ocrx_word' id='word_1_222' title='bbox 1380 1579 1581 1620; x_wconf 86' lang='lat' dir='ltr'>laetitiam</span> 
     </span>
     <span class='ocr_line' id='line_1_27' title="bbox 135 1637 1644 1694; baseline 0.001 -19"><span class='ocrx_word' id='word_1_223' title='bbox 135 1642 202 1675; x_wconf 88' lang='lat' dir='ltr'>est</span> <span class='ocrx_word' id='word_1_224' title='bbox 224 1637 590 1691; x_wconf 87' lang='lat' dir='ltr'>contorquendus.</span> <span class='ocrx_word' id='word_1_225' title='bbox 651 1638 861 1680; x_wconf 86' lang='lat' dir='ltr'>Omnium</span> <span class='ocrx_word' id='word_1_226' title='bbox 893 1638 1204 1679; x_wconf 83' lang='lat' dir='ltr'>sententiarum</span> <span class='ocrx_word' id='word_1_227' title='bbox 1236 1637 1465 1694; x_wconf 83' lang='lat' dir='ltr'>gravitate,</span> <span class='ocrx_word' id='word_1_228' title='bbox 1486 1651 1644 1692; x_wconf 69' lang='lat' dir='ltr'>om-73</span> 
     </span>
     <span class='ocr_line' id='line_1_28' title="bbox 134 1691 1584 1751; baseline 0.002 -20"><span class='ocrx_word' id='word_1_229' title='bbox 134 1691 256 1733; x_wconf 91' lang='lat' dir='ltr'>nium</span> <span class='ocrx_word' id='word_1_230' title='bbox 278 1694 508 1735; x_wconf 84' lang='lat' dir='ltr'>verborum</span> <span class='ocrx_word' id='word_1_231' title='bbox 537 1695 799 1751; x_wconf 84' lang='lat' dir='ltr'>ponderibus</span> <span class='ocrx_word' id='word_1_232' title='bbox 826 1705 891 1738; x_wconf 91' lang='lat' dir='ltr'>est</span> <span class='ocrx_word' id='word_1_233' title='bbox 912 1696 1135 1737; x_wconf 87' lang='lat' dir='ltr'>utendum.</span> <span class='ocrx_word' id='word_1_234' title='bbox 1195 1694 1390 1736; x_wconf 82' lang='lat' dir='ltr'>Accedat</span> <span class='ocrx_word' id='word_1_235' title='bbox 1409 1702 1584 1750; x_wconf 79' lang='lat' dir='ltr'>oportet</span> 
     </span>
     <span class='ocr_line' id='line_1_29' title="bbox 137 1749 1587 1810; baseline 0.002 -21"><span class='ocrx_word' id='word_1_236' title='bbox 137 1749 252 1790; x_wconf 88' lang='lat' dir='ltr'>actio</span> <span class='ocrx_word' id='word_1_237' title='bbox 276 1750 406 1802; x_wconf 88' lang='lat' dir='ltr'>varia,</span> <span class='ocrx_word' id='word_1_238' title='bbox 427 1751 673 1806; x_wconf 87' lang='lat' dir='ltr'>vehemens,</span> <span class='ocrx_word' id='word_1_239' title='bbox 694 1753 821 1810; x_wconf 89' lang='lat' dir='ltr'>plena</span> <span class='ocrx_word' id='word_1_240' title='bbox 836 1754 985 1804; x_wconf 90' lang='lat' dir='ltr'>animi,</span> <span class='ocrx_word' id='word_1_241' title='bbox 1004 1753 1131 1809; x_wconf 85' lang='lat' dir='ltr'>plena</span> <span class='ocrx_word' id='word_1_242' title='bbox 1152 1753 1342 1809; x_wconf 80' lang='lat' dir='ltr'>spiritus,</span> <span class='ocrx_word' id='word_1_243' title='bbox 1366 1751 1493 1808; x_wconf 87' lang='lat' dir='ltr'>plena</span> <span class='ocrx_word' id='word_1_244' title='bbox 1506 1751 1587 1792; x_wconf 90' lang='lat' dir='ltr'>do-</span> 
     </span>
     <span class='ocr_line' id='line_1_30' title="bbox 137 1805 1586 1868; baseline 0.002 -22"><span class='ocrx_word' id='word_1_245' title='bbox 137 1805 252 1858; x_wconf 83' lang='lat' dir='ltr'>loris,</span> <span class='ocrx_word' id='word_1_246' title='bbox 274 1806 402 1863; x_wconf 86' lang='lat' dir='ltr'>plena</span> <span class='ocrx_word' id='word_1_247' title='bbox 430 1810 638 1852; x_wconf 85' lang='lat' dir='ltr'>veritatis.</span> <span class='ocrx_word' id='word_1_248' title='bbox 700 1811 753 1853; x_wconf 84' lang='lat' dir='ltr'>[n</span> <span class='ocrx_word' id='word_1_249' title='bbox 784 1811 852 1852; x_wconf 91' lang='lat' dir='ltr'>his</span> <span class='ocrx_word' id='word_1_250' title='bbox 875 1811 1078 1868; x_wconf 90' lang='lat' dir='ltr'>operibus</span> <span class='ocrx_word' id='word_1_251' title='bbox 1107 1810 1142 1851; x_wconf 86' lang='lat' dir='ltr'>si</span> <span class='ocrx_word' id='word_1_252' title='bbox 1170 1811 1266 1865; x_wconf 92' lang='lat' dir='ltr'>quis</span> <span class='ocrx_word' id='word_1_253' title='bbox 1299 1809 1416 1850; x_wconf 83' lang='lat' dir='ltr'>illam</span> <span class='ocrx_word' id='word_1_254' title='bbox 1448 1819 1586 1850; x_wconf 87' lang='lat' dir='ltr'>artem</span> 
     </span>
     <span class='ocr_line' id='line_1_31' title="bbox 139 1864 1585 1924; baseline 0.002 -20"><span class='ocrx_word' id='word_1_255' title='bbox 139 1864 528 1921; x_wconf 86' lang='lat' dir='ltr'>comprehenderit,</span> <span class='ocrx_word' id='word_1_256' title='bbox 568 1877 631 1920; x_wconf 89' lang='lat' dir='ltr'>ut,</span> <span class='ocrx_word' id='word_1_257' title='bbox 673 1877 878 1924; x_wconf 80' lang='lat' dir='ltr'>tanquam</span> <span class='ocrx_word' id='word_1_258' title='bbox 918 1868 1109 1919; x_wconf 85' lang='lat' dir='ltr'>Phidias,</span> <span class='ocrx_word' id='word_1_259' title='bbox 1153 1867 1369 1908; x_wconf 84' lang='lat' dir='ltr'>Minervae</span> <span class='ocrx_word' id='word_1_260' title='bbox 1411 1866 1585 1923; x_wconf 83' lang='lat' dir='ltr'>signum</span> 
     </span>
     <span class='ocr_line' id='line_1_32' title="bbox 135 1921 1585 1982; baseline 0.003 -20"><span class='ocrx_word' id='word_1_261' title='bbox 135 1921 304 1963; x_wconf 83' lang='lat' dir='ltr'>efficere</span> <span class='ocrx_word' id='word_1_262' title='bbox 328 1924 491 1978; x_wconf 67' lang='lat' dir='ltr'>possit,</span> <span class='ocrx_word' id='word_1_263' title='bbox 519 1927 656 1966; x_wconf 86' lang='lat' dir='ltr'>50n0n</span> <span class='ocrx_word' id='word_1_264' title='bbox 678 1941 792 1978; x_wconf 84' lang='lat' dir='ltr'>sane,</span> <span class='ocrx_word' id='word_1_265' title='bbox 815 1926 1178 1982; x_wconf 85' lang='lat' dir='ltr'>quemadmodum</span> <span class='ocrx_word' id='word_1_266' title='bbox 1210 1925 1254 1965; x_wconf 91' lang='lat' dir='ltr'>in</span> <span class='ocrx_word' id='word_1_267' title='bbox 1285 1924 1439 1980; x_wconf 89' lang='lat' dir='ltr'>clypeo</span> <span class='ocrx_word' id='word_1_268' title='bbox 1469 1924 1585 1966; x_wconf 87' lang='lat' dir='ltr'>idem</span> 
     </span>
     <span class='ocr_line' id='line_1_33' title="bbox 137 1978 1423 2040; baseline 0.002 -21"><span class='ocrx_word' id='word_1_269' title='bbox 137 1978 206 2019; x_wconf 92' lang='lat' dir='ltr'>ille</span> <span class='ocrx_word' id='word_1_270' title='bbox 227 1979 401 2032; x_wconf 82' lang='lat' dir='ltr'>artifex,</span> <span class='ocrx_word' id='word_1_271' title='bbox 422 1983 590 2023; x_wconf 88' lang='lat' dir='ltr'>minora</span> <span class='ocrx_word' id='word_1_272' title='bbox 612 1983 683 2024; x_wconf 89' lang='lat' dir='ltr'>illa</span> <span class='ocrx_word' id='word_1_273' title='bbox 704 1998 833 2040; x_wconf 85' lang='lat' dir='ltr'>opera</span> <span class='ocrx_word' id='word_1_274' title='bbox 855 1983 995 2025; x_wconf 85' lang='lat' dir='ltr'>facere</span> <span class='ocrx_word' id='word_1_275' title='bbox 1017 1983 1170 2033; x_wconf 87' lang='lat' dir='ltr'>discat,</span> <span class='ocrx_word' id='word_1_276' title='bbox 1192 1982 1423 2023; x_wconf 81' lang='lat' dir='ltr'>laborabit.</span> 
     </span>
    </p>

    <p class='ocr_par' dir='ltr' id='par_1_3' title="bbox 142 2036 1669 2154">
     <span class='ocr_line' id='line_1_34' title="bbox 196 2036 1669 2096; baseline 0.001 -19"><span class='ocrx_word' id='word_1_277' title='bbox 196 2036 308 2078; x_wconf 90' lang='lat' dir='ltr'>Tum</span> <span class='ocrx_word' id='word_1_278' title='bbox 333 2037 512 2080; x_wconf 85' lang='lat' dir='ltr'>Catulus</span> <span class='ocrx_word' id='word_1_279' title='bbox 531 2057 541 2082; x_wconf 75' lang='grc' dir='ltr'><em>τ</em></span> <span class='ocrx_word' id='word_1_280' title='bbox 574 2040 676 2087; x_wconf 82' lang='lat' dir='ltr'>Quo</span> <span class='ocrx_word' id='word_1_281' title='bbox 697 2041 780 2083; x_wconf 87' lang='lat' dir='ltr'>ista</span> <span class='ocrx_word' id='word_1_282' title='bbox 800 2041 966 2096; x_wconf 81' lang='lat' dir='ltr'>majora</span> <span class='ocrx_word' id='word_1_283' title='bbox 986 2056 1036 2082; x_wconf 84' lang='lat' dir='ltr'>ac</span> <span class='ocrx_word' id='word_1_284' title='bbox 1065 2039 1332 2082; x_wconf 81' lang='lat' dir='ltr'>mirabiliora</span> <span class='ocrx_word' id='word_1_285' title='bbox 1353 2038 1511 2090; x_wconf 88' lang='lat' dir='ltr'>fecisti,</span> <span class='ocrx_word' id='word_1_286' title='bbox 1532 2053 1583 2080; x_wconf 89' lang='lat' dir='ltr'>eo</span> <span class='ocrx_word' id='word_1_287' title='bbox 1602 2037 1669 2085; x_wconf 85' lang='grc'>18</span> 
     </span>
     <span class='ocr_line' id='line_1_35' title="bbox 142 2095 1649 2154; baseline 0.005 -19"><span class='ocrx_word' id='word_1_288' title='bbox 142 2108 210 2136; x_wconf 89' lang='lat' dir='ltr'>me</span> <span class='ocrx_word' id='word_1_289' title='bbox 227 2095 367 2151; x_wconf 84' lang='lat' dir='ltr'>major</span> <span class='ocrx_word' id='word_1_290' title='bbox 385 2098 654 2154; x_wconf 82' lang='lat' dir='ltr'>exspectatio</span> <span class='ocrx_word' id='word_1_291' title='bbox 675 2108 806 2151; x_wconf 87' lang='lat' dir='ltr'>tenet,</span> <span class='ocrx_word' id='word_1_292' title='bbox 822 2099 1081 2154; x_wconf 87' lang='lat' dir='ltr'>quibusnam</span> <span class='ocrx_word' id='word_1_293' title='bbox 1102 2098 1357 2149; x_wconf 84' lang='lat' dir='ltr'>rationibus,</span> <span class='ocrx_word' id='word_1_294' title='bbox 1374 2096 1586 2152; x_wconf 85' lang='lat' dir='ltr'>quibusve</span> <span class='ocrx_word' id='word_1_295' title='bbox 1596 2109 1649 2148; x_wconf 78' lang='lat'>74</span> 
     </span>
    </p>
   </div>
   <div class='ocr_carea' id='block_1_3' title="bbox 139 2208 840 2293">
    <p class='ocr_par' dir='ltr' id='par_1_4' title="bbox 139 2208 840 2293">
     <span class='ocr_line' id='line_1_36' title="bbox 139 2208 838 2251; baseline 0.007 -12"><span class='ocrx_word' id='word_1_296' title='bbox 139 2208 214 2240; x_wconf 78' lang='lat' dir='ltr'>inde</span> <span class='ocrx_word' id='word_1_297' title='bbox 249 2209 390 2240; x_wconf 81' lang='lat' dir='ltr'>fidenter</span> <span class='ocrx_word' id='word_1_298' title='bbox 423 2211 623 2242; x_wconf 82' lang='lat' dir='ltr'>correximus</span> <span class='ocrx_word' id='word_1_299' title='bbox 660 2222 838 2251; x_wconf 71' lang='lat' dir='ltr'>assumere,</span> 
     </span>
     <span class='ocr_line' id='line_1_37' title="bbox 141 2253 840 2293; baseline 0.006 -11"><span class='ocrx_word' id='word_1_300' title='bbox 141 2262 201 2293; x_wconf 86' lang='lat' dir='ltr'>pro</span> <span class='ocrx_word' id='word_1_301' title='bbox 214 2257 409 2283; x_wconf 76' lang='lat' dir='ltr'>assumeret.-</span> <span class='ocrx_word' id='word_1_302' title='bbox 431 2253 551 2293; x_wconf 87' lang='lat' dir='ltr'>pendet</span> <span class='ocrx_word' id='word_1_303' title='bbox 566 2255 654 2285; x_wconf 83' lang='lat' dir='ltr'>enim</span> <span class='ocrx_word' id='word_1_304' title='bbox 666 2256 840 2287; x_wconf 84' lang='lat' dir='ltr'>manifeste</span> 
     </span>
    </p>
   </div>
   <div class='ocr_carea' id='block_1_4' title="bbox 141 2295 842 2377">
    <p class='ocr_par' dir='ltr' id='par_1_5' title="bbox 141 2295 842 2377">
     <span class='ocr_line' id='line_1_38' title="bbox 141 2295 842 2338; baseline 0.006 -13"><span class='ocrx_word' id='word_1_305' title='bbox 141 2295 182 2325; x_wconf 90' lang='lat' dir='ltr'>ab</span> <span class='ocrx_word' id='word_1_306' title='bbox 196 2299 371 2335; x_wconf 72' lang='lat' dir='ltr'>oporteret:</span> <span class='ocrx_word' id='word_1_307' title='bbox 393 2295 471 2334; x_wconf 78' lang='lat' dir='ltr'>quid</span> <span class='ocrx_word' id='word_1_308' title='bbox 485 2302 651 2328; x_wconf 87' lang='lat' dir='ltr'>oratorem</span> <span class='ocrx_word' id='word_1_309' title='bbox 671 2303 842 2338; x_wconf 84' lang='lat' dir='ltr'>oporteret</span> 
     </span>
     <span class='ocr_line' id='line_1_39' title="bbox 142 2337 560 2377; baseline 0.007 -10"><span class='ocrx_word' id='word_1_310' title='bbox 142 2337 276 2374; x_wconf 83' lang='lat' dir='ltr'>discere,</span> <span class='ocrx_word' id='word_1_311' title='bbox 291 2337 371 2377; x_wconf 82' lang='lat' dir='ltr'>quid.</span> <span class='ocrx_word' id='word_1_312' title='bbox 382 2347 560 2370; x_wconf 78' lang='lat' dir='ltr'>assumere.</span> 
     </span>
    </p>
   </div>
   <div class='ocr_carea' id='block_1_5' title="bbox 143 2381 846 2680">
    <p class='ocr_par' dir='ltr' id='par_1_6' title="bbox 143 2381 846 2680">
     <span class='ocr_line' id='line_1_40' title="bbox 183 2381 837 2423; baseline 0.008 -13"><span class='ocrx_word' id='word_1_313' title='bbox 183 2382 223 2414; x_wconf 86' lang='lat'>47</span> <span class='ocrx_word' id='word_1_314' title='bbox 250 2381 408 2411; x_wconf 78' lang='lat' dir='ltr'>Omnium</span> <span class='ocrx_word' id='word_1_315' title='bbox 441 2386 537 2412; x_wconf 85' lang='lat' dir='ltr'>cete-r.</span> <span class='ocrx_word' id='word_1_316' title='bbox 565 2392 597 2413; x_wconf 80' lang='lat' dir='ltr'>r.</span> <span class='ocrx_word' id='word_1_317' title='bbox 627 2383 734 2414; x_wconf 80' lang='lat' dir='ltr'>oratio</span> <span class='ocrx_word' id='word_1_318' title='bbox 763 2383 837 2423; x_wconf 86' lang='lat' dir='ltr'>&amp;c.]</span> 
     </span>
     <span class='ocr_line' id='line_1_41' title="bbox 143 2421 843 2465; baseline 0.006 -13"><span class='ocrx_word' id='word_1_319' title='bbox 143 2421 231 2452; x_wconf 88' lang='lat' dir='ltr'>Tota</span> <span class='ocrx_word' id='word_1_320' title='bbox 254 2422 324 2453; x_wconf 79' lang='lat' dir='ltr'>haec</span> <span class='ocrx_word' id='word_1_321' title='bbox 349 2423 424 2465; x_wconf 72' lang='grc' dir='ltr'><strong><em>ῥῆσις</em></strong></span> <span class='ocrx_word' id='word_1_322' title='bbox 451 2428 500 2454; x_wconf 82' lang='lat' dir='ltr'>est</span> <span class='ocrx_word' id='word_1_323' title='bbox 524 2424 656 2465; x_wconf 82' lang='lat' dir='ltr'>longius</span> <span class='ocrx_word' id='word_1_324' title='bbox 671 2430 793 2464; x_wconf 85' lang='lat' dir='ltr'>tracta,</span> <span class='ocrx_word' id='word_1_325' title='bbox 808 2430 843 2456; x_wconf 87' lang='lat' dir='ltr'>et</span> 
     </span>
     <span class='ocr_line' id='line_1_42' title="bbox 143 2465 843 2509; baseline 0.007 -15"><span class='ocrx_word' id='word_1_326' title='bbox 143 2465 399 2503; x_wconf 85' lang='lat' dir='ltr'>obscuriuscula,</span> <span class='ocrx_word' id='word_1_327' title='bbox 421 2476 480 2506; x_wconf 88' lang='lat' dir='ltr'>per</span> <span class='ocrx_word' id='word_1_328' title='bbox 501 2467 720 2507; x_wconf 79' lang='lat' dir='ltr'>frequentiam</span> <span class='ocrx_word' id='word_1_329' title='bbox 734 2468 843 2509; x_wconf 85' lang='lat' dir='ltr'>impli-</span> 
     </span>
     <span class='ocr_line' id='line_1_43' title="bbox 147 2509 845 2542; baseline 0.009 -6"><span class='ocrx_word' id='word_1_330' title='bbox 147 2511 297 2537; x_wconf 83' lang='lat' dir='ltr'>catarum</span> <span class='ocrx_word' id='word_1_331' title='bbox 323 2509 584 2540; x_wconf 86' lang='lat' dir='ltr'>sententiarum:</span> <span class='ocrx_word' id='word_1_332' title='bbox 609 2520 669 2541; x_wconf 85' lang='lat' dir='ltr'>nec</span> <span class='ocrx_word' id='word_1_333' title='bbox 691 2510 845 2542; x_wconf 85' lang='lat' dir='ltr'>videntur</span> 
     </span>
     <span class='ocr_line' id='line_1_44' title="bbox 145 2549 844 2589; baseline 0.009 -10"><span class='ocrx_word' id='word_1_334' title='bbox 145 2549 274 2589; x_wconf 83' lang='lat' dir='ltr'>integra</span> <span class='ocrx_word' id='word_1_335' title='bbox 287 2559 353 2581; x_wconf 84' lang='lat' dir='ltr'>esse</span> <span class='ocrx_word' id='word_1_336' title='bbox 366 2552 494 2581; x_wconf 89' lang='lat' dir='ltr'>omnia:</span> <span class='ocrx_word' id='word_1_337' title='bbox 518 2552 637 2583; x_wconf 87' lang='lat' dir='ltr'>saltem</span> <span class='ocrx_word' id='word_1_338' title='bbox 658 2553 716 2584; x_wconf 82' lang='lat' dir='ltr'>illa</span> <span class='ocrx_word' id='word_1_339' title='bbox 737 2558 844 2585; x_wconf 80' lang='lat' dir='ltr'>extre-</span> 
     </span>
     <span class='ocr_line' id='line_1_45' title="bbox 146 2593 846 2634; baseline 0.009 -14"><span class='ocrx_word' id='word_1_340' title='bbox 146 2600 219 2622; x_wconf 87' lang='lat' dir='ltr'>ma:</span> <span class='ocrx_word' id='word_1_341' title='bbox 261 2593 417 2624; x_wconf 77' lang='lat' dir='ltr'>Omnium</span> <span class='ocrx_word' id='word_1_342' title='bbox 442 2599 524 2625; x_wconf 78' lang='lat' dir='ltr'>sent.</span> <span class='ocrx_word' id='word_1_343' title='bbox 547 2605 648 2634; x_wconf 79' lang='lat' dir='ltr'>grav.</span> <span class='ocrx_word' id='word_1_344' title='bbox 678 2597 737 2627; x_wconf 87' lang='lat' dir='ltr'>&amp;c.</span> <span class='ocrx_word' id='word_1_345' title='bbox 766 2601 846 2627; x_wconf 82' lang='lat' dir='ltr'>sunt</span> 
     </span>
     <span class='ocr_line' id='line_1_46' title="bbox 147 2634 846 2680; baseline 0.01 -17"><span class='ocrx_word' id='word_1_346' title='bbox 147 2634 300 2674; x_wconf 83' lang='lat' dir='ltr'>abrupta,</span> <span class='ocrx_word' id='word_1_347' title='bbox 314 2645 374 2666; x_wconf 86' lang='lat' dir='ltr'>nee</span> <span class='ocrx_word' id='word_1_348' title='bbox 387 2637 466 2666; x_wconf 78' lang='lat' dir='ltr'>satis</span> <span class='ocrx_word' id='word_1_349' title='bbox 487 2640 610 2668; x_wconf 69' lang='lat' dir='ltr'>coeunt</span> <span class='ocrx_word' id='word_1_350' title='bbox 633 2648 709 2668; x_wconf 90' lang='lat' dir='ltr'>cum</span> <span class='ocrx_word' id='word_1_351' title='bbox 723 2649 846 2680; x_wconf 89' lang='lat' dir='ltr'>praece-</span> 
     </span>
    </p>
   </div>
   <div class='ocr_carea' id='block_1_6' title="bbox 148 2675 847 2749">
    <p class='ocr_par' dir='ltr' id='par_1_7' title="bbox 148 2675 847 2749">
     <span class='ocr_line' id='line_1_47' title="bbox 148 2675 847 2722; baseline 0.01 -16"><span class='ocrx_word' id='word_1_352' title='bbox 148 2675 311 2708; x_wconf 83' lang='lat' dir='ltr'>dentibus.</span> <span class='ocrx_word' id='word_1_353' title='bbox 353 2678 416 2710; x_wconf 77' lang='lat' dir='ltr'>vix</span> <span class='ocrx_word' id='word_1_354' title='bbox 439 2678 631 2711; x_wconf 86' lang='lat' dir='ltr'>Ciceronem</span> <span class='ocrx_word' id='word_1_355' title='bbox 653 2680 708 2711; x_wconf 85' lang='lat' dir='ltr'>hic</span> <span class='ocrx_word' id='word_1_356' title='bbox 729 2691 847 2722; x_wconf 81' lang='lat' dir='ltr'>agnos-</span> 
     </span>
     <span class='ocr_line' id='line_1_48' title="bbox 150 2727 217 2749; baseline 0 0"><span class='ocrx_word' id='word_1_357' title='bbox 150 2727 217 2749; x_wconf 74' lang='lat' dir='ltr'>cas,</span> 
     </span>
    </p>
   </div>
   <div class='ocr_carea' id='block_1_7' title="bbox 191 2762 848 2806">
    <p class='ocr_par' dir='ltr' id='par_1_8' title="bbox 191 2762 848 2806">
     <span class='ocr_line' id='line_1_49' title="bbox 191 2762 848 2806; baseline 0.011 -15"><span class='ocrx_word' id='word_1_358' title='bbox 191 2763 234 2792; x_wconf 82' lang='grc'>48</span> <span class='ocrx_word' id='word_1_359' title='bbox 254 2762 309 2801; x_wconf 80' lang='lat' dir='ltr'>qui</span> <span class='ocrx_word' id='word_1_360' title='bbox 323 2764 372 2793; x_wconf 84' lang='lat' dir='ltr'>rei</span> <span class='ocrx_word' id='word_1_361' title='bbox 384 2763 533 2795; x_wconf 80' lang='lat' dir='ltr'>dominns</span> <span class='ocrx_word' id='word_1_362' title='bbox 533 2763 683 2805; x_wconf 76' lang='lat' dir='ltr'>futurus</span> <span class='ocrx_word' id='word_1_363' title='bbox 694 2766 766 2806; x_wconf 60' lang='grc' dir='ltr'>εει]</span> <span class='ocrx_word' id='word_1_364' title='bbox 792 2766 848 2797; x_wconf 89' lang='lat' dir='ltr'>In-</span> 
     </span>
    </p>
   </div>
   <div class='ocr_carea' id='block_1_8' title="bbox 882 2211 1603 2804">
    <p class='ocr_par' dir='ltr' id='par_1_9' title="bbox 882 2211 1589 2552">
     <span class='ocr_line' id='line_1_50' title="bbox 923 2211 1588 2252; baseline 0 -9"><span class='ocrx_word' id='word_1_365' title='bbox 923 2215 965 2247; x_wconf 83' lang='lat'>49</span> <span class='ocrx_word' id='word_1_366' title='bbox 987 2214 1023 2243; x_wconf 79' lang='lat' dir='ltr'>in</span> <span class='ocrx_word' id='word_1_367' title='bbox 1037 2221 1099 2252; x_wconf 82' lang='lat' dir='ltr'>quo</span> <span class='ocrx_word' id='word_1_368' title='bbox 1113 2222 1195 2252; x_wconf 69' lang='lat' dir='ltr'>sape</span> <span class='ocrx_word' id='word_1_369' title='bbox 1209 2211 1588 2243; x_wconf 57' lang='lat' dir='ltr'>henim—deducendum</span> 
     </span>
     <span class='ocr_line' id='line_1_51' title="bbox 882 2254 1589 2295; baseline -0.001 -9"><span class='ocrx_word' id='word_1_370' title='bbox 882 2255 958 2295; x_wconf 80' lang='lat' dir='ltr'>ese.]</span> <span class='ocrx_word' id='word_1_371' title='bbox 985 2255 1067 2285; x_wconf 85' lang='lat' dir='ltr'>Haec</span> <span class='ocrx_word' id='word_1_372' title='bbox 1091 2261 1170 2285; x_wconf 86' lang='lat' dir='ltr'>sunt</span> <span class='ocrx_word' id='word_1_373' title='bbox 1192 2255 1226 2285; x_wconf 85' lang='lat' dir='ltr'>in</span> <span class='ocrx_word' id='word_1_374' title='bbox 1249 2254 1439 2295; x_wconf 82' lang='lat' dir='ltr'>parenthesi</span> <span class='ocrx_word' id='word_1_375' title='bbox 1457 2254 1589 2295; x_wconf 84' lang='lat' dir='ltr'>capien-</span> 
     </span>
     <span class='ocr_line' id='line_1_52' title="bbox 883 2296 1588 2337; baseline -0.003 -9"><span class='ocrx_word' id='word_1_376' title='bbox 883 2296 938 2328; x_wconf 83' lang='lat' dir='ltr'>da:</span> <span class='ocrx_word' id='word_1_377' title='bbox 964 2307 1055 2334; x_wconf 86' lang='lat' dir='ltr'>nam,</span> <span class='ocrx_word' id='word_1_378' title='bbox 1069 2298 1125 2337; x_wconf 83' lang='lat' dir='ltr'>quz&#39;</span> <span class='ocrx_word' id='word_1_379' title='bbox 1141 2302 1302 2337; x_wconf 79' lang='lat' dir='ltr'>tanquam</span> <span class='ocrx_word' id='word_1_380' title='bbox 1317 2297 1425 2326; x_wconf 73' lang='lat' dir='ltr'>mach.</span> <span class='ocrx_word' id='word_1_381' title='bbox 1442 2306 1518 2326; x_wconf 88' lang='lat' dir='ltr'>cum</span> <span class='ocrx_word' id='word_1_382' title='bbox 1532 2306 1588 2326; x_wconf 87' lang='lat' dir='ltr'>su-</span> 
     </span>
     <span class='ocr_line' id='line_1_53' title="bbox 883 2337 1588 2380; baseline -0.001 -10"><span class='ocrx_word' id='word_1_383' title='bbox 883 2340 1065 2380; x_wconf 83' lang='lat' dir='ltr'>perioribus</span> <span class='ocrx_word' id='word_1_384' title='bbox 1090 2345 1284 2376; x_wconf 83' lang='lat' dir='ltr'>nectuntur,</span> <span class='ocrx_word' id='word_1_385' title='bbox 1310 2343 1345 2368; x_wconf 86' lang='lat' dir='ltr'>et</span> <span class='ocrx_word' id='word_1_386' title='bbox 1373 2338 1414 2368; x_wconf 88' lang='lat' dir='ltr'>ad</span> <span class='ocrx_word' id='word_1_387' title='bbox 1437 2337 1588 2377; x_wconf 87' lang='lat' dir='ltr'>judicem</span> 
     </span>
     <span class='ocr_line' id='line_1_54' title="bbox 883 2380 1589 2423; baseline -0.004 -10"><span class='ocrx_word' id='word_1_388' title='bbox 883 2383 1063 2423; x_wconf 84' lang='lat' dir='ltr'>pertinent.</span> <span class='ocrx_word' id='word_1_389' title='bbox 1100 2383 1148 2412; x_wconf 91' lang='lat' dir='ltr'>Ac</span> <span class='ocrx_word' id='word_1_390' title='bbox 1164 2383 1273 2412; x_wconf 84' lang='lat' dir='ltr'>neseio</span> <span class='ocrx_word' id='word_1_391' title='bbox 1294 2390 1337 2411; x_wconf 85' lang='lat' dir='ltr'>an</span> <span class='ocrx_word' id='word_1_392' title='bbox 1351 2380 1420 2411; x_wconf 81' lang='lat' dir='ltr'>sint</span> <span class='ocrx_word' id='word_1_393' title='bbox 1435 2386 1589 2422; x_wconf 84' lang='lat' dir='ltr'>transpo-</span> 
     </span>
     <span class='ocr_line' id='line_1_55' title="bbox 884 2423 1587 2465; baseline -0.001 -10"><span class='ocrx_word' id='word_1_394' title='bbox 884 2425 960 2462; x_wconf 83' lang='lat' dir='ltr'>sita,</span> <span class='ocrx_word' id='word_1_395' title='bbox 989 2429 1024 2455; x_wconf 75' lang='lat' dir='ltr'>et</span> <span class='ocrx_word' id='word_1_396' title='bbox 1046 2429 1121 2465; x_wconf 85' lang='lat' dir='ltr'>post</span> <span class='ocrx_word' id='word_1_397' title='bbox 1145 2423 1402 2464; x_wconf 71' lang='lat' dir='ltr'>contorquendus</span> <span class='ocrx_word' id='word_1_398' title='bbox 1421 2423 1587 2463; x_wconf 87' lang='lat' dir='ltr'>ponenda,</span> 
     </span>
     <span class='ocr_line' id='line_1_56' title="bbox 884 2466 1588 2503; baseline 0 -6"><span class='ocrx_word' id='word_1_399' title='bbox 884 2467 942 2497; x_wconf 86' lang='lat' dir='ltr'>ubi</span> <span class='ocrx_word' id='word_1_400' title='bbox 957 2477 1033 2497; x_wconf 82' lang='lat' dir='ltr'>curn</span> <span class='ocrx_word' id='word_1_401' title='bbox 1043 2467 1172 2503; x_wconf 84' lang='lat' dir='ltr'>ceteris,</span> <span class='ocrx_word' id='word_1_402' title='bbox 1187 2467 1332 2497; x_wconf 74' lang='lat' dir='ltr'>omnium</span> <span class='ocrx_word' id='word_1_403' title='bbox 1346 2466 1588 2497; x_wconf 77' lang='lat' dir='ltr'>sementim-um</span> 
     </span>
     <span class='ocr_line' id='line_1_57' title="bbox 886 2509 1196 2552; baseline -0.003 -12"><span class='ocrx_word' id='word_1_404' title='bbox 886 2509 942 2552; x_wconf 63' lang='grc' dir='ltr'>ἅτ.</span> <span class='ocrx_word' id='word_1_405' title='bbox 959 2510 1042 2540; x_wconf 83' lang='lat' dir='ltr'>bene</span> <span class='ocrx_word' id='word_1_406' title='bbox 1057 2510 1196 2540; x_wconf 81' lang='lat' dir='ltr'>coirent.</span> 
     </span>
    </p>

    <p class='ocr_par' dir='ltr' id='par_1_10' title="bbox 886 2549 1603 2804">
     <span class='ocr_line' id='line_1_58' title="bbox 929 2549 1589 2590; baseline -0.002 -8"><span class='ocrx_word' id='word_1_407' title='bbox 929 2554 968 2583; x_wconf 85' lang='lat'>50</span> <span class='ocrx_word' id='word_1_408' title='bbox 991 2562 1054 2582; x_wconf 83' lang='lat' dir='ltr'>non</span> <span class='ocrx_word' id='word_1_409' title='bbox 1067 2561 1146 2582; x_wconf 81' lang='lat' dir='ltr'>sane</span> <span class='ocrx_word' id='word_1_410' title='bbox 1162 2550 1236 2590; x_wconf 67' lang='grc' dir='ltr'>ἃς]</span> <span class='ocrx_word' id='word_1_411' title='bbox 1256 2550 1297 2580; x_wconf 85' lang='lat' dir='ltr'>In</span> <span class='ocrx_word' id='word_1_412' title='bbox 1309 2549 1361 2581; x_wconf 83' lang='lat' dir='ltr'>his</span> <span class='ocrx_word' id='word_1_413' title='bbox 1379 2550 1502 2590; x_wconf 80' lang='lat' dir='ltr'>aliquid</span> <span class='ocrx_word' id='word_1_414' title='bbox 1516 2551 1589 2581; x_wconf 79' lang='lat' dir='ltr'>vitii</span> 
     </span>
     <span class='ocr_line' id='line_1_59' title="bbox 886 2592 1591 2632; baseline 0 -8"><span class='ocrx_word' id='word_1_415' title='bbox 886 2604 967 2631; x_wconf 84' lang='lat' dir='ltr'>esse,</span> <span class='ocrx_word' id='word_1_416' title='bbox 982 2595 1039 2625; x_wconf 70' lang='lat' dir='ltr'>alii</span> <span class='ocrx_word' id='word_1_417' title='bbox 1060 2594 1226 2631; x_wconf 86' lang='lat' dir='ltr'>viderunt,</span> <span class='ocrx_word' id='word_1_418' title='bbox 1240 2594 1449 2632; x_wconf 84' lang='lat' dir='ltr'>tentavitque</span> <span class='ocrx_word' id='word_1_419' title='bbox 1472 2592 1591 2624; x_wconf 85' lang='lat' dir='ltr'>tollere</span> 
     </span>
     <span class='ocr_line' id='line_1_60' title="bbox 887 2635 1590 2676; baseline 0.001 -9"><span class='ocrx_word' id='word_1_420' title='bbox 887 2637 1053 2674; x_wconf 78' lang='lat' dir='ltr'>Peareius,</span> <span class='ocrx_word' id='word_1_421' title='bbox 1063 2637 1119 2676; x_wconf 84' lang='lat' dir='ltr'>qui</span> <span class='ocrx_word' id='word_1_422' title='bbox 1131 2636 1212 2667; x_wconf 81' lang='lat' dir='ltr'>mihi</span> <span class='ocrx_word' id='word_1_423' title='bbox 1224 2645 1293 2666; x_wconf 88' lang='lat' dir='ltr'>non</span> <span class='ocrx_word' id='word_1_424' title='bbox 1304 2636 1474 2666; x_wconf 76' lang='lat' dir='ltr'>satisfecit.</span> <span class='ocrx_word' id='word_1_425' title='bbox 1490 2635 1590 2672; x_wconf 84' lang='lat' dir='ltr'>Puto,</span> 
     </span>
     <span class='ocr_line' id='line_1_61' title="bbox 889 2677 1603 2710; baseline -0.003 0"><span class='ocrx_word' id='word_1_426' title='bbox 889 2680 934 2710; x_wconf 85' lang='lat' dir='ltr'>sic</span> <span class='ocrx_word' id='word_1_427' title='bbox 947 2689 1016 2710; x_wconf 84' lang='lat' dir='ltr'>esse</span> <span class='ocrx_word' id='word_1_428' title='bbox 1028 2679 1140 2710; x_wconf 86' lang='lat' dir='ltr'>locum</span> <span class='ocrx_word' id='word_1_429' title='bbox 1153 2677 1424 2709; x_wconf 81' lang='lat' dir='ltr'>constituendum</span> <span class='ocrx_word' id='word_1_430' title='bbox 1437 2690 1444 2708; x_wconf 90' lang='lat'><strong>:</strong></span> <span class='ocrx_word' id='word_1_431' title='bbox 1459 2687 1526 2708; x_wconf 72' lang='lat' dir='ltr'>non</span> <span class='ocrx_word' id='word_1_432' title='bbox 1537 2688 1603 2708; x_wconf 51' lang='lat' dir='ltr'>sam</span> 
     </span>
     <span class='ocr_line' id='line_1_62' title="bbox 888 2720 1594 2762; baseline -0.001 -10"><span class='ocrx_word' id='word_1_433' title='bbox 888 2731 941 2758; x_wconf 78' lang='lat' dir='ltr'>ne,</span> <span class='ocrx_word' id='word_1_434' title='bbox 963 2721 1249 2762; x_wconf 81' lang='lat' dir='ltr'>quemadmodum,</span> <span class='ocrx_word' id='word_1_435' title='bbox 1263 2725 1303 2751; x_wconf 78' lang='lat' dir='ltr'>ut</span> <span class='ocrx_word' id='word_1_436' title='bbox 1321 2721 1358 2750; x_wconf 78' lang='lat' dir='ltr'>in</span> <span class='ocrx_word' id='word_1_437' title='bbox 1378 2722 1487 2760; x_wconf 72' lang='lat' dir='ltr'>clypeo</span> <span class='ocrx_word' id='word_1_438' title='bbox 1507 2720 1594 2751; x_wconf 83' lang='lat' dir='ltr'>idem</span> 
     </span>
     <span class='ocr_line' id='line_1_63' title="bbox 890 2762 1595 2804; baseline -0.001 -11"><span class='ocrx_word' id='word_1_439' title='bbox 890 2765 947 2794; x_wconf 80' lang='lat' dir='ltr'>ille</span> <span class='ocrx_word' id='word_1_440' title='bbox 968 2763 1104 2804; x_wconf 61' lang='lat' dir='ltr'>artg&#39;l&#39;ex,</span> <span class='ocrx_word' id='word_1_441' title='bbox 1127 2765 1258 2795; x_wconf 75' lang='lat' dir='ltr'>minam</span> <span class='ocrx_word' id='word_1_442' title='bbox 1277 2764 1301 2793; x_wconf 77' lang='lat' dir='ltr'>i.</span> <span class='ocrx_word' id='word_1_443' title='bbox 1316 2773 1345 2793; x_wconf 89' lang='lat' dir='ltr'>o.</span> <span class='ocrx_word' id='word_1_444' title='bbox 1369 2764 1400 2793; x_wconf 82' lang='lat' dir='ltr'>d.</span> <span class='ocrx_word' id='word_1_445' title='bbox 1424 2762 1595 2793; x_wconf 77' lang='lat' dir='ltr'>laborabit.</span> 
     </span>
    </p>
   </div>
   <div class='ocr_carea' id='block_1_9' title="bbox 151 2802 1604 2851">
    <p class='ocr_par' dir='ltr' id='par_1_11' title="bbox 151 2802 1604 2851">
     <span class='ocr_line' id='line_1_64' title="bbox 151 2802 1604 2851; baseline -0.001 -15"><span class='ocrx_word' id='word_1_446' title='bbox 151 2802 264 2842; x_wconf 81' lang='lat' dir='ltr'>tellige</span> <span class='ocrx_word' id='word_1_447' title='bbox 293 2803 452 2844; x_wconf 84' lang='lat' dir='ltr'>judicem,</span> <span class='ocrx_word' id='word_1_448' title='bbox 488 2807 524 2838; x_wconf 86' lang='lat' dir='ltr'>in</span> <span class='ocrx_word' id='word_1_449' title='bbox 558 2809 650 2848; x_wconf 82' lang='lat' dir='ltr'>cujus</span> <span class='ocrx_word' id='word_1_450' title='bbox 684 2813 851 2851; x_wconf 82' lang='lat' dir='ltr'>potestate</span> <span class='ocrx_word' id='word_1_451' title='bbox 893 2807 1000 2838; x_wconf 83' lang='lat' dir='ltr'>Possis</span> <span class='ocrx_word' id='word_1_452' title='bbox 1014 2807 1116 2838; x_wconf 79' lang='lat' dir='ltr'>etiam</span> <span class='ocrx_word' id='word_1_453' title='bbox 1130 2811 1169 2838; x_wconf 81' lang='lat' dir='ltr'>ut</span> <span class='ocrx_word' id='word_1_454' title='bbox 1183 2811 1261 2840; x_wconf 83' lang='lat' dir='ltr'>ante</span> <span class='ocrx_word' id='word_1_455' title='bbox 1275 2807 1406 2839; x_wconf 73' lang='lat' dir='ltr'>minora</span> <span class='ocrx_word' id='word_1_456' title='bbox 1421 2814 1554 2846; x_wconf 84' lang='lat' dir='ltr'>ponere.</span> <span class='ocrx_word' id='word_1_457' title='bbox 1602 2829 1604 2834; x_wconf 84' lang='lat'>.</span> 
     </span>
    </p>
   </div>
   <div class='ocr_carea' id='block_1_10' title="bbox 154 2852 340 2878">
    <p class='ocr_par' dir='ltr' id='par_1_12' title="bbox 154 2852 340 2878">
     <span class='ocr_line' id='line_1_65' title="bbox 154 2852 340 2878; baseline 0.016 -3"><span class='ocrx_word' id='word_1_458' title='bbox 154 2855 267 2877; x_wconf 81' lang='lat' dir='ltr'>caussa</span> <span class='ocrx_word' id='word_1_459' title='bbox 280 2852 340 2878; x_wconf 81' lang='lat' dir='ltr'>est.</span> 
     </span>
    </p>
   </div>
  </div>
 </body>
</html>
