1945 3235
373 133 450 169 222
812 131 887 170 DE
924 131 1310 171 INVENTIONE

372 247 527 290 genere
547 233 798 288 honestatis,
831 237 947 292 quod
969 237 1086 279 omni
1116 252 1171 279 ex
1204 246 1321 294 parte
1343 245 1517 294 propter
1544 253 1588 281 se
1617 240 1792 296 petitur,

300 339 322 351 ν
338 341 357 351 ..
373 291 475 332 satis
498 293 661 334 dictum
683 303 761 335 est.
1552 289 1562 297 ”

290 355 359 388 Ο.)
431 348 559 390 Nunc
580 350 632 391 de
662 364 727 401 e0‚
751 352 792 392 in
825 366 909 406 quo
931 351 1091 392 utilitas
1113 366 1282 407 quoquc
1305 352 1568 408 adjungitur,
1591 353 1704 408 quod
1729 361 1791 395 ta·

289 411 360 446 166
374 419 470 446 men
505 406 730 448 honestum
766 422 982 458 vocainim,
1008 409 1236 450 dicendum
1270 409 1450 449 videtur.
1521 409 1631 451 Sunt
1659 410 1791 466 igitur

368 463 519 514 multa,
555 479 650 519 quae
685 480 763 505 nos
805 479 903 506 cum
945 466 1168 521 dignitate,
1205 474 1295 506 tum
1332 466 1472 507 fructu
1507 481 1678 522 quoque
1716 481 1792 508 suo

368 520 606 563 92ducunt:
650 537 735 576 quo
764 522 806 562 in
841 536 995 578 genere
1025 532 1089 563 cst
1118 523 1267 579 gloria,
1299 523 1502 579 dignitas,
1537 522 1791 579 amplitudo,

367 578 572 618 amicitia.
635 578 786 619 Gloria
814 589 878 619 est
908 578 1104 634 frequens
1136 580 1188 620 de
1218 579 1360 634 aliquo
1393 581 1507 621 fama
1528 594 1627 621 cum
1645 579 1790 622 laude:

367 634 570 689 dignitas,
602 635 781 689 alicujus
812 636 1005 686 honesta,
1027 645 1070 676 et
1091 636 1224 686 cultu,
1245 647 1288 677 et
1319 637 1493 687 honore,
1525 647 1568 678 et
1590 651 1793 678 verecun-

367 691 439 732 dia
460 692 591 747 digna
613 693 869 734 auctoritas:
905 692 1156 749 amplitudo,
1189 694 1413 748 potentiae,
1443 702 1518 734 aut
1540 693 1793 749 majestatis,

368 757 442 788 aut
464 748 701 803 aliquarum
734 750 955 806 copiarum
986 764 1142 805 magna
1171 750 1457 793 abundantia:
1490 751 1694 802 amicitia,
1717 765 1794 792 vo-

369 805 508 846 luntas
542 820 643 861 erga
674 806 859 862 aliquem
892 821 1032 847 rerum
1068 808 1288 858 bonarum,
1321 807 1431 848 illius
1475 808 1608 864 ipsius
1649 821 1792 859 causa,

285 874 353 912 167
370 876 496 916 quem
518 862 674 918 diligit,
696 878 793 904 cum
816 864 908 919 ejus
930 864 1020 919 pari
1044 864 1277 904 voluntate.
1339 863 1442 916 Hic,
1473 865 1576 920 quia
1603 864 1656 906 de
1686 864 1793 906 civi-

363 918 476 959 libus
498 921 637 960 causis
660 920 888 975 loquimur,
911 920 1075 961 fructus
1099 920 1150 960 ad
1173 920 1410 967 amicitiam
1432 922 1723 979 adjungimus,
1744 931 1793 962 ut

365 990 512 1017 eorum
531 991 701 1032 quoque
731 993 859 1018 causa
879 977 1063 1032 petenda
1093 976 1312 1019 videatur:
1344 993 1396 1018 ne
1419 978 1544 1030 forte,
1565 983 1605 1013 93
1619 978 1693 1034 qui
1714 993 1791 1019 nos

364 1033 417 1073 de
439 1035 556 1074 omni
578 1035 770 1075 amicitia
791 1035 932 1076 dicere
953 1034 1218 1084 existiment,
1242 1035 1547 1090 reprehendere
1566 1035 1792 1091 incipiant.

363 1105 609 1147 quanquam
632 1102 744 1143 sunt,
767 1092 839 1146 qui
864 1099 1037 1147 propter
1060 1091 1289 1132 utilitatem
1314 1092 1441 1133 modo
1464 1092 1692 1147 petendam
1716 1107 1795 1148 pu-

363 1156 458 1188 tent
478 1149 739 1190 amicitiam:
772 1158 871 1189 sunt
891 1149 965 1204 qui
996 1158 1171 1204 propter
1203 1162 1246 1188 sc
1276 1148 1569 1190 solumssunt
1598 1149 1671 1204 qui
1694 1164 1794 1204 pro-

362 1213 459 1261 pter
481 1220 538 1257 se,
569 1215 613 1246 et
630 1205 875 1247 utilitatem.
902 1220 1085 1261 quorum
1106 1206 1208 1260 quid
1245 1206 1461 1247 verissime
1491 1206 1793 1257 constituatur,

363 1261 471 1303 alius
492 1262 610 1304 locus
629 1263 709 1304 erit
741 1263 1054 1304 considerandi.
1115 1263 1243 1303 Nunc
1266 1262 1348 1304 hoc
1371 1263 1431 1303 sic
1453 1263 1506 1304 ad
1541 1277 1666 1304 usum
1699 1277 1794 1303 ora-

365 1320 523 1361 torium
555 1320 832 1376 relinquatur,
865 1329 1088 1375 utramque
1121 1328 1296 1375 propter
1327 1334 1414 1360 rem
1445 1319 1681 1361 amicitiam
1702 1333 1794 1361 esse

279 1373 352 1411 168
365 1377 666 1432 expetendam.
725 1376 1028 1418 Amicitiarum
1061 1388 1204 1417 autem
1237 1376 1361 1427 ratio,
1392 1378 1596 1432 quoniam
1636 1377 1793 1433 partim

363 1442 464 1475 sunt
485 1434 763 1490 religionibus
786 1434 969 1489 junctae,
989 1435 1144 1489 partim
1174 1449 1261 1474 non
1295 1442 1407 1484 sunt,
1430 1442 1474 1474 et
1505 1435 1607 1489 quia
1637 1433 1793 1490 partim

364 1500 526 1532 veteres
548 1502 661 1542 sunt,
684 1493 841 1547 partim
871 1506 1011 1542 novae,
1033 1494 1073 1525 9⁴
1088 1491 1240 1546 partim
1268 1492 1322 1531 ab
1354 1490 1537 1542 illorum,
1560 1491 1716 1546 partim
1737 1491 1792 1532 ab

361 1557 510 1589 nostro
545 1549 755 1589 beneficio
788 1547 1011 1604 profectae,
1044 1548 1197 1603 partim
1229 1548 1433 1599 utiliores,
1465 1550 1620 1603 partim
1651 1547 1793 1588 minus

362 1604 514 1657 utiles;
545 1619 599 1646 ex
622 1620 846 1647 causarum
867 1605 1166 1661 dignitatibuS,
1185 1619 1239 1645 ex
1274 1613 1515 1660 temporum
1537 1604 1794 1661 opportuni-

363 1663 540 1713 tatibus,
562 1677 616 1703 ex
639 1662 808 1714 officiis,
831 1677 886 1703 ex
909 1661 1204 1718 religionibus,
1231 1676 1286 1702 ex
1307 1661 1591 1703 vetustatibus
1614 1661 1794 1702 habebi-

279 1701 351 1757 56
365 1728 446 1761 tur.
507 1719 681 1761 Utilitas
712 1729 855 1760 autem
889 1729 963 1760 aut
992 1720 1036 1759 in
1074 1733 1254 1775 corpore
1277 1719 1418 1774 posita
1438 1728 1516 1769 est,
1548 1727 1622 1759 aut
1643 1718 1688 1759 in
1718 1732 1794 1759 ex-

362 1777 519 1821 traneis
540 1777 692 1818 rebus:
725 1790 901 1832 quarum
924 1783 1066 1817 tamen
1090 1790 1228 1817 rerum
1251 1776 1386 1816 multo
1409 1776 1601 1816 maxima
1621 1790 1717 1831 pars
1739 1775 1793 1817 ad

359 1835 553 1890 corporis
587 1835 864 1876 commodum
897 1834 1136 1884 revertitur,
1171 1842 1220 1874 ut
1259 1833 1303 1873 in
1343 1833 1563 1888 republica
1593 1831 1793 1888 quaedam

361 1902 475 1943 sunt,
499 1906 594 1947 quae
625 1894 694 1944 (ut
724 1892 784 1932 sic
815 1891 976 1942 dicam)
1007 1891 1059 1931 ad
1089 1905 1244 1946 corpus
1268 1890 1482 1946 pertinent
1513 1889 1715 1942 civitatis,
1746 1897 1796 1931 ut

359 1949 467 2005 agri,
499 1958 662 2005 portus,
701 1949 896 2004 pecunia,
932 1948 1099 1998 classes,
1139 1956 1296 1998 nautae,
1326 1946 1498 1998 milites,
1538 1946 1666 1998 socii3
1697 1946 1793 2002 qui-

359 2006 440 2047 bus
471 2007 596 2047 rebus
630 2006 970 2047 incolumitatem
1000 2020 1049 2046 ac
1078 2004 1320 2045 libertatem
1352 2004 1537 2045 retinent
1568 2003 1789 2045 civitates:

360 2063 444 2104 alia
474 2077 587 2114 vero,
609 2062 814 2118 quaejam
845 2062 1049 2118 quiddam
1079 2061 1216 2117 magis
1248 2060 1453 2116 amplum,
1474 2069 1518 2101 et
1547 2059 1688 2101 minus
1718 2074 1794 2100 ne-

360 2120 592 2162 cessarium
609 2119 861 2170 conficiunt,
880 2128 928 2159 ut
949 2118 1065 2159 urbis
1088 2118 1262 2174 egregia
1293 2117 1518 2158 exornatio
1549 2125 1677 2172 atque
1703 2131 1794 2158 am-

362 2177 545 2233 plitudo,
575 2185 623 2217 ut
648 2176 846 2232 quaedam
875 2175 1087 2216 excellens
1118 2175 1312 2230 pecuniae
1345 2173 1615 2230 magnitudo,
1645 2173 1794 2215 amici-

278 2251 351 2287 159
364 2235 519 2275 tiarum
552 2249 602 2275 ac
635 2234 889 2274 societatum
915 2232 1161 2273 multitudo.
1214 2231 1384 2278 Quibus
1415 2232 1540 2272 rebus
1570 2245 1658 2272 non
1688 2229 1792 2272 illud

364 2291 501 2333 solum
530 2291 773 2341 conficitur,
802 2300 849 2330 ut
880 2290 1007 2330 salvae
1040 2299 1083 2330 et
1116 2288 1366 2339 incolumes,
1400 2303 1547 2330 verum
1579 2288 1724 2338 etiam,
1746 2295 1795 2328 ut

363 2348 518 2405 amplae
541 2359 668 2404 atque
699 2357 895 2404 potentes
931 2347 1016 2386 sint
1035 2346 1248 2387 civitates.
1310 2346 1455 2392 Quare
1477 2344 1674 2386 utilitatis
1696 2344 1793 2385 duae-

359 2414 501 2462 partes
521 2406 719 2447 videntur
739 2418 843 2456 esse,
874 2403 1146 2445 incolumitas
1169 2412 1212 2444 et
1242 2403 1451 2459 potentia.
1513 2400 1794 2443 Incolumitas

401 2514 442 2545 92
470 2511 633 2550 Ducunt]
673 2510 792 2540 Deleto
820 2510 866 2540 ad
896 2519 941 2546 se,
968 2509 1055 2548 quod

361 2559 432 2583 tum
447 2554 488 2584 ab
500 2553 584 2590 aliis,
604 2557 678 2583 tum
694 2553 814 2583 nostris
830 2553 919 2582 Cass·
943 2551 1006 2582 Gu.
1023 2554 1053 2582 Q.

361 2603 397 2626 et
409 2596 479 2626 edd.
497 2606 544 2635 pr.
561 2596 662 2625 abest.
678 2605 795 2635 nempe
811 2595 863 2624 hic
878 2595 993 2624 ducere
1007 2599 1057 2624 est

361 2637 534 2668 delectare.
548 2642 692 2667 ceterum
707 2638 822 2668 ducere
833 2637 879 2666 ad
889 2647 921 2666 se
932 2637 1057 2676 phrasis

361 2685 409 2710 est
423 2681 504 2710 benc
517 2679 631 2715 latina,
646 2679 731 2719 apud
745 2679 935 2709 Ciceronem
950 2678 1013 2709 Off.
1032 2682 1057 2708 l.

360 2722 415 2752 scd
431 2722 495 2752 alio
510 2730 615 2751 sensu.

403 2768 443 2798 953
457 2764 527 2804 Qui
540 2763 744 2793 nos-<licere
757 2762 965 2801 eris-timent]
985 2761 1057 2792 Hoc

358 2816 471 2836 verum
486 2810 547 2842 est,
565 2814 631 2835 non
651 2807 851 2841 existimant,
871 2809 910 2833 ut
925 2806 1057 2842 quisque

360 2848 473 2879 audire
506 2851 628 2888 potest,
656 2847 709 2886 qui
735 2856 829 2877 aures
858 2846 978 2876 latinas
1001 2846 1057 2876 ha-

359 2890 433 2920 bet:
458 2891 537 2920 item
555 2900 647 2920 mox:
673 2893 761 2926 mant,
786 2890 840 2927 qui
863 2893 993 2928 putent,
1022 2892 1058 2917 ut

1097 2509 1196 2539 habet
1219 2508 1283 2539 Ms.
1305 2509 1393 2539 Cass.
1418 2517 1485 2537 non
1498 2510 1642 2548 putant:
1664 2505 1703 2536 de
1728 2515 1793 2545 quo

1098 2551 1175 2581 alibi
1192 2551 1398 2581 admonitum
1412 2554 1473 2580 est.
1711 2586 1713 2588 Ι

1141 2596 1182 2627 94
1205 2593 1341 2623 Partim
1353 2593 1393 2622 ab
1405 2589 1562 2629 illorum]
1589 2589 1654 2620 Int.
1667 2589 1723 2629 qui
1735 2599 1795 2619 no-

1099 2635 1148 2665 bis
1162 2635 1256 2665 amici
1269 2640 1359 2671 sunt,
1368 2634 1558 2673 quibuscum
1571 2632 1717 2663 amicitia
1727 2635 1792 2662 est:

1101 2677 1161 2707 nisi
1175 2677 1269 2707 malis
1281 2678 1423 2707 aliorum
1431 2690 1442 2709 ;
1468 2674 1553 2714 quod
1572 2674 1657 2704 foret
1670 2673 1794 2713 simpli-

1101 2720 1169 2749 cius
1185 2725 1220 2749 et
1239 2718 1360 2749 lenius:
1385 2718 1440 2748 sed
1460 2716 1552 2747 nobis
1575 2716 1703 2746 videtur
1724 2715 1795 2744 illo-

1101 2771 1176 2790 rum
1192 2767 1317 2791 rectum
1332 2765 1366 2790 ct
1382 2769 1494 2790 verum
1509 2768 1589 2795 csse,
1605 2758 1645 2788 ad
1660 2766 1797 2795 eamque

1101 2809 1228 2843 partem
1244 2803 1368 2839 referri,
1382 2811 1454 2840 quae
1469 2807 1543 2840 post
1555 2804 1605 2831 est
1618 2809 1658 2830 ez·
1671 2798 1795 2840 ‹ficii-⁴1,

1102 2854 1220 2884 nempe
1261 2844 1311 2874 vel
1365 2843 1484 2874 nostris
1524 2841 1574 2873 vel
1616 2841 1796 2872 amicornm

1102 2892 1300 2917 nostrorum.
