1945 3235
348 155 423 191 508
933 153 1206 193 BRUTUS.

348 265 556 312 quantum
600 272 840 315 possumus,
882 258 1202 324 prohibeamus.
1264 257 1490 324 Equidem,
1530 260 1609 301 etsi
1647 259 1786 314 doleo,
1823 310 1833 311 ἶ

349 328 417 354 me
451 314 494 354 in
529 314 662 357 vitam
696 315 837 372 paullo
876 317 1023 368 serius,
1058 326 1261 380 tanquam
1297 315 1337 357 in
1378 331 1505 367 Viam,
1533 317 1786 374 ingressum,

349 371 596 427 priusquam
629 373 874 414 confectum
909 374 988 415 iter
1019 373 1087 424 sit,
1118 389 1161 414 ιιι
1194 373 1305 415 hanc
1333 373 1581 430 reipublieae
1615 384 1787 417 noctem

348 428 572 471 incidisse:
624 433 817 471 ²4tamen
859 445 908 471 ca
949 431 1242 472 consolatione
1294 440 1522 483 sustentor,
1563 446 1692 496 quam
1740 441 1786 474 tu

347 485 469 536 mihi,
494 485 640 537 Brute,
662 487 895 529 adhibuisti
922 488 1004 528 tuis
1036 488 1298 529 suavissimis
1329 488 1506 540 litteris3
1537 488 1693 544 quibus
1718 503 1786 531 me

349 542 448 583 forti
481 544 625 585 animo
647 559 737 585 esse
759 554 955 600 oportere
977 546 1195 595 censebas,
1219 545 1332 601 quod
1355 560 1404 586 ea
1427 545 1665 602 gessissem,
1688 560 1785 602 quae

348 599 402 641 de
432 615 513 650 me,
535 602 662 642 etiam
696 615 764 642 me
796 610 977 652 tacente,
1006 602 1095 656 ipsa
1118 602 1406 658 loque1wentui,
1432 611 1700 667 mortuoque,
1724 618 1787 644 νι-

260 666 520 699 ³3ixcrent:
553 673 665 713 quae,
701 658 734 698 si
770 667 881 700 recte
912 666 1036 708 esset,
1070 658 1205 700 salute
1243 660 1517 716 reipublicae3
1550 660 1614 700 sin
1650 674 1786 712 secus,

352 714 523 755 interitu
561 716 667 771 ipso,
699 715 992 756 testimonium
1027 729 1217 756 meorum
1250 717 1302 756 dc
1337 717 1555 773 republica
1585 717 1785 759 consilio-

265 770 336 825 97
352 786 444 812 rum
466 772 629 812 darent.
681 771 795 813 Sed
788 788 828 813 ιιι
854 782 894 814 te
916 773 1100 823 intuens,
1123 772 1271 824 Br‚ute
1293 773 1441 825 dole03
1473 789 1596 830 quus
1619 775 1661 815 in
1684 775 1788 816 ado-

305 828 612 880 b.lesce11tia1n,
652 843 725 885 per
758 830 918 871 medias
956 829 1100 871 laudes
1136 831 1255 885 quasi
1294 808 1512 887 quadrigis
1546 831 1786 883 vehentem,

348 895 585 927 transversa
624 886 802 928 incurrit
844 888 997 928 misera
1036 886 1208 928 f·01tuna
1244 866 1508 944 reipublicae.
1552 889 1676 930 2⁵hic
1719 903 1786 930 me

345 942 468 983 dolor
498 944 653 999 tangit,
683 943 777 985 haec
810 958 878 984 me
908 959 1010 985 cuia
1042 943 1258 995 sollicitat,
1287 954 1331 985 et
1366 944 1479 986 hunc
1508 959 1692 997 mecum,
1717 961 1786 987 so-

342 999 460 1040 cium
491 975 680 1056 ejusdein
713 1010 755 1042 et
785 1002 941 1042 'imoris
969 1012 1012 1043 et
1037 1001 1208 1056 judicii.
1270 1000 1368 1043 Tibi
1406 1001 1612 1053 favemus,
1637 1011 1678 1043 te
1710 1012 1785 1045 tua

346 1056 427 1098 frui
463 1058 620 1099 xirtute
655 1059 876 1114 cupimus.
911 1059 989 1100 tibi
1023 1069 1222 1115 optamus
1257 1073 1352 1100 eam
1384 1058 1710 1124 rempublicam,
1741 1060 1784 1101 in

344 1129 431 1169 qua
460 1115 642 1156 duorum
673 1130 878 1172 gencium
911 1115 1270 1179 amplissimorum
1303 1131 1507 1158 renovare
1535 1117 1786 1158 memoriam

345 1183 474 1227 atque
503 1187 659 1229 augere
691 1173 842 1229 possis.
901 1173 1042 1214 Tuum
1075 1188 1188 1214 enim
1222 1173 1377 1225 forum,
1409 1184 1531 1215 tuum
1562 1184 1652 1215 erat
1683 1173 1786 1216 illud

343 1229 629 1272 eulriculum:
663 1240 708 1271 tu
738 1230 837 1272 illue
861 1245 1034 1272 veneras
1065 1245 1188 1282 unus,
1211 1231 1284 1287 qui
1314 1246 1401 1272 non
1431 1231 1623 1288 linguam
1654 1231 1786 1273 modo

345 1288 529 1328 acuisses
562 1289 872 1329 exercitatione
910 1288 1096 1339 dicendi,
1134 1288 1205 1329 sed
1239 1298 1282 1329 et
1320 1289 1456 1345 ipsam
1494 1288 1786 1353 eloquentiam

343 1344 691 1408 locupletavisses
714 1347 970 1410 graviorum
983 1345 1138 1386 artium
1164 1346 1463 1397 instiumento,
1481 1356 1524 1387 et
1546 1345 1697 1387 iisdem
1719 1361 1786 1387 ar-

345 1401 460 1442 tibus
495 1402 623 1444 decus
662 1418 789 1444 omne
825 1403 995 1444 xirtutis
1033 1418 1131 1444 cum
1168 1418 1334 1443 summa
1367 1403 1623 1459 eloquentiae
1664 1403 1786 1445 laude

240 1447 333 1483 >332
339 1459 574 1514 junxisses.
619 1459 686 1501 Ex
707 1471 748 1501 te
770 1460 929 1516 duplex
953 1475 1029 1501 nos
1052 1460 1188 1501 afficit
1210 1460 1468 1525 sollicitudo,
1490 1461 1605 1516 quod
1627 1470 1670 1501 et
1693 1461 1786 1526 ipse

344 1517 565 1581 republica
586 1532 743 1568 careas,
766 1527 809 1558 et
838 1517 908 1557 illa
931 1527 986 1558 te.
1046 1516 1111 1557 su
1135 1526 1293 1567 tamen,
1314 1518 1393 1558 etsi
1418 1533 1588 1559 cursum
1622 1518 1785 1574 ingenii

343 1576 422 1638 tui,
456 1574 602 1637 Biute,
634 1574 791 1630 premit
822 1574 915 1615 haee
944 1575 1192 1630 importuna
1211 1574 1352 1615 clades
1383 1574 1586 1625 civitatis,
1608 1575 1785 1616 contine

340 1640 381 1671 te
403 1631 445 1671 in
469 1631 552 1671 tuis
576 1632 849 1687 peremnibus
879 1632 1045 1695 studiis,
1068 1640 1111 1671 et
1133 1631 1255 1673 effice
1285 1632 1343 1683 id,
1366 1632 1480 1687 quod
1505 1632 1600 1687 jam
1629 1646 1784 1689 prope-

337 1688 529 1738 modum,
570 1688 636 1729 vel
676 1689 801 1753 plane
843 1689 986 1745 potius
1025 1688 1241 1740 effeceras,
1274 1698 1322 1729 ut
1362 1699 1402 1730 te
1440 1689 1594 1745 eripias
1631 1703 1685 1730 ex
1718 1704 1783 1742 ea,

337 1760 465 1800 quam
497 1760 578 1802 ego
601 1747 798 1802 congessi
830 1747 872 1787 in
905 1746 1020 1787 hunc
1050 1760 1305 1798 sermonem,
1329 1747 1454 1787 tu1ba
1487 1754 1782 1803 patronorum.

341 1802 433 1844 Nec
465 1803 579 1844 cuim
608 1803 732 1845 decet
759 1813 815 1855 te,
847 1814 1045 1844 omatum
1079 1803 1302 1844 uberrimis
1335 1804 1514 1854 artibus,
1547 1818 1652 1859 quas
1683 1819 1782 1846 cum

337 1860 467 1901 domo
491 1859 660 1901 haurire
691 1876 777 1902 non
810 1875 970 1918 posses,
993 1861 1250 1902 arcessivisti
1280 1876 1333 1901 ex
1363 1862 1468 1902 urbe
1489 1876 1552 1912 ea,
1575 1875 1672 1916 quae
1703 1860 1781 1902 do-

337 1931 431 1958 mus
454 1927 518 1958 est
550 1932 715 1974 semper
743 1918 893 1959 habita
915 1918 1139 1969 doetrinae,
1172 1919 1383 1959 numerari
1416 1919 1458 1959 iu
1469 1918 1612 1982 vulgo
1637 1926 1780 1974 patro-

338 1989 505 2016 norum.
567 1975 680 2016 Nam
712 1975 815 2032 quid
849 1985 891 2017 te
922 1975 1117 2016 exercuit
1147 1975 1415 2026 Pammenes,
1437 1975 1502 2016 vir
1533 1975 1662 2031 longe
1691 1975 1779 2017 elo-

336 2032 640 2086 cluentissimus
665 2033 880 2075 Graeciae?
909 2033 1014 2088 quid
1038 2032 1108 2073 illa
1127 2042 1247 2073 vetus
1265 2032 1513 2083 Academia,
1536 2042 1664 2088 ·ttque
1685 2032 1778 2088 ejus

337 2089 458 2130 lieres
485 2088 669 2141 Aristus,
701 2091 856 2147 hospes
881 2100 924 2131 et
957 2089 1176 2130 familiaris
1207 2104 1339 2141 meus,
1371 2090 1581 2145 siquidem
1621 2089 1778 2131 similes

248 2141 513 2201 33⁰maJ011s
552 2149 684 2202 partis
723 2158 942 2189 oratorum
972 2147 1104 2187 filitiri
1142 2150 1315 2189 sumus?
1358 2147 1515 2188 Nonne
1551 2146 1779 2211 cernimus,

338 2219 413 2245 xix
449 2204 490 2234 26
504 2203 681 2260 singulis
722 2206 923 2247 aetatibus
962 2205 1087 2246 binos
1120 2219 1168 2245 01
1171 2215 1309 2245 itores
1348 2203 1580 2245 laudabiles
1619 2204 1780 2246 consti-

335 2317 457 2358 placuit
496 2317 672 2355 Lambino,
708 2323 896 2350 amatorum
911 2331 919 2348 :
957 2324 1033 2349 ante
1077 2317 1149 2348 Etsi
1166 2324 1252 2348 recte
1267 2318 1366 2348 etiam
1383 2318 1472 2348 dolor
1487 2317 1608 2347 dieitur
1629 2321 1778 2356 tangere,

333 2361 414 2391 dixit
426 2371 539 2400 procos
554 2361 771 2401 impudentes.
1081 2362 1126 2399 (v.
1142 2360 1182 2390 ad
1197 2361 1290 2391 Ver-r.
1313 2360 1359 2397 11,
1375 2363 1427 2391 34.
1451 2360 1506 2390 ubi
1524 2359 1608 2390 male
1622 2359 1779 2398 tangeba-

376 2406 415 2433 24
439 2408 549 2434 tamen
574 2414 613 2433 ea
634 2405 846 2433 consolatione
869 2403 941 2443 δια]
983 2403 1034 2434 De
1078 2407 1135 2432 lm·
1157 2407 1325 2433 mutatum
1350 2403 1468 2433 eratin
1489 2403 1701 2440 angebatur,)
1727 2405 1779 2431 ta-

333 2445 394 2475 ho<-
412 2445 495 2481 loco,
520 2445 598 2474 olim
625 2446 658 2475 ὶιι
681 2446 752 2476 edd.
773 2446 977 2486 perturbato,
1003 2457 1032 2476 v.
1079 2454 1154 2474 men
1171 2445 1232 2475 hoe
1250 2445 1322 2475 loco
1337 2444 1399 2475 dici
1415 2454 1481 2475 non
1496 2448 1617 2484 potest,
1634 2444 1710 2482 quia
1723 2443 1777 2473 do-

333 2487 472 2517 Budaeus
487 2488 528 2518 ad
543 2487 643 2518 Pand.
661 2499 690 2527 p.
713 2499 756 2518 m.
781 2491 830 2521 57.
877 2489 1030 2518 Ceterum
1076 2488 1125 2516 lor
1150 2487 1270 2517 dicitur
1285 2497 1344 2527 pro
1367 2497 1401 2517 re
1414 2496 1487 2526 quae
1507 2485 1617 2516 dolet:
1637 2485 1776 2516 debebat

333 2530 367 2560 in
387 2539 458 2569 quae
471 2530 509 2559 de
533 2541 595 2566 me,
616 2532 715 2560 etiam
744 2540 795 2560 me
808 2534 946 2567 tacente,
962 2532 1034 2570 ipsa
1075 2530 1163 2559 enim
1199 2529 1327 2570 proprie
1354 2528 1472 2566 dicere,
1503 2530 1559 2558 hoc
1589 2527 1691 2564 dolet,
1720 2528 1777 2558 Ιιοι·

332 2574 550 2611 loquerentur,
578 2578 777 2612 mortuaque,
805 2573 968 2603 viverem.-
995 2573 1033 2603 il-
1076 2571 1255 2601 sollicitat:
1290 2571 1345 2601 sed
1364 2571 1520 2611 expressit
1548 2579 1606 2609 per
1624 2570 1776 2600 substan-

332 2614 388 2644 lud
415 2615 555 2645 alterum
587 2624 637 2644 me
664 2625 722 2644 suo
751 2615 823 2644 loco
851 2615 1032 2651 sublatum,
1075 2613 1144 2643 tiva
1169 2613 1290 2644 doloris
1316 2619 1350 2643 et
1376 2622 1474 2644 curae.
1520 2611 1582 2642 Hic
1606 2621 1683 2651 ergo
1707 2621 1776 2642 non

331 2661 406 2696 post
428 2662 614 2696 morluoque
628 2658 704 2695 poni
725 2657 833 2686 velim.
878 2657 964 2686 Nam
989 2657 1031 2687 ibi
1076 2660 1205 2696 poterat
1218 2656 1323 2686 dicere
1338 2656 1426 2685 dolor
1440 2654 1562 2693 tangit,
1576 2653 1631 2684 sed
1644 2654 1752 2693 angit.

332 2700 442 2738 inepte
456 2700 628 2733 redundat,
643 2698 696 2728 hie
709 2699 915 2729 incommode
927 2700 1031 2729 abest.
1117 2698 1157 2727 26
1177 2696 1676 2735 singulis—hinns—constitisse]
1702 2696 1775 2726 Ele-

332 2741 494 2771 (I‹.rradus
504 2743 603 2771 etiam
617 2748 854 2770 commemorat
869 2751 926 2780 pro
944 2742 1033 2772 varia
1075 2744 1210 2778 gauter:
1236 2751 1253 2769 e
1276 2739 1457 2769 rationibus
1480 2739 1580 2769 ducta
1601 2739 1707 2769 soi-rna
1729 2737 1778 2768 lo-

330 2783 471 2814 lectione
494 2785 594 2814 eciam
613 2787 739 2813 tacente
754 2784 823 2812 sine
839 2793 900 2819 me,
923 2784 1031 2814 nescio
1074 2781 1204 2820 qiwndi.
1234 2791 1263 2812 v.
1288 2781 1378 2811 Clav.
1406 2781 1540 2811 Frustra
1565 2781 1678 2819 igitur,
1708 2789 1776 2810 non

329 2826 424 2855 uude.
1075 2827 1241 2854 assecutus
1281 2823 1479 2861 elegantiam
1524 2823 1610 2854 verbi
1648 2822 1775 2860 Rivius„

371 2871 410 2898 ‘25
434 2870 485 2897 hic
500 2878 549 2897 me
563 2868 652 2898 dolor
666 2865 790 2905 tangit]
817 2866 979 2898 Corradus
995 2871 1030 2898 et
1074 2865 1218 2897 malebat
1232 2867 1386 2897 emili-sse.

329 2908 507 2940 Lambinus
522 2911 692 2949 cunigunt
705 2911 798 2947 (mgis
808 2923 818 2941 ,’
838 2909 1028 2940 rectissime.
