1945 3235
542 119 728 159 LIBER
769 118 1096 157 SECUNDUS.
1487 121 1538 159 41

97 227 268 272 laudes:
300 225 416 283 quod
438 239 587 282 genUS,
611 224 646 264 si
668 231 900 279 quaeratur,
923 222 1029 263 utris
1051 220 1191 277 major
1212 221 1352 263 honor
1373 222 1538 264 haben-

85 279 180 329 'dus
203 287 272 336 sit,
295 284 569 332 Albensibus‚
595 285 631 315 ¹7
646 296 699 322 an
720 281 965 329 Venusinis,
988 279 1104 334 quod
1130 281 1166 309 ¹3
1182 280 1429 335 reipublicae
1459 294 1538 334 po-

97 345 190 403 puli
214 341 400 384 Romani
423 338 678 396 profuerint,
708 347 751 378 et
774 338 823 387 is,
846 338 918 392 qui
943 337 1074 386 dieat,
1096 335 1254 387 alteris,
1286 337 1439 377 alteros
1463 338 1538 377 lae-

99 403 188 442 dat.
220 415 306 441 non
327 398 441 440 enim
463 410 636 438 necesse
656 404 735 446 est,
753 395 786 435 si
806 395 960 435 alteros
981 408 1222 449 praeponaS,
1245 393 1400 434 alteros
1424 394 1538 434 vitu-

99 473 262 515 perare.
324 454 434 497 Fieri
457 455 572 496 enim
597 462 754 509 potest,
778 461 839 502 ut,
862 466 962 492 cum
985 451 1140 491 alteros
1164 451 1303 506 magi„=
1335 450 1536 502 laudaris,

97 516 286 571 aliquam
309 513 451 554 alteris
474 511 610 552 laudis
635 519 799 566 partem
825 509 1051 559 attribuas,
1078 512 1180 548 ι9110
1203 508 1401 563 cupidius
1426 522 1536 563 pug-

97 587 221 614 nasse
241 581 391 613 contra
411 570 636 610 veritatem
668 566 844 623 puteris,
909 565 1021 607 Item
1052 565 1255 606 vitiosum
1281 575 1360 616 est,
1383 565 1435 605 (10
1458 580 1536 604 110-

97 632 213 671 1111110
233 639 276 669 et
298 627 507 668 vocabulo
530 625 622 682 ejus
646 625 705 666 rei
728 623 1067 666 controversiam
1094 633 1271 672 struere,
1293 637 1423 678 quam
1446 637 1537 663 rem

97 685 362 729 consuetudo
393 693 537 740 potest
567 682 731 739 optime
753 681 977 737 judicare:
1012 679 1129 722 velut
1149 683 1189 712 ⁶20
1206 680 1436 736 Sulpicius,
1460 680 1536 735 qui

98 745 405 793 intercesserat,
427 756 481 782 110
499 741 661 791 exules,
683 740 840 795 quibus
862 753 1037 780 causam
1056 738 1198 779 dicere
1220 753 1307 778 non
1330 737 1536 789 licuisset,

95 802 411 849 reducerentur,
447 799 561 839 idem
595 797 823 854 posterius,
854 797 1084 837 immutata
1120 796 1357 846 voluntate,
1380 797 1536 838 fflcum

94 857 271 900 eandem
291 857 431 912 legem
454 856 596 906 ferret,
619 854 747 896 aliam
765 869 856 895 sese
876 854 985 896 ferre
1005 853 1191 904 dicebat,
1207 862 1383 910 propter
1395 852 1538 894 nomi-

86 929 196 963 ‚num
229 914 640 956 commutationem:
673 927 773 953 nam
799 927 885 953 11011
916 911 1078 962 exules,
1111 911 1185 951 sed
1218 911 1260 952 vi
1295 910 1459 965 ejectos
1492 924 1537 952 se

83 972 294 1020 ⁴reducere
323 971 491 1027 ajebat,
523 970 700 1028 perinde
735 969 856 1025 quasi
889 969 933 1011 id
968 969 1119 1010 fuisset
1151 969 1196 1010 in
1225 968 1536 1020 controversia,

90 1045 178 1085 quo
200 1029 258 1070 illi
278 1029 452 1070 nomine
473 1027 790 1085 appellarentur
804 1043 828 1068 a
845 1027 1007 1084 populo
1024 1026 1240 1077 Romano,
1260 1034 1334 1066 aut
1355 1025 1534 1082 perinde

89 1088 212 1143 quasi
236 1101 323 1128 non
346 1101 509 1138 omnes,
532 1086 688 1142 quibus
719 1100 830 1139 aqua
859 1094 903 1125 et
936 1085 1027 1140 igni
1049 1084 1330 1125 interdictum
1355 1093 1434 1133 est,
1457 1098 1533 1125 ex·
1546 1096 1577 1126 P·
1597 1084 1645 1120 1³1

91 1144 180 1186 ules
210 1143 492 1200 appellentur.
556 1144 714 1184 Verum
742 1142 802 1182 illi
836 1141 1016 1183 fortasse
1049 1141 1330 1197 ignoscimus,
1365 1141 1399 1181 si
1433 1139 1576 1183 cuma·

88 1217 222 1243 causa
243 1202 370 1243 fecit:
396 1217 471 1242 nos
487 1210 630 1241 tamen
654 1198 959 1255 intelligamus,
979 1199 1186 1240 vitiosum
1202 1212 1293 1239 esse
1312 1198 1535 1240 intendere

89 1259 428 1300 controversiam
451 1268 626 1315 propter
648 1257 872 1298 nominum
895 1257 1198 1297 mutationem.
1254 1295 1260 1303 ρ

149 1317 368 1364 Quoniam
401 1316 628 1357 exornatio
662 1323 833 1356 constat
864 1329 919 1355 ex
963 1314 1190 1364 similibus,
1227 1320 1270 1354 et
1304 1313 1530 1369 exemplis,
1545 1312 1620 1368 29

87 1371 131 1405 92
151 1383 194 1415 et
223 1373 648 1429 amplificationibus,
681 1382 725 1412 et
753 1372 978 1427 judicatis,
1005 1381 1049 1413 et
1081 1371 1234 1413 ceteris
1265 1371 1407 1422 rebus,
1430 1386 1527 1426 quae
1541 1384 1595 1419 46

89 1432 307 1486 pertinent
333 1430 385 1471 ad
414 1430 762 1486 exaggerandam
787 1439 830 1470 et
852 1429 1270 1485 collocupletandam
1300 1444 1532 1485 argumen-

87 1489 312 1539 tationem,
345 1503 442 1543 quae
471 1489 557 1529 sint
586 1490 638 1530 iis
672 1488 798 1528 rebus
830 1487 950 1538 vitia,
984 1487 1319 1528 consideremus.
1382 1486 1533 1528 Simile

86 1546 291 1588 vitiosum
314 1556 393 1598 est,
417 1545 532 1602 quod
555 1561 610 1587 ex
641 1545 784 1601 aliqua
813 1554 935 1601 parte
969 1544 1176 1586 dissimile
1197 1553 1276 1595 est,
1299 1558 1379 1586 nec
1402 1544 1536 1586 habet

829 1682 918 1712 tibus
934 1690 1061 1723 semper
1074 1681 1123 1711 his
1137 1685 1196 1712 est.
1232 1680 1400 1712 Honorem
1418 1682 1538 1713 habere

830 1724 862 1755 h.
877 1725 898 1755 1.
913 1731 963 1755 est
979 1725 1152 1765 praeminm
1168 1724 1350 1754 decernere.

876 1771 913 1802 19
939 1768 994 1798 Ne
1012 1767 1159 1806 cupidius
1167 1766 1361 1806 pugnasse]
1387 1766 1439 1797 Sic
1454 1767 1535 1799 MSS.

82 1706 84 1710 .
129 1684 166 1715 17
190 1682 243 1713 An
260 1681 455 1722 Venusinis]
474 1682 562 1713 Mira
574 1682 627 1713 hic
642 1685 690 1713 est
703 1682 787 1713 vari·

83 1728 155 1757 etas
170 1725 204 1755 in
226 1726 326 1756 libris.
373 1726 573 1764 legentinis,
598 1724 788 1768 Peievztanis

88 1766 168 1807 (Mn.
192 1767 297 1807 cort.)
324 1768 410 1807 quod
432 1769 554 1808 recepit
590 1767 786 1805 Lambinus,

88 1809 125 1839 V
123 1810 281 1847 icentiuis,
289 1810 524 1847 Pennemibus,
536 1811 624 1850 quod
637 1810 787 1851 placebat

83 1851 117 1881 J.
143 1852 244 1881 Gron.
270 1852 361 1883 nulla
383 1853 499 1883 idonea
525 1863 649 1884 caussa.
692 1853 787 1883 Nihil

84 1893 214 1924 decerni
232 1900 351 1935 potest,
366 1896 441 1934 quia
453 1894 590 1926 historia
602 1896 785 1935 ignoratur,

84 1936 125 1966 ad
141 1947 236 1975 quam
254 1938 382 1978 respicit
398 1945 523 1967 auctor.
549 1937 704 1968 Venusini
716 1938 787 1977 qui-

83 1978 158 2009 dem
174 1978 271 2010 alieni
295 1981 437 2010 maxime
459 1985 548 2016 sirint,
571 1985 643 2011 tam
667 1981 786 2011 remoti

84 2020 125 2050 ab
141 2021 347 2052 Alb-ensibus.
392 2022 480 2052 Nam
495 2023 639 2062 pertinet
652 2033 701 2052 res
717 2023 786 2053 sine

83 2062 182 2094 dubio
197 2063 239 2094 ad
251 2069 402 2106 tempora
422 2065 501 2105 reip.
524 2065 620 2095 Rom.
643 2065 786 2105 antiqui-

81 2115 149 2136 ora.

129 2150 165 2179 18
195 2148 296 2189 Quod
313 2150 393 2190 reip.
411 2159 485 2190 pop.
510 2149 605 2180 Rom.
632 2150 706 2190 &c.]
732 2150 785 2180 Sic

81 2190 166 2221 edidi
191 2201 251 2230 pro
280 2193 360 2232 reip.
388 2197 419 2222 et
439 2195 559 2233 populo
585 2192 680 2224 Rom.
709 2203 785 2223 cum

82 2232 212 2263 Gra-vio
233 2245 250 2264 e
269 2235 348 2265 Mss.
376 2236 460 2274 ejus,
484 2246 561 2266 nam
589 2237 635 2265 sic
670 2235 786 2266 dicunt

80 2284 209 2316 semper
215 2276 338 2314 Latini,
345 2287 513 2317 nunquam
523 2287 602 2317 resp.
609 2283 640 2308 et
647 2280 787 2318 populus

83 2317 179 2348 Rom.
195 2319 322 2350 Deinde
346 2319 418 2350 dedi
435 2319 637 2359 prqfuerint,
660 2331 677 2350 e
704 2320 784 2351 Mss.

81 2370 132 2399 ap.
147 2360 232 2393 Oud.
247 2366 281 2392 et
296 2363 346 2393 ed.
360 2362 449 2392 Med.
466 2366 569 2400 1474„
586 2362 673 2403 quod
688 2368 722 2393 et
737 2363 783 2394 la-

80 2403 198 2434 tinitas
213 2404 384 2435 desiderat.
429 2405 543 2443 Porro,
556 2407 596 2442 is,
612 2406 668 2445 qui
682 2406 782 2443 dicat,

80 2455 140 2486 pro
155 2447 244 2484 dicit,
260 2458 277 2477 e
301 2447 379 2478 Mss.
394 2451 428 2477 et
447 2447 518 2478 edd.
535 2458 582 2488 pr.
596 2447 682 2487 quod
698 2449 783 2488 pari-

71 2491 132 2518 ‘ter
147 2488 293 2520 latinitas
307 2489 464 2530 postulat.
510 2490 660 2530 Denique
674 2491 713 2527 is,
730 2492 785 2530 qui

80 2530 171 2562 dicat
195 2534 321 2569 alteris,
345 2534 465 2563 alteros
488 2533 597 2568 hedai,
625 2533 780 2563 vitiosum

78 2572 210 2604 Graevio
224 2575 370 2613 videtui-3
387 2575 442 2613 qui
453 2576 566 2605 alceris
575 2575 679 2613 delet3
694 2575 781 2614 quod

79 2624 158 2646 sane
184 2626 251 2647 non
274 2617 395 2648 habent
423 2617 502 2647 Mss.
531 2618 652 2658 plures,
679 2619 781 2648 etiam

82 2659 199 2696 nostri,
215 2669 274 2690 1100
293 2659 364 2690 edd.
380 2664 522 2690 veteres:
547 2661 672 2700 primus
691 2660 780 2691 dedit

80 2699 194 2731 Aldus.
224 2702 302 2732 Non
321 2706 435 2732 tamen
453 2712 550 2732 ausus
565 2713 638 2733 sum
660 2703 780 2740 delere,

80 2743 158 2781 quia
172 2744 342 2774 commode
354 2744 495 2785 intelligi
508 2750 630 2785 potest,
644 2746 669 2775 si
682 2745 780 2776 modo

80 2784 296 2826 intel-pungas
310 2792 385 2826 post
398 2789 499 2824 dicat,
514 2792 552 2817 ut
568 2788 721 2818 fecimus:
739 2789 778 2823 is,

80 2828 135 2866 qui
157 2828 249 2866 dicit,
278 2829 402 2866 alteris,
426 2839 471 2860 sc.
499 2831 686 2860 habendum
711 2839 780 2861 esse

78 2869 238 2902 honorem
252 2873 423 2912 majorem.
446 2872 534 2904 Nam
548 2878 582 2903 et
597 2873 631 2904 in
645 2881 781 2912 sequen-

829 1809 939 1850 plures
954 1814 987 1840 ct
1003 1809 1074 1841 edd.
1090 1819 1136 1849 pr.
1150 1819 1209 1849 pro
1225 1810 1349 1849 cupide,
1366 1808 1453 1849 quod
1469 1811 1535 1850 pri·

830 1862 903 1882 mus
926 1852 1015 1882 dedit
1038 1852 1152 1887 Aldus,
1175 1856 1209 1881 et
1232 1851 1337 1882 nostri
1370 1852 1450 1882 Mss.
1474 1853 1535 1883 ha-

829 1893 920 1925 bent.
965 1895 1026 1925 Ed.
1044 1895 1204 1925 Juntina:
1229 1894 1408 1933 cupiditate
1429 1895 1471 1926 ab
1484 1897 1535 1926 al-

829 1938 918 1967 teris.

873 1981 913 2010 ‘20
938 1979 1115 2019 Sulpicius,
1130 1980 1186 2019 qui
1205 1980 1431 2010 «intercesserat
1456 1980 1531 2020 &c.]

830 2021 1059 2052 intercedendi
1072 2023 1207 2052 verbum
1220 2031 1288 2052 non
1297 2022 1462 2053 ordinaria
1470 2023 1534 2063 sig-

830 2065 1020 2094 nificatione
1035 2064 1167 2101 dicitur,
1183 2064 1238 2094 sed
1253 2074 1312 2104 pro
1325 2064 1532 2104 impedierat,

829 2117 873 2137 sc.
887 2107 958 2146 loge
973 2107 1052 2142 lata,
1070 2113 1107 2137 ut
1125 2106 1221 2137 docet
1235 2107 1304 2137 Liv.
1321 2106 1411 2148 Epit.
1427 2110 1478 2141 77.
1493 2107 1533 2139 de

827 2159 862 2179 re
878 2149 940 2180 vid.
966 2149 1117 2189 Pighium
1133 2149 1173 2180 ad
1189 2160 1217 2179 a.
1233 2150 1306 2180 662.

871 2194 908 2222 ⁶21
932 2191 1013 2222 Cam
1025 2193 1160 2223 eandem
1175 2191 1420 2231 legemferrec]
1439 2193 1532 2231 Non,

829 2234 868 2264 de
895 2235 1061 2265 exsulibus
1088 2245 1154 2265 non
1182 2234 1386 2272 revocandis,
1406 2236 1462 2266 sed
1491 2237 1531 2268 de

829 2277 1006 2313 exsulibus,
1020 2282 1054 2308 et
1067 2277 1197 2317 quidem
1211 2278 1411 2308 revocandis.

870 2323 911 2351 223
933 2320 984 2351 Et
1006 2320 1326 2360 amplfficationibus,
1349 2319 1530 2360 eoejudica-

827 2362 893 2402 tiam]
920 2362 1000 2392 Mss.
1015 2363 1125 2402 plures
1141 2361 1353 2404 etjwlieatis‚
1369 2362 1419 2392 vel
1435 2368 1465 2393 et
1479 2375 1531 2394 re-

828 2400 1065 2446 busjudzc‘ati's,
1081 2405 1161 2435 item
1177 2404 1248 2435 edd.
1263 2410 1301 2435 ut
1324 2405 1420 2435 Junt.
1443 2408 1531 2445 quod

827 2446 907 2477 adeo
922 2448 1061 2487 reposui.
1078 2447 1141 2478 Sed
1155 2448 1235 2477 mihi
1251 2453 1283 2477 ct
1300 2448 1397 2477 verba
1409 2452 1439 2478 et
1457 2459 1530 2480 am-

821 2490 1079 2532 plg'ficatz'onibns
1097 2490 1207 2530 spuria
1233 2489 1395 2520 videntur.
1440 2490 1530 2523 Nam

826 2533 860 2562 in
875 2532 1097 2572 sequentib11S‚
1115 2542 1190 2562 cum
1203 2531 1242 2562 de
1254 2532 1460 2572 singulorum
1474 2544 1528 2573 ge-

825 2584 940 2605 nerum
955 2576 1035 2605 vitio
1048 2575 1180 2611 dicitur,
1195 2575 1288 2605 nulla
1299 2575 1529 2614 amplificatio·

825 2618 874 2647 nis
891 2619 1030 2653 mentio,
1053 2617 1107 2647 sed
1134 2622 1267 2647 tantum
1287 2617 1457 2653 similium,
1474 2630 1529 2649 ex·

823 2660 1009 2701 emploruin
1023 2663 1055 2690 et
1064 2659 1291 2698 judicatorum
1300 2660 1381 2689 vitia
1392 2660 1529 2691 demon-

824 2706 982 2733 strantur.
1026 2703 1113 2733 Tum
1131 2702 1346 2743 amplificatio
1361 2706 1411 2732 est
1425 2704 1459 2733 in
1474 2714 1527 2733 cx—

824 2744 1009 2785 aggeranda
1021 2750 1054 2775 et
1071 2744 1304 2785 locupletanda
1317 2750 1529 2783 argumenta-

822 2788 932 2818 tione:
962 2797 1039 2825 ergo
1063 2797 1129 2818 11011
1152 2798 1255 2827 genus
1277 2788 1501 2818 exornationis
1517 2800 1524 2818 ε

823 2829 962 2870 denique
977 2833 1011 2862 in
1024 2830 1104 2861 Mss.
1121 2831 1256 2861 verbum
1270 2840 1336 2861 non
1349 2835 1398 2861 est
1413 2830 1528 2861 eodem

823 2872 909 2904 loco.
