1945 3235
307 177 385 212 382
838 172 918 212 DE
950 173 1237 212 ORATORE

312 286 426 327 sunt,
458 284 531 317 aut
564 276 737 319 fuerunt
766 286 971 329 oratores,
1002 278 1203 335 amplecti
1235 276 1522 320 voluerimus?
1560 279 1754 320 99nonne

314 335 419 381 fore.
445 344 505 384 ut,
542 344 651 390 quot
686 344 890 384 oratores,
926 337 1107 377 totidem
1140 349 1262 391 paene
1303 335 1565 390 reperiantur
1597 335 1755 391 'genera

313 391 513 433 dicendi?
561 391 626 433 Ex
658 407 742 446 qua
765 406 858 433 mea
887 393 1179 449 disputatione
1199 392 1377 433 forsitan
1407 389 1604 433 occurrat
1634 389 1755 442 illud,

316 449 348 488 si
372 463 495 504 paene
518 449 847 489 innumerabiles
879 450 965 490 sint
987 450 1106 505 quasi
1133 449 1281 490 formae
1308 448 1543 505 figuraeque
1569 445 1756 500 dicendi,

318 506 460 561 specie
482 506 686 562 dispares,
709 521 862 562 genere
881 506 1133 557 laudabiles;
1166 520 1251 547 non
1277 519 1399 561 posse
1422 519 1486 555 eu,
1517 508 1557 536 30
1569 509 1666 570 q'uae
1688 504 1756 561 in·-

320 572 383 603 ter
406 577 448 604 se
468 563 725 618 discrepant,
753 563 896 603 iisdem
926 565 1167 619 praeceptis,
1191 573 1318 618 atque
1342 566 1376 593 3¹
1394 564 1435 603 in
1469 574 1554 603 una
1584 560 1756 618 insutu-'3

253 625 304 659 35
321 620 435 660 tione
456 620 643 660 formari.
705 621 833 666 Quod
855 635 939 660 non
964 631 1028 661 est
1048 621 1128 662 ita:
1161 620 1573 676 diligentissimeque
1590 618 1673 661 h'oc
1692 626 1758 659 'est

317 677 391 726 cis,
416 680 457 706 32'
472 678 544 731 qui
572 677 802 717 instituunt
820 677 999 732 aliquoS,
1023 686 1149 732 atque
1167 678 1380 728 erudiunt,
1402 672 1757 732 videndum,''⁴q'u'd

317 749 391 774 sua
412 748 625 789 quemque
647 744 797 774 natura
822 735 1009 774 maxime
1035 733 1142 774 ferre
1174 734 1381 775 videatur.
1444 733 1614 774 Etenim
1639 732 1758 774 vide-²

315 805 424 840 mus,
443 805 495 830 ex
527 791 676 831 eodem
701 792 821 846 quasi
855 791 953 832 ludo
979 805 1242 832 summorum
1274 791 1315 831 in
1340 805 1416 831 suo
1451 791 1660 846 cujusque
1683 803 1756 831 σε·

316 862 415 889 nere
438 848 651 888 artificum
677 857 720 888 et
750 848 1054 903 magistrorum
1085 848 1225 889 exisse
1256 847 1503 903 discipulos,
1527 848 1691 889 dissimi
1710 861 1754 888 es

319 905 428 945 inter
446 919 503 955 se,
526 915 715 945 attamen
743 905 1000 956 laudandos;
1032 916 1131 946 ‘cum
1156 906 1207 945 ad
1232 905 1441 960 cujusque
1471 912 1667 946 naturam
1692 905 1757 945 in-

254 974 305 1006 36
319 963 486 1003 stitutio
509 962 697 1003 doctoris
729 962 1139 1003 accommodaretur.
1201 961 1338 1016 Cujus
1368 970 1432 1002 est
1468 961 1535 1002 vel
1567 962 1756 1003 maxime

318 1020 486 1075 insigne
510 1019 611 1059 illud
643 1018 889 1075 exemplum
914 1024 982 1071 (ut
1003 1028 1164 1060 ceteras
1196 1027 1306 1059 artes
1339 1019 1608 1069 omittamus)
1639 1018 1753 1075 quod

315 1077 488 1117 dicebat
509 1076 731 1125 Isocrates,
752 1077 903 1117 doctor
923 1076 1164 1132 singularis,
1183 1090 1226 1116 se
1243 1075 1480 1117 calcaribus
1499 1076 1542 1116 in
1565 1074 1756 1132 EphorO,

315 1143 466 1175 contra
490 1143 632 1174 autem
657 1134 698 1174 in
718 1132 1002 1189 Theopompo
1026 1133 1155 1174 frenis
1181 1133 1241 1173 uti
1262 1133 1410 1174 solere.
1428 1133 1606 1174 alterum
1625 1133 1756 1184 enim,

315 1191 603 1232 exsultantem
638 1191 864 1231 verborum
900 1191 1092 1241 audacia,
1127 1191 1401 1247 reprimebat,
1434 1189 1613 1231 alterum
1652 1199 1758 1231 cun-²

316 1258 503 1289 etantem
540 1258 583 1289 et
622 1248 742 1303 quasi
780 1248 1152 1298 verecundantem,
1190 1247 1414 1288 incitabat,
1492 1247 1647 1303 Neque
1683 1259 1756 1288 eos

316 1306 474 1346 similes
498 1305 641 1346 effecit
665 1306 774 1346 inter
792 1319 849 1354 se,
869 1305 940 1346 sed
973 1315 1140 1346 tantum
1169 1304 1287 1345 alteri
1322 1305 1508 1356 affinxit,
1539 1304 1592 1345 de
1621 1303 1760 1346 altero

316 1363 496 1413 limavit,
513 1373 560 1404 ut
581 1362 622 1403 id
645 1361 934 1403 conformaret
952 1362 996 1402 in
1017 1372 1212 1417 utroque,
1231 1362 1346 1417 quod
1365 1362 1586 1416 utriusque
1604 1369 1761 1403 natura·

237 1416 303 1464 10
318 1429 546 1476 pateretur.
609 1419 720 1461 Haec
750 1434 801 1460 eo
838 1419 942 1459 mihi
984 1419 1255 1475 praedicenda
1289 1418 1475 1469 fuerunt,
1507 1428 1569 1470 ut,
1600 1419 1634 1459 si
1666 1432 1753 1460 non

251 1489 302 1526 37
320 1477 479 1527 omnia,
503 1492 599 1532 quae
626 1486 967 1532 proponerentur
997 1491 1021 1516 a
1044 1491 1127 1527 me,
1157 1476 1209 1517 ad
1234 1476 1428 1516 omnium
1452 1475 1642 1518 vestrfirn
1667 1484 1757 1517 stu-

313 1534 447 1585 dium,
466 1544 508 1574 et
529 1534 580 1575 ad
605 1549 738 1589 genus
759 1533 814 1584 id,
834 1533 948 1588 quod
968 1534 1149 1588 quisque
1171 1533 1360 1573 vestrum
1386 1533 1429 1573 in
1448 1532 1631 1574 dicendo
1655 1546 1755 1590 pro-

312 1592 445 1642 baret,
466 1591 819 1641 adhaerescerent,
838 1590 879 1630 id
900 1605 925 1630 a
944 1604 1010 1630 me
1032 1604 1166 1646 genus
1180 1590 1365 1646 exprimi
1386 1589 1615 1648 sentiretis,
1636 1589 1753 1647 quod

309 1648 499 1689 maxime
522 1648 627 1689 mihi
653 1647 733 1704 ipsi
760 1647 1024 1702 probaretur.
1651 1662 1655 1665 ¹
1686 1664 1689 1667 ·

371 1704 486 1761 Ergo
519 1705 612 1746 haec
654 1714 697 1746 et
731 1704 896 1761 agenda
928 1714 1027 1745 sunt
1062 1704 1116 1744 ab
1153 1713 1336 1755 oratore,
1379 1718 1475 1758 quae
1515 1703 1753 1760 explicarit

310 1761 542 1813 Antonius,
559 1771 602 1803 et
619 1762 802 1803 dicenda
819 1762 1003 1817 quodam
1027 1761 1173 1802 modo,
1223 1762 1412 1807 Quinam
1431 1760 1563 1816 igitur
1581 1759 1751 1802 dicendi

309 1829 374 1860 est
407 1820 557 1860 modus
590 1819 753 1869 melior,
777 1823 895 1869 (uam
923 1820 976 1859 de
1005 1819 1175 1859 actione
1204 1828 1302 1874 post
1334 1817 1514 1869 videro)
1538 1832 1667 1874 quam
1699 1826 1751 1858 ut

315 1877 480 1928 Latine,
513 1886 560 1918 ut
588 1876 726 1932 plane,
750 1887 797 1916 ut
823 1886 986 1926 ornate,
1011 1885 1059 1916 ut
1080 1875 1132 1916 ad
1166 1875 1222 1926 id,
1255 1875 1558 1930 quodcumque
1584 1884 1752 1932 agetur,

247 1944 297 1978 33
311 1944 410 1990 apte
431 1943 803 1990 congruenterque
826 1933 1034 1974 dicamus.
1093 1932 1239 1987 Atque
1261 1947 1409 1974 eorum
1441 1933 1629 1988 quidem,
1653 1945 1751 1988 quae

310 1991 395 2032 duo
427 1991 565 2047 prima
595 1991 703 2041 dixi,
749 1990 959 2043 rationem
990 2004 1076 2030 non
1111 1991 1296 2031 arbitror
1327 1989 1567 2046 exspectari
1607 2004 1633 2030 a
1667 2000 1759 2041 me,

311 2049 405 2104 puri
424 2048 688 2103 dilucidique
711 2048 931 2088 sermonis.
955 2061 1093 2102 neque
1115 2047 1229 2087 enim
1252 2061 1459 2088 conamur
1475 2046 1629 2088 docere
1651 2059 1750 2087 eum

308 2106 465 2156 dicere,
479 2106 551 2160 qui
576 2105 689 2159 loqui
712 2105 897 2156 nesciat3
931 2119 1008 2146 nec
1027 2118 1209 2160 sperare,
1228 2104 1300 2159 qui
1322 2104 1474 2144 Latine
1495 2118 1582 2144 non
1600 2102 1752 2161 possit,

308 2161 424 2203 hunc
458 2171 606 2203 ornate
643 2176 734 2202 esse
771 2162 1013 2202 dicturum:
1062 2175 1199 2216 neque
1235 2175 1350 2211 vero,
1383 2161 1457 2216 qui
1490 2174 1576 2201 non
1619 2160 1751 2211 dicat,

306 2220 422 2274 quod
456 2219 760 2275 intelligamus,
801 2219 914 2260 hunc
955 2233 1092 2273 posse,
1131 2218 1246 2273 quod
1286 2218 1558 2269 admiremur,
1593 2217 1755 2258 dicere,

309 2276 573 2331 Linquamus
597 2277 730 2331 igitur
754 2275 862 2325 haec,
886 2278 1033 2330 33quae
1064 2275 1360 2331 cognitionem
1383 2274 1546 2316 habent
1566 2273 1753 2324 facilem,

307 2348 431 2374 usum
453 2334 756 2374 necessarium.
787 2346 886 2373 nam
916 2333 1096 2373 alterum
1127 2332 1309 2373 traditur
1335 2332 1502 2384 litteris,
1533 2331 1751 2373 doctrina·

310 2460 327 2473 ο
349 2448 390 2479 29
404 2445 603 2486 nonnesore]
629 2447 682 2477 Sic
697 2445 778 2476 Edd.
795 2450 872 2476 ante
886 2445 1006 2476 Aldum
1090 2447 1130 2475 33
1161 2455 1232 2485 quoe
1253 2446 1468 2484 cognitionem
1486 2442 1642 2485 facilene]
1678 2442 1746 2482 Sic,

307 2498 430 2519 omnes.
462 2489 574 2519 Recte.
618 2489 671 2519 Sic
693 2494 726 2518 ct
747 2488 810 2519 Ms.
828 2488 866 2518 E.
884 2488 1006 2527 Vulga-
1049 2497 1114 2517 non
1150 2489 1390 2526 cogitationem,
1418 2487 1542 2517 habent
1571 2486 1643 2517 edd.
1666 2490 1750 2522 vett.-

307 2537 379 2562 tum
397 2541 518 2560 numne
532 2531 572 2561 ab
587 2531 669 2560 Aldo
686 2537 743 2560 est.
1048 2530 1149 2559 etiam
1166 2529 1237 2559 Ald.
1252 2534 1286 2560 et
1299 2529 1395 2559 Junt.
1417 2529 1469 2559 Sic
1481 2533 1514 2558 et
1529 2527 1592 2558 Ms.
1603 2528 1642 2558 E.
1676 2528 1746 2558 Pri-

349 2575 390 2601 30
416 2582 485 2611 quoe
511 2574 597 2602 inter
620 2584 652 2603 se
671 2572 870 2613 discrepant]
906 2572 1001 2603 scrib.
1048 2581 1138 2601 mum
1173 2573 1277 2611 reperi
1314 2571 1348 2601 in
1383 2571 1434 2602 ed.
1465 2570 1745 2607 Sanetandreana,

308 2615 499 2654 discrepent.
1047 2623 1120 2652 qnae
1134 2613 1255 2643 dicitur
1268 2613 1385 2644 Lamb.
1399 2611 1554 2649 secunda,
1567 2611 1622 2642 sed
1635 2612 1670 2642 in
1681 2621 1746 2652 qua

350 2659 385 2686 31
413 2658 447 2685 t'u
460 2665 529 2685 una
550 2656 764 2697 institutione]
793 2655 874 2686 Edd.
888 2665 912 2685 s.
930 2655 953 2686 l.
969 2659 1005 2686 et
1047 2655 1264 2685 correctiones
1273 2656 1341 2695 ejus
1357 2655 1481 2684 suntin
1499 2654 1659 2694 marg-ine)
1681 2653 1748 2706 Sed

308 2709 336 2729 a.
365 2698 453 2728 Med.
478 2699 550 2728 Asc.
571 2701 595 2727 1.
618 2698 691 2728 Ald.
715 2699 747 2728 J.
773 2699 1002 2738 disputatione,
1046 2697 1171 2736 quiassin
1183 2698 1330 2737 margine
1341 2697 1439 2727 lectio
1450 2696 1665 2735 cognitionem
1677 2696 1745 2726 noh

308 2740 394 2779 quod
409 2750 427 2769 a
442 2740 599 2780 superiori
613 2740 710 2770 verbo
725 2741 942 2780 disputatione
953 2750 1006 2770 or·
1049 2743 1166 2769 notata
1180 2744 1242 2774 est,
1258 2743 1406 2779 apparet,
1417 2747 1484 2769 esse
1496 2737 1614 2768 vitium
1630 2742 1654 2768 ο·
1673 2736 1744 2768 era:
1765 2742 1767 2745 ⁴

306 2788 379 2812 tum
395 2781 534 2812 videtur.
1050 2791 1136 2815 rum,
1151 2781 1236 2820 quod
1252 2780 1326 2811 inde
1341 2781 1376 2811 in
1399 2786 1569 2820 sequentes
1584 2779 1744 2810 edinones

349 2826 389 2855 32
401 2824 456 2863 qui
470 2824 647 2855 instituunt
662 2823 799 2864 aliquas]
827 2823 924 2854 Forte
937 2833 1005 2855 me·
1049 2824 1138 2853 venit
1164 2833 1222 2863 per
1249 2822 1482 2862 negligentiam
1506 2821 1692 2860 editorum,
1706 2825 1756 2851 ut-

306 2865 369 2896 lius
384 2867 476 2896 alios.
1048 2861 1149 2896 Dion.
1165 2864 1371 2902 Gofflosredi,
1386 2864 1531 2896 Gruteri.

1916 2538 1940 2734 ’Δὶῶ-ι-,ινᾼ-ο*
1919 2399 1937 2515 αικᾎπι
1923 2328 1939 2381 2*
1927 2189 1939 2312 ΞΜ
1929 2214 1936 2239 σο
1930 2149 1939 2188 -ae-
1933 2115 1935 2121 <
1936 2052 1937 2055 „

1937 3083 1941 3091 r
1920 2904 1941 3043 2-2‘94'„
