1945 3235
603 167 790 206 LIBER
823 160 1064 205 PRIMUS.
1471 169 1546 206 163

113 279 189 314 aut
211 288 360 329 parum
379 274 547 324 idonea,
565 272 649 314 hoc
670 273 826 313 modo:
858 271 1103 311 maximum.
1120 270 1281 311 bonum
1303 278 1368 312 est
1397 271 1546 313 amicia

111 330 195 382 tia3
227 331 422 387 pluriinae
445 332 559 372 enim
577 330 882 371 delectationes
902 336 1001 368 sunt
1023 328 1064 368 in
1089 327 1293 368 amicitia.
1355 329 1544 374 Quartus
1558 311 1624 362 51

113 389 266 430 modus
300 399 390 430 erat
419 387 774 444 reprehensionis,
804 400 879 443 per
900 400 1028 441 quem
1058 394 1209 426 contra
1229 384 1396 425 firmam
1418 400 1544 441 argu·
1556 386 1606 420 96

114 447 440 497 mentationem,
475 461 596 501 aeque
631 445 758 485 firma·
782 453 855 484 aut
884 443 1048 484 firmior
1081 442 1336 498 ponebatur.
1386 444 1426 475 39
1446 443 1547 484 Hoc

115 516 250 557 genus
273 505 316 545 in
339 503 718 544 deliberationibus
751 501 942 542 maxime
973 500 1226 550 versabitur,
1248 514 1346 540 eum
1370 497 1547 554 aliquid,

112 561 228 614 quod
251 570 400 602 contra
421 559 602 610 dicatur,
633 574 805 614 aequum
835 573 926 600 esse
957 557 1248 607 concedimus,
1269 556 1340 597 sed
1355 556 1412 607 id,
1432 557 1550 612 quod

110 631 188 658 nos
216 618 498 668 defendimus,
519 617 807 658 necessarium
829 631 920 657 esse
953 616 1321 656 demonstramus:
1354 621 1429 654 aut
1449 628 1550 655 cum

111 674 170 726 id,
192 677 307 731 quod
326 676 386 716 illi
408 674 655 725 defendant,
678 674 783 715 utile
816 689 906 715 esse
929 673 1162 724 fateamur3
1194 672 1309 726 quod
1331 686 1409 712 nos
1431 671 1550 712 dica-

109 746 220 783 mus,
247 733 586 774 demonstremus
621 746 712 772 esse
741 732 986 772 honestum.
1046 729 1111 771 Ac
1145 731 1198 770 de
1219 728 1550 785 reprehensione

112 788 208 830 haec
227 790 401 844 quidem
420 790 764 831 existimavimus
778 804 868 830 esse
891 788 1087 830 dicenda.
1144 790 1187 819 4⁰
1202 786 1420 843 Deinceps
1432 801 1547 827 nunc
1559 815 1591 845 p.
1606 805 1655 836 60.

109 846 162 887 de
183 847 458 888 conclusione
477 861 700 904 ponemus.
1559 857 1578 878 a

167 903 460 961 Hermagoras
506 909 543 936 4¹
569 905 887 961 degressionem
933 903 1102 954 deinde,
1145 911 1240 943 tum
1285 910 1546 958 postremam
1559 921 1611 959 97

109 961 430 1003 conclusionem
464 962 602 1018 ponit.
664 962 716 1003 In
745 962 826 1003 hac
856 970 1000 1002 autem
1030 961 1304 1016 degressione
1333 960 1403 1000 ille
1425 968 1551 1015 putat

111 1029 310 1074 oportere
340 1021 555 1075 quandam
588 1019 734 1061 inferri
756 1019 1010 1069 orationem,
1030 1033 1055 1058 a
1076 1032 1218 1069 causa,
1241 1026 1370 1073 atque
1391 1033 1416 1058 a
1431 1017 1551 1072 judi-

110 1077 281 1118 catione
315 1077 409 1133 ipsa
438 1087 665 1128 remotam,
689 1092 786 1133 quae
818 1084 892 1117 aut
923 1076 986 1116 sui
1018 1075 1202 1127 laudem,
1224 1084 1299 1115 aut
1321 1075 1551 1116 adversa-rii

110 1134 469 1190 vituperationem
495 1135 730 1186 contineat,
754 1144 828 1175 aut
850 1134 894 1174 in
922 1133 1049 1174 aliam
1080 1147 1253 1173 causam
1274 1133 1473 1183 deducat,
1495 1146 1552 1173 ex

111 1205 198 1246 qua
220 1192 426 1234 conficiat
444 1192 606 1248 aliquid
629 1191 986 1242 confirmationis,
1000 1198 1075 1231 aut
1093 1190 1552 1246 rep1·ehensionis,non

111 1251 469 1305 argumentando,
502 1250 574 1290 sed
597 1249 795 1306 augendo
818 1263 894 1304 per
915 1247 1131 1303 quandam
1154 1247 1550 1302 amplificationem.

112 1305 242 1348 Hanc
284 1308 319 1347 si
350 1308 444 1362 quis
480 1316 643 1363 partem
681 1307 843 1363 putarit
873 1305 1094 1355 orationis,
1131 1313 1332 1360 sequatur
1366 1304 1553 1345 Herma·

110 1377 260 1419 goram
292 1364 456 1405 licebit.
518 1364 636 1405 Nam
669 1373 713 1404 et
747 1363 948 1419 augendi,
979 1372 1023 1403 et
1055 1362 1270 1412 laudandi,
1309 1371 1353 1402 et
1381 1362 1553 1418 vitupe-

110 1421 230 1462 randi
254 1432 472 1478 praecepta
503 1437 526 1462 a
556 1421 682 1462 nobis
715 1423 872 1477 partim
903 1420 1005 1461 data
1039 1428 1152 1471 sunt,
1176 1420 1333 1476 partim
1356 1434 1433 1460 suo
1456 1419 1551 1460 loco

110 1479 342 1519 dabuntur.
402 1483 443 1511 42
458 1480 597 1520 Nobis
629 1489 773 1519 autem
796 1494 882 1519 non
906 1478 1061 1534 placet,
1084 1477 1195 1518 hanc
1218 1487 1381 1533 partem
1406 1477 1450 1517 in
1473 1491 1552 1517 nu-

109 1550 228 1577 mero
261 1537 427 1592 reponi,
457 1537 572 1592 quod
603 1537 655 1577 de
677 1551 805 1578 causa
839 1535 1021 1592 digredi,
1045 1535 1124 1575 nisi
1148 1549 1224 1590 per
1256 1534 1398 1576 locum
1433 1549 1553 1575 com-

108 1607 299 1645 munem,
322 1594 546 1650 displicet;
577 1609 664 1649 quo
697 1594 750 1634 de
786 1608 942 1650 genere
965 1592 1176 1648 posterius
1209 1601 1274 1632 est
1304 1592 1550 1633 dicendum.

101 1650 278 1696 ‚Laudes
302 1660 446 1692 autem
476 1662 519 1693 et
558 1652 895 1707 vituperationes
933 1665 1021 1690 non
1053 1650 1282 1706 separatim
1303 1649 1442 1705 placet
1465 1659 1550 1689 tra-

108 1709 231 1759 ctari,
255 1709 327 1750 sed
350 1709 393 1750 in
414 1710 515 1765 ipsis
539 1709 987 1766 argumentationibus
1010 1722 1100 1748 esse
1119 1707 1365 1764 implicita&
1418 1707 1548 1748 Nunc

109 1765 161 1806 de
182 1767 458 1808 conclusione
481 1768 687 1808 dicemus.

113 1839 116 1842 ’
170 1823 404 1865 Conclusio
442 1834 506 1865 est
537 1825 680 1865 exitus
724 1832 767 1865 et
801 1823 1104 1864 determinatio
1147 1823 1279 1864 totius
1322 1821 1544 1863 orationis.
1559 1824 1627 1874 52

109 1879 206 1922 haec
224 1880 356 1922 habet
377 1891 518 1937 partes
538 1891 636 1933 tres,
659 1881 1042 1931 enumerationem,
1061 1880 1420 1936 indignationem,
1443 1895 1546 1921 con-
1559 1898 1625 1934 93>

107 1939 393 1993 questionem.
456 1939 735 1980 Enumeratio
755 1947 834 1989 est,
859 1952 934 1993 per
956 1952 1084 1992 quam
1105 1952 1169 1978 res
1192 1937 1381 1993 disperse
1399 1946 1442 1977 et
1464 1937 1548 1978 dif-

109 1996 202 2036 fuse
223 1996 366 2048 dictae,
388 2012 520 2038 unum
539 1998 582 2037 in
606 1997 747 2038 locum
768 2004 998 2052 coguntur,
1021 2004 1065 2035 et
1082 1995 1384 2036 reminiscendi
1406 2010 1550 2046 eausa,

107 2067 241 2093 unum
263 2055 342 2095 sub
365 2063 587 2110 aspectum
618 2054 923 2109 subjiciuntur.
986 2052 1100 2093 Haec
1131 2053 1165 2092 si
1197 2066 1364 2108 semper
1398 2053 1550 2094 eodem

106 2110 237 2151 modo
272 2112 541 2163 tractabitur,
565 2113 790 2168 perspicue
824 2111 878 2151 ab
909 2110 1111 2151 omnibus
1145 2109 1330 2150 artificio
1361 2111 1550 2166 quodam

106 2168 280 2210 tractari
298 2169 588 2226 intelligetur3
618 2172 657 2200 43
672 2169 736 2209 sin
756 2168 873 2209 varie
895 2168 984 2220 fiet,
1001 2175 1045 2208 et
1066 2167 1178 2209 hanc
1202 2167 1492 2224 suspicionem
1506 2178 1550 2210 et

849 2320 1092 2360 digressionem,
1111 2330 1170 2361 pro
1193 2330 1258 2360 qua
1279 2320 1408 2351 induxit
1430 2320 1546 2354 Lamb.

147 2325 187 2356 39
203 2321 277 2353 Hoc
288 2332 394 2361 genus
407 2322 480 2362 δια]
506 2322 546 2352 In
560 2321 620 2352 hac
632 2321 706 2364 ῥήσει
718 2325 804 2352 tem-

849 2365 1084 2402 degressionem
1096 2377 1105 2396 ;
1131 2363 1217 2403 quod
1230 2363 1476 2404 reprehensum,
1492 2365 1548 2396 sed

102 2373 185 2405 pora
214 2374 281 2394 non
311 2370 476 2395 constant.
520 2365 560 2394 In
581 2365 687 2404 prima
712 2369 804 2404 parte

104 2411 182 2437 sunt
205 2407 384 2444 indicativi,
408 2408 442 2437 in
461 2407 566 2438 altera
580 2407 798 2446 conjunctivi:

104 2455 139 2480 et
156 2456 267 2479 totum
282 2450 403 2490 pendet
418 2460 437 2480 a
453 2451 646 2485 versabitur,
670 2450 747 2487 sive,
763 2454 800 2479 ut

103 2491 175 2522 edd.
190 2496 272 2522 vett.
286 2493 422 2528 habent,
436 2497 599 2522 versatur.
630 2491 716 2522 ntra
727 2501 801 2532 pars

105 2533 200 2564 alteri
222 2535 264 2564 sit
287 2534 575 2572 accommodanda,
598 2543 666 2564 non
694 2533 802 2564 decer-

105 2585 194 2606 nam.
238 2577 419 2607 Lambinus
434 2587 501 2607 rem
517 2577 631 2614 sensit,
647 2576 803 2606 correxit-

105 2617 340 2658 qnefatemur,
353 2621 622 2650 demonstramus.
652 2618 803 2648 Debebat

105 2661 206 2690 etiam
221 2663 381 2701 corrigere
396 2661 619 2701 defendamus.
666 2661 707 2690 Et
724 2660 768 2690 sic
784 2671 803 2690 a

106 2702 262 2733 Cicerone
277 2713 344 2734 esse
359 2705 517 2744 scriptum
534 2705 586 2734 vix
601 2704 801 2734 dubitamus,

147 2747 187 2775 40
203 2744 363 2786 Deinceps
377 2747 450 2785 &c.]
489 2746 528 2776 In
545 2747 606 2776 hoe
622 2747 694 2776 loeo
710 2744 803 2775 valde

103 2787 231 2817 variant
253 2787 338 2818 libri.
381 2790 550 2819 Assentior
571 2787 803 2827 Oudendorpio

104 2829 160 2868 qui
173 2834 284 2860 totum
305 2830 477 2861 delendum
495 2834 601 2871 putat.
617 2831 680 2860 Ms.
694 2831 755 2860 Gn.
776 2833 802 2860 l.

105 2872 349 2909 conclusionem,
364 2883 408 2902 m.
423 2883 484 2903 sec.
501 2873 623 2903 addidit
634 2883 802 2912 ponemus.

146 2916 184 2943 41
202 2913 475 2955 Degresswnem]
499 2916 575 2946 Mss.
589 2921 623 2946 et
637 2915 707 2945 edd.
722 2920 803 2946 vett.

846 2416 914 2436 non
941 2410 1109 2436 mutatum
1131 2411 1192 2436 est.
1237 2406 1282 2436 Et
1304 2407 1350 2435 sic
1373 2406 1444 2436 aliis
1468 2407 1548 2437 loeis

846 2449 902 2479 Or.
918 2448 981 2484 111,
999 2451 1049 2479 53.
1066 2451 1116 2480 54.
1132 2450 1190 2478 &tu

887 2492 928 2521 42>
945 2491 1048 2520 *Vobis
1062 2501 1123 2521 ηοη
1134 2490 1268 2530 placet]
1294 2490 1373 2520 Mss.
1397 2490 1546 2522 Oudend.

847 2533 936 2563 Cass.
954 2533 1016 2562 Gu.
1032 2537 1065 2563 et
1080 2533 1151 2563 edd.
1169 2544 1216 2573 pr.
1232 2542 1333 2572 nsque
1349 2531 1388 2562 ad
1402 2533 1476 2563 Ald.
1490 2533 1547 2565 ha·

846 2576 927 2605 bont
944 2576 1087 2614 placuit‚·
1112 2576 1198 2615 quod
1223 2574 1455 2615 Oudendorpio
1478 2576 1548 2616 pla-

846 2623 909 2647 cet.
926 2627 993 2647 non
1015 2618 1108 2647 bene.
1128 2628 1204 2648 nam
1229 2617 1360 2647 deberet
1382 2628 1449 2648 esse
1472 2623 1547 2658 post

845 2670 1012 2699 τιψοηενες
1051 2666 1085 2690 at
1113 2661 1223 2700 reponi
1259 2661 1396 2699 requirit
1422 2662 1544 2700 placet.

846 2703 927 2732 Mox
948 2712 1007 2742 pro
1035 2703 1211 2742 'implicitas
1237 2702 1327 2732 Cass
1348 2708 1381 2732 et
1403 2702 1473 2733 edd.
1496 2714 1546 2744 pr.

846 2745 1043 2784 ἰἠψΙὶιίιίας,
1060 2750 1098 2774 ut
1113 2755 1222 2785 supra,
1239 2745 1324 2784 quod
1339 2745 1457 2785 placet.

889 2790 929 2817 43
955 2788 1014 2817 Sin
1037 2787 1230 2829 rariefiet]
1257 2787 1450 2827 Elegantius
1465 2792 1548 2828 puto

835 2830 902 2869 fiet
928 2831 961 2859 in
988 2829 1060 2859 edd.
1082 2840 1131 2871 pr.
1158 2831 1290 2868 omitti3
1315 2829 1400 2869 quod
1421 2832 1546 2875 primus

847 2872 946 2903 edidit
962 2872 1074 2903 Aldus,

778 2964 862 2999 ΜΩ
