1945 3235
571 120 762 166 LIBER
794 106 1129 160 SECUNDUS.
1528 123 1582 164 29

123 230 207 282 ¹bus
230 228 350 287 ipsis,
370 227 475 285 quid
497 226 654 270 facturi
673 234 830 278 essent,
854 226 893 268 si‘
912 225 955 267 in
978 240 1029 267 eo
1048 224 1146 266 loeo
1167 222 1375 273 fuissent·‚
1403 233 1448 266 et
1469 232 1581 268 tem-

161 302 223 341 u8,
251 289 412 339 locum,
441 301 546 337 rem,
575 285 934 326 deliber-ationem
967 297 1089 324 suam
1123 293 1258 338 ponet
1286 293 1387 322 ante
1415 283 1578 324 oculos.

141 390 146 393 ,
166 346 378 387 tanslatio
405 343 598 386 criminis
628 352 708 395 est,
730 357 831 384 cum
864 342 918 382 ab
942 356 1014 382 reo
1039 340 1144 381 facti
1179 353 1309 380 causa
1331 339 1373 379 in
1397 340 1579 380 alioruin
1599 337 1682 390 15'

158 414 356 446 eccatum
397 400 667 442 transfertur.
729 399 782 440 In
823 414 910 454 qua
946 399 1137 455 primum
1178 396 1462 452 quaerendum
1499 407 1580 449 est,

152 465 163 492 ¹
174 462 330 517 jurene
358 456 403 500 in
425 458 558 499 alium
588 459 752 499 crimen
776 457 1058 498 transferatur
1074 460 1094 497 ε’
1116 454 1272 496 deinde
1295 454 1583 510 spectandum

126 529 207 571 est,
240 533 295 560 an
331 529 456 571 aeque
484 530 694 572 magnum
723 514 780 556 sit
809 514 914 555 illud
947 522 1192 569 peccatum,
1224 512 1341 567 quod
1371 511 1417 552 in
1447 511 1582 554 alium

127 574 426 625 transferatur,
457 587 589 628 atque
623 572 744 624 iliud,
778 572 897 627 quod
938 586 1036 612 reus
1078 570 1318 625 suscepisse
1360 583 1403 610 se
1444 569 1582 610 fatea-

127 642 222 676 tur:
261 630 431 682 deinde,
470 631 769 687 oportueritne
801 631 845 671 in
879 643 931 670 ea
968 644 1013 670 re
1047 642 1242 685 peccare,
1278 627 1323 667 in
1352 641 1439 682 qua
1473 627 1584 675 alius.¹

128 700 228 733 ante
248 690 459 746 peccarit:
492 689 662 740 deinde,
684 688 983 744 oportueritne
997 686 1219 743 judicium
1241 696 1340 726 ante
1366 684 1456 725 fieri
1475 701 1484 726 2
1508 685 1582 727 de-

126 749 241 800 inde,
270 761 370 789 cum
393 746 559 788 factum
574 747 793 803 judicium
816 761 905 786 non
928 745 984 785 sit
1013 745 1066 786 de
1086 744 1158 784 isso
1181 743 1377 793 crimine,
1399 743 1516 798 quod
1537 743 1583 786 in.

127 806 258 850 alium
287 804 584 856 transferatur,
606 812 863 860 oporteatne
886 803 939 844 de
966 817 1017 844 ea
1040 816 1084 843 re
1100 801 1320 857 judicium
1342 800 1450 852 fieri,
1481 815 1581 856 quae

125 877 193 906 res
214 862 259 904 in
273 862 494 918 judicium
516 863 557 894 62
568 862 763 904 nondum
785 861 968 903 venerit.
1020 860 1164 905 Locus
1185 859 1430 900 communis
1453 871 1626 914 acen-lb.

125 921 295 972 satoris,
317 929 471 977 contra
491 935 606 972 eum,
629 921 703 976 qui
726 919 822 976 plus
845 927 1019 961 censeat
1042 918 1146 968 vim,
1169 930 1299 973 quam
1315 916 1487 973 judicia
1508 932 1583 959 va-

123 978 211 1020 lere
244 988 466 1035 oportere:
499 987 544 1020 et
573 979 628 1020 ab
662 978 916 1021 adversariis
952 975 1309 1033 percunctabitur
1341 984 1584 1027 accusator,

123 1036 231 1092 quid
262 1036 459 1078 futurum
489 1036 559 1089 sit,
583 1038 618 1079 si
651 1036 768 1077 idem
790 1036 922 1077 ceteri
953 1034 1132 1085 faciant,
1153 1042 1200 1074 ut
1233 1032 1287 1074 de
1320 1032 1584 1075 indemnatis

124 1094 341 1152 supplicia
370 1103 558 1146 sumant,
591 1094 709 1150 quod
741 1108 815 1134 eos
846 1093 961 1134 idem
995 1091 1148 1133 secisse
1179 1091 1342 1133 dicant.
1405 1091 1523 1138 Quid
1549 1091 1585 1132 si
1635 1130 1637 1133 Α
1689 1122 1691 1124 -

123 1151 219 1209 ipse
240 1162 467 1195 accusator
488 1153 603 1199 idem
633 1152 776 1193 facere
810 1151 1044 1192 voluisset?
1078 1148 1295 1190 Defensor
1314 1163 1464 1190 eorum
1483 1164 1586 1205 pec-

124 1210 213 1251 cati
232 1211 507 1255 atrocitatem
529 1209 735 1266 proferet,
757 1210 800 1250 in
825 1223 934 1264 quos
953 1207 1116 1250 crimen
1137 1207 1445 1259 transferetur3
1478 1222 1585 1259 rein,

123 1266 286 1320 locum,
310 1277 481 1324 tempus
511 1277 612 1309 ante
634 1267 782 1309 oculos
808 1276 956 1323 ponet,
978 1276 1027 1307 ut
1054 1265 1099 1317 ii,
1122 1264 1197 1321 qui
1216 1264 1409 1316 audient,
1432 1265 1587 1306 existi-

124 1335 262 1378 ment,
292 1335 367 1367 aut
390 1340 493 1371 non*
512 1326 721 1382 potuisse,
754 1335 830 1366 aut
851 1339 940 1366 non
973 1323 1106 1365 fuisse
1140 1322 1259 1373 utile,
1282 1336 1373 1363 rem
1404 1322 1447 1363 in
1463 1323 1585 1378 judi—

124 1384 244 1430 cium
266 1383 426 1426 venire.
456 1383 497 1414 63
513 1383 750 1425 Concessio
769 1391 849 1434 est,
871 1397 947 1439 per
980 1395 1111 1437 quam
1133 1380 1261 1422 nobis
1291 1381 1461 1436 ignosci
1485 1396 1584 1436 pos·
1602 1373 1671 1428 16

125 1442 328 1484 tulamus.
390 1440 456 1483 Ea
480 1441 691 1484 dividitur
724 1441 767 1482 in
799 1440 1121 1502 purgationem,
1151 1448 1195 1480 et
1215 1439 1646 1494 deprecationem.23
1690 1470 1695 1477 ,

127 1498 341 1557 Purgatio
363 1509 443 1552 est,
473 1515 573 1547 cum
607 1499 807 1547 consulto
831 1513 856 1540 a
876 1498 1004 1539 nobis
1031 1497 1199 1538 factum
1231 1510 1458 1552 negamus.
1520 1497 1587 1539 Ea

125 1557 336 1605 dividitur
362 1558 407 1599 in
436 1557 816 1609 necessitudinem,
839 1556 1076 1607 fortunam,
1099 1554 1453 1611 imprudentiam.
1517 1554 1588 1597 De

124 1615 194 1658 his
237 1616 427 1673 primum
468 1617 664 1672 partibus
711 1615 1030 1657 ostendendum
1071 1620 1164 1666 est3
1215 1612 1371 1653 deinde
1418 1612 1473 1654 ad
1514 1613 1590 1655 de.

125 1671 424 1731 precationem
446 1673 749 1720 revertendum
769 1673 955 1715 videtur.
1005 1671 1202 1713 Primum
1225 1670 1590 1713 considerandum

87 1745 91 1748 ·
126 1740 207 1784 est,
244 1733 285 1764 64
299 1746 404 1773 num
445 1732 575 1788 culpa
623 1740 804 1773 ventum
855 1731 912 1776 sit
962 1730 1007 1772 in
1050 1729 1431 1780 necessitudinem,
1482 1744 1590 1772 num

127 1790 303 1846 culpam
354 1790 557 1836 veniendi
598 1788 874 1838 necessitudo
927 1787 1094 1829 fecerit.
1177 1786 1351 1828 Deinde
1390 1801 1591 1842 quaeren-

127 1847 234 1892 dum
262 1855 342 1900 est,
384 1862 524 1903 ecquo
565 1847 697 1888 modo
735 1847 798 1888 vis
841 1846 914 1888 iila
947 1846 1073 1888 vitari
1104 1845 1313 1901 potuerit,
1347 1859 1399 1887 ac
1440 1845 1589 1888 levari.

129 1903 302 1951 Deinde
344 1905 394 1957 is,
433 1905 508 1961 qui
551 1905 597 1946 in
634 1904 1002 1946 necessitudinem
1040 1918 1216 1945 causam
1258 1902 1469 1954 conferet,
1511 1918 1591 1945 ex·-

160 1972 333 2008 ertusne
372 1963 442 2014 sit,
481 1963 587 2019 quid
627 1973 781 2004 contra
821 1961 978 2014 facere,
1022 1973 1097 2003 aut
1131 1961 1387 2017 excogitare
1426 1971 1589 2017 posset.

127 1977 317 2072 ὣθίηάε,
339 2035 444 2062 num
466 2036 565 2077 quae
593 2021 862 2077 suspiciones
886 2035 944 2067 >ex
967 2018 1254 2075 conjecturali
1273 2018 1591 2067 constitutione

65 2113 67 2115 .
128 2079 241 2121 trahi
260 2079 445 2135 possint,
464 2094 563 2134 quae
583 2078 848 2136 significent,
871 2078 913 2121 id
935 2077 1133 2120 consulto
1154 2076 1320 2120 factum
1342 2091 1448 2129 esse,
1471 2078 1590 2133 quod

126 2137 370 2185 necessario
390 2137 599 2178 accidisse
618 2137 794 2178 dicitur.
829 2135 1014 2186 Deinde,
1039 2136 1074 2181 si
1096 2135 1289 2176 maxime
1311 2136 1589 2178 necessitudo

125 2194 348 2252 quaepiam
367 2194 513 2247 fuerit,
528 2195 818 2241 conveniatne
837 2209 932 2235 eam
956 2194 1058 2235 satis
1082 2192 1286 2234 idoneam
1308 2208 1484 2234 causam
1506 2209 1589 2250 pu..‚

126 2254 224 2295 tari.
286 2253 333 2294 Si
352 2262 497 2298 autem
521 2252 815 2310 imprudentia
832 2267 928 2293 rcus
952 2267 995 2293 se
1017 2265 1220 2308 peccasse
1242 2251 1372 2303 dicet,
1396 2252 1586 2307 primum
1597 2269 1650 2304 24

127 2320 362 2368 quaeretur,
396 2319 541 2357 utrum
565 2312 758 2368 potuerit
780 2310 904 2361 scire,
928 2326 983 2352 an
1004 2324 1094 2352 non
1126 2310 1344 2365 potuerit„
1397 2308 1587 2363 Deinde,

128 2380 275 2411 utrum
296 2368 398 2410 data
430 2369 487 2409 sit
509 2384 655 2425 opera,
684 2371 734 2410 ut
763 2369 959 2420 sciretur,
993 2383 1047 2409 an
1069 2382 1173 2408 non.
1235 2366 1423 2419 Deinde,
1443 2377 1592 2410 utrum

127 2441 230 2469 casu
263 2427 481 2479 nescierit,
522 2442 576 2467 an
604 2427 745 2484 culpa.
789 2441 890 2467 nam
921 2426 995 2482 qui
1028 2440 1072 2467 se
1101 2433 1279 2481 propter
1310 2425 1474 2477 vinum,
1515 2435 1592 2467 aut

128 2499 337 2538 amorem,
370 2495 445 2526 aut
478 2485 763 2538 iracundiam,
798 2484 963 2541 fugisse
994 2484 1208 2526 rationem
1239 2483 1369 2534 dicet,
1392 2484 1428 2524 is
1455 2484 1592 2527 animi

170 2611 208 2642 61
233 2610 386 2651 durem]
405 2610 486 2642 Mss.
500 2610 634 2651 quidam
647 2614 682 2642 et
698 2609 770 2641 edd.
785 2621 836 2651 pr.
923 2609 965 2641 64
988 2609 1086 2641 Num
1112 2608 1235 2650 culpem]
1269 2609 1322 2640 Sic
1343 2608 1417 2640 dedi
1438 2620 1498 2650 pro
1518 2609 1590 2641 vul-

128 2663 244 2685 omnae
267 2653 310 2685 ad
321 2654 478 2685 Aldinam
492 2664 597 2693 usque
619 2663 754 2684 verene.-
777 2663 837 2683 nec
881 2658 960 2692 gato
976 2657 1092 2684 'cetrum
1108 2662 1173 2693 per
1187 2654 1332 2693 culpam,
1348 2653 1410 2682 etsi
1427 2653 1489 2684 hoc
1510 2664 1590 2693 quo-

127 2700 243 2727 tamen
257 2706 354 2727 ausus
369 2706 444 2727 sum
457 2695 583 2739 jurene
598 2696 726 2728 delere:
751 2696 839 2737 quod
881 2706 944 2735 que
980 2700 1109 2725 rectum
1138 2697 1243 2726 foret:
1279 2705 1358 2725 nam
1384 2700 1502 2727 utrum
1529 2706 1590 2737 pro

128 2747 180 2771 res
197 2738 325 2770 videtur
339 2740 515 2779 requirere.
881 2748 964 2768 num
990 2738 1068 2775 diei,
1089 2740 1163 2777 jam
1191 2738 1349 2768 vidimus:
1387 2746 1447 2769 nec
1473 2743 1593 2770 tamen

171 2781 215 2813 62
237 2781 398 2814 Nondum
422 2782 575 2822 veneria]
608 2783 661 2813 Sic
689 2781 763 2812 edd.
788 2791 839 2823 pr.
882 2782 956 2811 sine
980 2781 1176 2812 necessitate
1192 2781 1284 2811 libris
1307 2780 1514 2811 inferendum
1529 2787 1591 2812 est.

128 2832 231 2863 usque
246 2823 287 2854 ad
297 2824 373 2856 Ald.
387 2825 490 2856 etiam
505 2826 587 2856 Mss.
602 2825 747 2865 quidam.
835 2834 837 2836 ·
881 2824 963 2855 Mss.
1001 2823 1153 2854 meliores
1180 2830 1215 2854 et
1241 2823 1314 2854 edd.
1342 2833 1392 2864 pr.
1417 2834 1522 2863 usque
1549 2823 1592 2854 ad

172 2868 213 2898 63
242 2865 402 2899 Ccmcesm'o
416 2872 463 2898 est
477 2869 552 2914 ἃς]
570 2869 654 2901 Haeo
663 2869 737 2910 jam
752 2867 842 2902 dieta
881 2866 1017 2904 Aldum,
1045 2872 1167 2907 praeter
1191 2866 1242 2897 ed.
1269 2869 1362 2900 1474.
1387 2876 1463 2906 quae
1491 2866 1593 2900 habet

126 2914 208 2942 sunt
223 2909 258 2943 in
272 2909 374 2945 Libro
388 2910 508 2952 primo.
780 2932 784 2934 ἡ
882 2914 1013 2947 utrum,
1027 2909 1165 2950 habent,
1182 2914 1220 2941 ut
1231 2908 1330 2941 edidi.
