1945 3235
667 119 854 159 LIBER
887 119 1126 158 PRIMUS.
1536 122 1613 161 279

175 224 251 276 sis,
279 241 375 267 cum
406 241 455 267 ea
484 226 711 275 nescirent,
743 237 1063 279 numquamque
1088 222 1361 265 didicissent:
1395 224 1616 279 utriusque

180 283 239 322 rci
263 283 400 324 facilis
421 294 485 324 est
506 294 549 324 et
568 292 740 339 promta
760 281 968 322 defensio.
1030 280 1143 320 Nam
1166 294 1303 334 neque
1326 280 1426 321 illud
1448 290 1512 320 est
1534 281 1614 320 mi-

178 341 373 391 randum,
404 341 492 395 qui,
523 342 678 395 quibus
709 339 849 380 verbis
881 338 1071 379 coemtio
1102 336 1191 387 fiat,
1222 338 1397 386 nesciat,
1431 338 1613 378 eundem

177 397 271 451 ejus
293 398 494 447 mulieris,
517 413 612 452 quae
636 396 925 438 coemtionem
954 394 1119 444 fecerit,
1141 408 1312 434 causam
1346 408 1468 448 posse
1489 396 1529 427 76
1541 396 1614 434 de-

179 454 375 496 fendere:
401 469 494 504 nec,
518 456 550 495 si
576 455 692 510 parvi
718 452 879 508 navigii
903 461 946 492 et
967 451 1112 507 magni
1136 451 1283 491 eadem
1307 460 1371 490 est
1392 451 1434 490 in
1459 451 1614 504 guber-

178 512 321 552 nando
339 513 542 563 scientia3
565 511 724 552 idcirco
743 512 832 564 qui,
847 510 1003 564 quibus
1024 508 1163 549 verbis
1181 516 1345 549 erctum
1366 507 1466 548 cieri
1487 522 1615 562 opor-

178 577 280 618 teat,
304 569 479 619 nesciat,
505 569 616 609 idem
649 567 941 608 herciscundae
970 565 1145 606 familiae
1168 579 1340 605 causam
1371 578 1498 620 agere
1528 579 1613 605 non

177 626 326 680 possit.
386 626 515 674 Nam,
537 626 650 679 quod
684 625 894 665 maximas
922 622 1248 678 centumvirales
1275 637 1422 663 causas
1448 622 1491 662 in
1514 621 1700 677 jure238

178 682 339 737 positas
371 681 612 737 protulisti:
644 697 741 736 quae
775 682 947 722 tandem
977 694 1121 721 earum
1151 695 1280 721 causa
1308 679 1405 731 fuit,
1435 693 1531 734 quae
1560 680 1614 720 ab

179 739 352 779 homine
373 739 605 793 eloquenti,
630 739 741 793 juris
774 739 990 794 imperito,
1014 752 1098 778 non
1126 737 1396 778 ornatissime
1428 737 1618 792 potuerit

177 796 290 837 dici?
321 797 478 851 quibus
513 796 685 851 quidem
717 797 760 837 in
793 797 932 836 causis
965 795 1181 844 omnibus,
1209 795 1321 835 sicut
1352 795 1394 834 in
1428 796 1522 849 ipsa
1552 793 1618 834 Μ’

179 851 314 903 Curii,
337 868 433 908 quae
458 854 534 894 abs
556 864 598 894 te
621 868 756 909 nuper
777 863 841 894 est
856 854 994 903 dicta,
1016 861 1058 893 et
1081 853 1123 892 in
1144 851 1197 893 C.
1215 851 1393 893 Hostilii
1418 850 1617 892 Mancini

175 911 483 962 controversia,
515 921 644 966 atque
677 913 721 951 in
752 925 803 951 eo
836 925 984 966 puero,
1011 910 1083 964 qui
1118 923 1171 950 ex
1205 909 1337 950 altera
1375 918 1499 949 natus
1526 919 1618 949 erat

175 981 325 1018 uxore,
346 983 433 1008 nou
459 969 636 1009 remisso
657 968 811 1008 nuntio
833 968 1058 1023 superiori,
1081 966 1164 1007 fuit
1194 966 1305 1007 inter
1335 966 1617 1022 peritissimos

175 1023 370 1065 homines
394 1041 560 1067 summa
580 1025 746 1080 dejure
767 1025 991 1067 dissensio.
1054 1024 1216 1070 Quaero
1238 1024 1384 1079 igitur,
1408 1024 1508 1078 quid
1541 1023 1614 1064 ad-
1626 1028 1703 1063 239

167 1080 335 1136 juverit
356 1093 567 1123 oratorem
593 1084 634 1123 in
660 1084 724 1123 his
747 1084 884 1123 causis
909 1082 1020 1136 juris
1044 1081 1237 1130 scientia,
1260 1096 1356 1121 cum
1391 1081 1460 1121 hic
1485 1081 1617 1136 juris-

173 1139 396 1180 consultus
419 1141 611 1195 superior
632 1140 761 1180 fuerit
782 1140 1058 1189 discessurus,
1080 1138 1153 1193 qui
1175 1147 1286 1178 esset
1307 1153 1393 1178 non
1418 1152 1493 1178 suo
1516 1138 1618 1178 arti-

176 1196 291 1246 ficio,
315 1197 386 1238 sed
418 1198 572 1247 alieno,
596 1197 677 1238 hoc
699 1206 777 1247 est,
800 1211 885 1236 non
910 1196 1023 1250 juris
1047 1195 1240 1246 scientia,
1263 1195 1335 1235 sed
1358 1196 1618 1249 eloquentia,

175 1263 451 1296 sustentatus,
513 1254 725 1310 Equidem
762 1254 844 1295 hoc
884 1267 997 1308 saepe
1033 1253 1193 1303 audivi,
1231 1266 1330 1292 cuin
1367 1252 1618 1292 aedilitatem

177 1310 228 1351 P.
253 1311 641 1367 Crassus—peteret,
673 1325 856 1367 eumque
886 1311 1026 1365 major
1056 1319 1174 1360 natu,
1205 1310 1335 1356 etiam
1367 1309 1619 1360 consularis,

176 1368 266 1408 Ser.
300 1368 442 1409 Galba
482 1378 778 1419 assectaretur,
813 1369 926 1423 quod
969 1367 1111 1408 Crassi
1155 1367 1287 1407 filiam
1327 1366 1379 1407 C.
1417 1366 1505 1407 filio
1541 1382 1618 1407 suo

175 1425 486 1480 despondisset,
509 1426 738 1467 accessisse
760 1426 813 1466 ad
837 1425 1039 1466 Crassum
1062 1423 1312 1466 consulendi
1335 1438 1463 1464 eausa
1485 1438 1620 1479 quen-

173 1482 272 1523 dam
308 1484 598 1525 rustieanum:
631 1484 704 1538 qui
737 1498 835 1524 cum
867 1482 1070 1523 Crassum
1110 1482 1365 1532 seduxisset,
1398 1490 1527 1536 atque
1566 1481 1619 1522 ad

172 1554 271 1580 eum
308 1541 536 1592 retulisset,
569 1554 907 1596 responsumque
942 1541 997 1580 ab
1028 1554 1078 1580 eo
1114 1554 1260 1580 verum
1298 1538 1451 1594 magis,
1487 1553 1619 1593 quam

175 1597 228 1637 ad
262 1613 382 1639 suam
410 1612 498 1639 rem
528 1598 902 1639 accommodatum
937 1596 1207 1648 abstulisset3
1239 1605 1287 1637 ut
1318 1610 1416 1636 eum
1453 1596 1620 1637 tristem

177 1654 320 1696 Galba
341 1655 463 1707 vidit,
494 1656 669 1696 nomine
699 1655 946 1712 appellavit,
968 1654 1269 1710 quaesivitque,
1291 1668 1376 1709 qua
1407 1653 1459 1694 de
1490 1667 1535 1694 re
1565 1653 1618 1694 ad

177 1710 379 1753 Crassum
416 1712 643 1754 retulisset.
680 1727 733 1754 ex
769 1728 854 1768 quo
882 1721 930 1752 ut
968 1712 1148 1762 audivit,
1184 1719 1538 1766 commotumque
1572 1718 1621 1751 ut

176 1768 284 1809 vidit
315 1769 548 1820 hominem,
573 1770 805 1826 Suspenso,
836 1769 991 1824 inquit,
1022 1770 1166 1810 animo
1189 1779 1231 1809 et
1253 1777 1466 1824 occupato
1491 1767 1618 1809 Cras-

175 1839 270 1866 sum
304 1828 384 1867 tibi
414 1828 683 1883 respondisse
713 1828 864 1869 video:
895 1827 1050 1868 deinde
1079 1827 1220 1882 ipsum
1252 1825 1454 1867 Crassum
1485 1831 1707 1866 manu‘240

178 1883 419 1938 prehendit,
441 1894 499 1935 et,
522 1884 626 1925 heus
649 1894 710 1935 tu,
733 1884 888 1939 inquit,
910 1884 1014 1939 quid
1038 1884 1116 1924 tibi
1142 1884 1183 1924 in
1209 1892 1395 1924 mentem
1418 1883 1536 1923 venit
1556 1884 1619 1924 ita

175 1942 459 1996 respondere?
491 1941 601 1983 Tum
636 1942 704 1982 ille
737 1942 933 1992 fidenter,
966 1941 1097 1982 homo
1131 1940 1428 1996 peritissimus,
1460 1940 1618 1981 confir—

176 2011 307 2049 mare,
330 1999 391 2039 ita
412 2013 455 2039 se
477 2014 564 2039 rem
597 2000 768 2049 habere,
791 2007 839 2039 ut
868 1998 1182 2053 respondisset;
1214 2012 1292 2039 nec
1323 1998 1502 2038 dubium
1526 2011 1618 2038 esse

176 2070 315 2110 posse.
351 2056 492 2098 Galba
513 2065 657 2097 autem
680 2056 869 2097 alludens
894 2056 1021 2107 varie,
1044 2065 1087 2096 et
1108 2055 1298 2111 copiose,
1320 2055 1476 2096 multas
1500 2054 1618 2095 simi-

174 2112 377 2154 litudines
407 2113 573 2166 afferre,
596 2114 814 2169 multaque
845 2128 923 2169 pro
951 2113 1157 2168 aequitate
1177 2122 1329 2154 contra
1351 2113 1425 2168 jus
1448 2111 1615 2154 dicere:

175 2178 304 2225 atque
337 2170 471 2221 illum,
505 2187 604 2212 cum
636 2171 882 2212 disserendo
915 2185 992 2227 par
1020 2184 1111 2211 esse
1145 2184 1231 2211 non
1268 2179 1414 2226 posset
1445 2174 1615 2224 (quam-

174 2241 304 2281 quam
338 2228 420 2269 fuit
451 2228 629 2270 Crassus
659 2229 702 2270 in
740 2243 917 2270 numero
943 2228 1215 2279 disertorum,
1247 2228 1320 2269 sed
1355 2242 1430 2283 par
1458 2226 1656 2268 Galbaep·
1678 2227 1745 2258 106.

176 2285 294 2326 nullo
334 2286 500 2337 modo),
541 2287 594 2328 ad
641 2296 836 2328 auctores
877 2285 1140 2341 confugisse,
1181 2295 1225 2326 et
1267 2285 1325 2336 id,
1366 2285 1482 2340 quod
1523 2283 1655 2339 ipsea·

177 2342 353 2394 diceret,
383 2351 427 2383 et
463 2344 506 2385 in
539 2344 589 2385 P.
614 2343 772 2395 Mucii,
805 2343 946 2384 fratris
981 2343 1046 2383 sui
1078 2342 1213 2393 libris,
1243 2350 1287 2383 et
1312 2343 1355 2383 in
1386 2343 1488 2383 Sex.
1511 2341 1616 2382 AElii

177 2401 496 2442 commentariis
537 2401 744 2458 scriptum
787 2399 1029 2457 protulisse,
1069 2414 1120 2441 ac
1161 2410 1304 2441 tamen
1342 2399 1619 2450 concessisse,

179 2456 332 2499 Galbae
355 2458 692 2515 disputationem
715 2459 797 2499 sibi
819 2457 1088 2515 probabilem
1108 2466 1152 2498 et
1181 2470 1315 2514 prope
1339 2471 1479 2498 veram
1502 2456 1619 2498 vide-

221 2614 262 2646 76
284 2613 454 2655 deffendere
465 2629 474 2646 .·
496 2627 565 2653 nec,
581 2617 608 2647 εἰ
627 2616 702 2656 &c.]
728 2616 876 2646 Primum
918 2614 1133 2655 gubernatur,
1149 2611 1306 2652 adeoque,
1322 2614 1377 2653 qui
1398 2622 1551 2652 magnam
1567 2621 1616 2643 re-

178 2653 233 2685 hic
249 2656 343 2687 colon
356 2668 413 2698 pro
426 2666 550 2699 puncto
562 2660 691 2699 scripsi:
708 2659 878 2689 cohaerent
919 2667 994 2697 gere
1010 2661 1131 2697 potest,
1146 2656 1246 2686 etiam
1266 2666 1398 2696 parvam
1413 2661 1521 2696 potest
1534 2666 1543 2693 ;
1567 2659 1618 2685 ta-

180 2698 269 2728 enim
284 2700 356 2730 ista.
392 2700 519 2732 Deinde
534 2702 567 2732 in
583 2702 687 2732 altera
702 2709 794 2742 parte
807 2710 876 2737 nec,
919 2709 996 2730 men
1018 2708 1109 2729 secus
1131 2705 1181 2728 est
1203 2699 1236 2727 in
1256 2699 1377 2728 caussis
1396 2697 1546 2738 agendis:
1570 2703 1618 2733 et,

181 2740 209 2769 si
227 2742 285 2771 &a
307 2742 500 2773 antecedens
523 2753 591 2774 non
611 2745 690 2774 satis
713 2743 879 2774 consentit
921 2743 976 2781 qui
992 2751 1124 2782 parvam
1139 2752 1156 2771 e
1166 2742 1241 2780 jure
1256 2741 1342 2771 civili
1355 2751 1450 2780 agere
1465 2749 1530 2769 non
1546 2743 1619 2778 pot·

181 2785 403 2822 consequenti.
445 2786 531 2817 Nam
547 2786 629 2816 illud
643 2787 798 2823 affirmat,
815 2785 877 2816 hoe
918 2790 980 2821 est,
996 2792 1109 2814 tamen
1124 2783 1259 2814 idoneus
1282 2793 1411 2823 magnae
1423 2786 1457 2813 et
1481 2781 1620 2822 publicu

183 2830 293 2864 negat.
336 2826 455 2857 semus
469 2834 537 2859 est:
561 2829 636 2865 etsi,
650 2833 688 2859 ut
702 2833 776 2859 tute
798 2828 880 2858 dixi.
920 2826 1053 2867 agendae
1068 2831 1177 2867 potest
1190 2834 1269 2856 csse.

183 2866 239 2905 sti,
253 2867 366 2899 eodem
382 2869 478 2901 modo
493 2872 582 2903 navis
597 2881 697 2912 parva
711 2875 745 2902 et
760 2879 882 2911 magna

861 2918 942 2955 'r4
