1945 3235
658 83 848 123 LIBER
883 81 1155 121 TERTIUS.
1549 87 1626 127 397

168 190 265 248 jam
286 191 529 248 exspectari
561 200 684 247 puto,
709 197 759 230 ut
790 201 1003 237 moneam,
1031 194 1080 227 ut
1100 185 1303 236 caveatis,
1325 201 1379 228 ne
1410 186 1551 239 exilis,
1573 202 1628 229 ne

176 249 341 291 'inculta
381 250 437 291 sit
469 259 609 291 vestra
646 246 800 298 oratio,
833 259 886 286 ne
925 244 1128 300 vulgari8‚
1161 257 1216 283 ne
1249 245 1464 286 obsoleta:
1510 245 1626 286 aliud

176 307 385 361 quiddam
405 307 560 363 majus,
581 314 625 346 et
647 304 823 361 ingenia
842 316 911 343 me
943 302 1171 342 hortantur
1191 311 1344 351 vestra,
1366 311 1410 341 et
1441 304 1626 354 aetateS.)

179 363 372 406 Difficile
402 366 517 406 enim
550 363 669 405 dictu
700 371 779 413 est,
808 374 1010 416 quaenam
1049 373 1179 399 causa
1211 357 1280 409 sit,
1314 372 1390 398 cur
1427 372 1492 408 ea,
1527 374 1624 414 quae
1638 371 1689 407 93

175 423 368 464 maxime
391 437 537 463 sensus
559 430 729 462 nostros
752 417 979 474 impellunt
1001 416 1237 472 voluptate,
1259 425 1303 456 et
1324 415 1466 471 specie
1490 418 1629 471 prima

176 481 383 521 acerrime
415 487 707 528 commovent,
738 477 794 517 ab
825 476 876 516 iis
908 475 1128 516 celerrime
1159 473 1334 514 fastidio
1367 473 1555 528 quodam
1585 483 1630 514 et

177 538 377 579 satietate
398 537 704 579 abalienemur.
759 534 938 580 Quanto
961 532 1153 574 colorum
1178 530 1467 588 pulcritudine
1489 541 1534 571 et
1557 546 1630 571 va-

178 595 330 636 rietate
361 595 581 635 floridiora
611 601 712 633 sunt
742 591 786 632 in
819 591 998 648 picturis
1029 591 1152 631 novis
1186 589 1401 645 pleraque,
1423 603 1554 643 quam
1585 588 1629 630 in

178 653 423 703 veteribus?
453 666 551 707 quae
585 659 744 700 tamen,
776 649 944 690 etiamsi
975 648 1116 705 primo
1149 648 1356 703 adspectu
1393 661 1471 687 nos
1505 656 1673 702 cepe-P·
1693 647 1760 678 152-

177 719 292 761 runt,
314 709 476 750 diutius
499 708 587 749 no‘n
609 708 851 759 delectant3
883 721 983 748 cum
1006 705 1136 746 iidem
1167 719 1244 745 nos
1278 705 1319 746 in
1352 704 1542 759 antiquis
1568 714 1631 745 ta·
1644 698 1675 720 a.

176 767 286 808 bulis
309 767 382 808 illo
405 767 500 822 ipso
524 766 699 807 horrido
721 765 1006 819 obsoletoque
1029 773 1266 804 teneamur.
1320 763 1500 809 Quanto
1523 762 1632 802 mol-

176 823 301 865 liores
334 834 434 865 sunt
455 834 498 866 et
520 823 790 866 delicatiores
819 823 866 863 in
888 830 1018 863 cantu
1046 821 1255 862 flexiones
1278 829 1322 861 et
1352 820 1471 861 falsae
1498 835 1631 862 vocu-

176 882 398 937 lae,.quam
421 893 550 923 certae
573 891 616 923 et
639 884 826 923 severae?
858 880 1015 935 quibus
1039 889 1184 920 tamen
1216 893 1303 920 non
1335 878 1465 920 modo
1489 888 1630 918 auste-

175 940 226 990 ri,
250 941 338 992 sed,
362 941 395 981 si
419 940 577 997 saepius
601 939 725 990 fiunt,
750 938 981 980 multitudo
1005 938 1098 993 ipsa
1119 937 1339 978 reclamat.
1402 935 1526 977 Licet
1548 936 1630 976 hoc
1643 948 1694 983 99

177 997 322 1041 videre
355 998 398 1039 in
424 998 598 1054 reliquis
629 997 852 1049 sensibus3
883 995 1116 1052 unguentis
1149 995 1290 1035 minus
1312 994 1387 1036 diu
1418 1009 1496 1035 nos
1518 993 1632 1035 dele-

177 1056 302 1107 ctari,
325 1061 493 1097 summa
514 1066 556 1097 et
586 1055 796 1096 acerrima
826 1054 1037 1094 suavitate
1059 1053 1262 1104 conditis,
1284 1067 1414 1108 quam
1442 1052 1508 1092 his
1539 1067 1635 1093 mo-

178 1113 362 1156 deratis:
394 1124 439 1155 et
471 1114 610 1170 magis
641 1112 821 1163 laudari,
852 1111 1017 1166 8⁴quod
1041 1124 1199 1161 ceram,
1230 1125 1358 1166 quam
1392 1110 1507 1165 quod
1540 1125 1636 1151 cro-

181 1186 281 1212 cum
304 1171 417 1213 olere
441 1172 658 1213 videatur:
692 1171 735 1210 in
760 1170 854 1226 ipso
878 1178 994 1209 tactu
1018 1182 1109 1209 esse
1132 1168 1307 1209 modum
1332 1177 1375 1208 et
1401 1167 1638 1209 mollitudi-

179 1229 248 1270 nis
269 1239 313 1270 et
334 1229 566 1271 laevitatis.'
599 1227 852 1276 Quinetiam
876 1236 1090 1284 gustatUS,
1112 1227 1185 1281 qui
1208 1236 1273 1267 est
1296 1240 1442 1266 sensus
1466 1240 1520 1266 ex
1544 1240 1639 1266 om-

179 1288 309 1329 nibus
358 1288 552 1329 maxime
594 1285 878 1342 voluptariuS,
921 1285 1082 1340 quique
1121 1283 1438 1325 85dulcitudine
1480 1292 1639 1340 praeter

178 1355 347 1387 ceteros
371 1360 520 1386 sensus
541 1352 857 1394 commovetur,
879 1356 1010 1397 quam
1033 1342 1122 1383 cito
1145 1341 1203 1393 id,
1226 1341 1342 1397 quod
1369 1341 1489 1382 valde
1513 1341 1639 1382 dulce

179 1412 259 1455 est,
282 1414 535 1459 aspernatur
556 1417 606 1444 ac
630 1400 822 1457 respuit?
856 1401 967 1447 Quis
1000 1400 1178 1456 potione
1201 1400 1279 1451 uti,
1302 1410 1377 1440 aut
1398 1400 1498 1440 cibo
1521 1398 1636 1440 dulci

176 1461 339 1502 diutius
364 1464 535 1517 potest?
566 1475 667 1502 cum
691 1468 875 1515 utroque
907 1459 948 1499 in
973 1471 1130 1513 genere
1152 1472 1216 1509 ea,
1238 1472 1336 1513 quae
1368 1456 1519 1498 leviter
1542 1471 1638 1498 sen-

176 1532 273 1560 sum
312 1519 535 1575 voluptate
574 1526 792 1567 moveant,
835 1515 1090 1557 86facillime
1124 1515 1338 1571 effugiant
1373 1515 1633 1556 satietatem.

179 1576 252 1618 Sic
275 1577 477 1618 omnibus
501 1577 544 1618 in
568 1575 710 1626 rebus,
735 1574 1031 1631 voluptatibus
1065 1573 1266 1614 maximis
1290 1572 1510 1613 fastidium
1536 1572 1634 1613 fini·
1650 1583 1725 1618 100

178 1635 334 1678 timum
363 1644 454 1676 est:
485 1648 573 1690 quo
604 1633 688 1674 hoc
723 1632 864 1673 minus
901 1633 944 1672 in
983 1631 1178 1672 oratione
1213 1631 1444 1683 miremur3
1477 1631 1519 1671 in
1550 1645 1637 1686 qua

179 1692 248 1733 vel
269 1706 324 1733 ex
348 1692 506 1747 poetis,
525 1690 591 1732 vel
613 1690 857 1732 oratoribus
882 1703 1109 1746 possumus
1125 1689 1340 1745 judicare,
1359 1688 1636 1739 concinnam,

179 1749 446 1801 distinctam,
489 1759 700 1800 ornatam,
740 1747 956 1799 festivam,
991 1747 1081 1787 sine
1123 1746 1457 1797 intermissione,
1491 1749 1527 1780 87
1545 1746 1637 1787 sine

178 1807 527 1864 reprehensione,
560 1807 651 1848 sine
682 1805 904 1857 varietate,
935 1805 1132 1860 quamvis
1167 1804 1292 1846 claris
1329 1804 1385 1844 sit
1416 1803 1637 1845 coloribus

180 1865 312 1922 picta,
345 1864 466 1906 88vel
497 1865 655 1921 po'esis,
686 1863 754 1904 vel
787 1864 941 1914 oratio,
978 1878 1063 1904 non
1106 1877 1230 1919 posse
1266 1862 1309 1902 in
1348 1861 1639 1902 delectatione

178 1938 270 1964 esse
299 1922 521 1964 diuturna.
579 1923 725 1978 Atque
755 1936 806 1962 eo
840 1922 968 1962 citius
1006 1921 1050 1961 in
1088 1920 1271 1961 oratoris
1302 1928 1376 1960 aut
1416 1920 1458 1960 in
1492 1920 1636 1975 po'etae

177 1980 392 2022 cincinnis
425 1996 475 2022 ac
508 1980 608 2022 fuco
640 1979 892 2030 offenditur,
925 1979 1042 2034 quod
1074 1993 1235 2029 sensus,
1268 1978 1311 2018 in
1350 1977 1485 2018 nimia
1515 1977 1639 2018 volu-

177 2048 312 2095 ptate,
335 2041 375 2073 89
389 2048 557 2090 natura,
575 2053 661 2079 non
681 2047 826 2079 mente
849 2037 1086 2088 satiantur3
1119 2037 1164 2077 in
1187 2035 1359 2093 scriptis
1376 2046 1420 2076 et
1443 2036 1487 2077 in
1506 2035 1637 2077 dictis

176 2185 223 2212 est
238 2181 296 2212 διο.
312 2180 459 2211 redditur
482 2180 567 2210 ratio
583 2179 752 2221 praeeepti,
769 2178 808 2209 de
832 2188 887 2218 ge·
930 2177 1045 2218 priinae
1067 2177 1193 2208 habent
1208 2176 1387 2208 dulcedine.
1404 2175 1488 2207 illud
1505 2175 1638 2218 praetuli

178 2234 255 2254 nere
277 2223 420 2261 dicendi,
445 2223 533 2264 quod
556 2223 626 2253 sine
650 2223 805 2253 satietate
832 2221 887 2252 de-
930 2226 1064 2261 propter
1080 2221 1181 2251 Nonii
1196 2221 1438 2251 testimonium.

177 2267 372 2349 1’θρέξὲῒ.ᾳιιοιί
384 2317 508 2345 ceram,
523 2317 624 2348 quam
639 2307 724 2347 quod
736 2307 883 2347 crocum]

178 2352 242 2382 Pro
265 2361 376 2382 ceram
404 2351 459 2381 alii
481 2350 611 2381 malunt
633 2355 775 2386 terram,
799 2350 887 2389 quod

179 2394 323 2425 defendit
341 2394 492 2424 petavius
507 2404 524 2423 e
549 2393 634 2423 Plin.
653 2393 696 2423 H.
713 2393 756 2423 N.
774 2393 885 2431 xvll,

180 2439 217 2468 5:
241 2437 298 2467 ubi
314 2448 342 2466 v.
357 2437 457 2467 etiam
484 2435 647 2466 Har-duin.
671 2435 712 2466 ad
733 2435 829 2465 XIII.
853 2435 888 2465 in

179 2479 262 2511 Not.
285 2486 320 2510 et
342 2479 418 2510 Em.
443 2489 476 2509 n.
491 2479 522 2509 6.
567 2478 750 2517 Vulgatum
775 2482 888 2508 autem

181 2521 327 2552 defendit
349 2521 507 2552 Brodaeus
530 2521 625 2551 Misc.
642 2520 700 2557 IV,
716 2523 744 2551 5.
762 2520 814 2550 cui
838 2531 888 2550 as-

180 2565 315 2594 sentior.
359 2564 447 2595 Nam
475 2573 552 2594 cera
579 2564 613 2593 in
639 2569 814 2603 unguento
839 2563 889 2593 in-

181 2605 288 2646 telligi
308 2611 429 2646 potest,
447 2617 514 2637 non
529 2612 632 2636 terra.

225 2652 264 2680 85
288 2649 503 2689 dulcitudine]
530 2650 582 2679 Sic
605 2659 645 2679 ex
667 2647 700 2678 h.
718 2647 738 2678 l.
762 2648 890 2688 profert

181 2689 311 2721 Nonius
336 2701 368 2731 p.
394 2692 448 2722 46.
476 2692 508 2722 b.
538 2692 607 2733 (ubi
632 2697 745 2722 tamen
774 2691 808 2721 iu
834 2702 889 2721 ex-

182 2733 292 2773 emplo
328 2734 429 2765 Paris.
465 2734 556 2765 locus
592 2734 779 2774 assignatur
806 2733 889 2763 libro

181 2776 283 2806 tertio
297 2775 336 2806 de
358 2776 404 2807 N.
420 2777 462 2808 D.
479 2776 577 2816 male)
595 2782 629 2807 et
653 2777 753 2807 habet
768 2775 818 2806 ed.
834 2776 890 2807 W.

182 2828 280 2857 quam
309 2825 440 2849 secutus
466 2825 516 2850 est
541 2819 656 2856 Aldus,
684 2830 703 2850 a
728 2829 793 2859 quo
820 2818 890 2849 haec

181 2861 280 2892 lectio
303 2861 337 2891 in
360 2862 509 2902 vulgatas
533 2861 634 2893 ducta
655 2867 718 2893 est.
762 2862 891 2893 Ceterae

973 2264 1013 2294 86
1016 2263 1188 2303 facillime
1202 2261 1384 2304 effugiant]
1403 2264 1455 2293 Sic
1470 2262 1638 2300 similiter,

930 2312 969 2336 ut
1003 2316 1114 2346 supra,
1145 2305 1342 2346 efflorescere
1370 2316 1428 2346 pro
1447 2304 1638 2346 florescere,

930 2349 1055 2379 correxi
1070 2350 1243 2389 vulgatum
1248 2347 1408 2388 Jitgz'alzt,
1424 2348 1511 2388 quod
1525 2357 1639 2378 sensus

931 2391 1026 2431 hujus
1051 2391 1114 2422 loci
1143 2391 1278 2431 respuit.
1301 2391 1427 2431 syllaba
1453 2391 1559 2431 prima
1584 2401 1641 2421 eo-

931 2434 1006 2465 dem
1022 2433 1132 2471 modo,
1148 2439 1186 2464 ut
1199 2443 1310 2473 supra,
1325 2433 1456 2464 excidit.

974 2479 1013 2511 87
1037 2477 1106 2507 sine
1120 2476 1378 2517 reprehensimze]
1397 2486 1425 2507 v.
1441 2475 1533 2507 Clav.
1550 2475 1585 2506 in
1604 2475 1640 2507 h.

931 2528 961 2550 v.

975 2564 1014 2593 88
1038 2562 1091 2592 vel
1106 2562 1224 2602 Ροὲεἰε,
1241 2563 1294 2592 vel
1314 2559 1432 2600 oratio]
1458 2560 1561 2590 Video
1579 2559 1640 2590 hos

932 2605 1154 2635 nominativos
1196 2605 1415 2644 grammatic-a
1454 2603 1640 2633 subtilitate

932 2648 1062 2678 defendi
1089 2656 1199 2688 posse:
1235 2647 1291 2677 sed
1319 2647 1353 2676 in
1382 2647 1443 2677 hac
1473 2645 1642 2676 Ciceronis

932 2690 1093 2720 facilitate
1116 2690 1238 2720 rectius
1252 2695 1303 2720 est
1320 2691 1433 2729 poesin
1448 2690 1501 2718 vel
1522 2689 1642 2718 oratiu-

932 2742 1016 2763 nem.
1061 2733 1197 2763 Vicinus
1231 2732 1455 2762 nominativus
1484 2732 1579 2771 picta
1607 2730 1643 2761 in

932 2785 1075 2806 errorem
1092 2775 1223 2805 induxit
1236 2775 1398 2806 librarios.

977 2821 1017 2851 89
1051 2823 1193 2856 nattam,
1220 2827 1285 2848 nrm
1319 2820 1428 2847 mente
1454 2814 1640 2855 satiantur]

934 2861 955 2892 i.
981 2861 1116 2893 satietas
1145 2871 1166 2893 a
1192 2866 1313 2891 natura
1331 2858 1482 2891 ‘hominis
1508 2857 1644 2898 pendet,
