1945 3235
291 147 364 182 164
727 142 802 180 DE
839 140 1227 182 INVENTIONE

291 247 534 289 satietatem
563 247 696 289 vitare
722 247 898 304 poterit.
958 248 1102 295 Quare
1125 255 1218 291 tum
1240 238 1459 302 oportebit
1481 243 1542 285 ita
1564 242 1720 294 facere,

292 314 340 345 ut
371 304 560 361 plerique
590 304 755 346 faciunt
789 312 962 361 propter
993 304 1258 354 facilitatem,
1290 301 1539 358 singillatim
1571 316 1720 342 unam-

292 377 507 418 quamque
527 377 617 403 rem
638 363 866 418 attingere,
899 372 942 402 ct
976 362 1036 402 ita
1066 375 1214 402 omnes
1237 359 1414 401 transire
1444 359 1629 399 breviter
1650 372 1716 399 ar-

293 419 660 476 gumentationes:
693 430 783 460 tum
818 427 962 459 autem
985 417 1042 469 id,
1073 418 1188 473 quod
1219 416 1436 459 difficilius
1466 424 1544 466 est,
1566 416 1722 466 dicere,

293 492 397 532 quas
422 487 559 533 partes
582 476 831 532 exposueris
864 476 907 516 in
928 476 1172 531 partitione,
1194 475 1247 515 de
1266 474 1421 531 quibus
1442 482 1483 514 te
1504 472 1718 529 pollicitus

293 534 350 575 sis
380 535 611 586 dicturum,
632 544 676 574 et
705 533 906 575 reducere
928 534 971 574 in
994 534 1260 584 memoriam,
1293 531 1449 588 quibus
1484 529 1721 571 rationibus

294 605 639 647 unamquamque
654 599 818 647 partem
837 590 1127 632 confirmaris:
1153 599 1243 631 tum
1264 590 1317 631 ab
1342 589 1406 639 iis,
1429 587 1502 643 qui
1525 587 1721 637 audiunt,

294 664 501 704 quaerere,
524 648 682 703 44quid
711 649 780 698 sit,
807 648 922 703 quod
957 648 1037 688 sibi
1073 648 1178 689 velle
1211 648 1396 688 debeant
1425 644 1724 695 demonstrari,

296 706 379 747 hoc
401 706 555 747 modo:
590 705 701 746 Illud
731 705 971 756 docuimus,
994 705 1096 747 illud
1129 705 1303 761 planum
1326 703 1521 744 fecimus.
1582 702 1650 743 Ita
1669 701 1724 742 si·-

295 764 384 804 mul
406 773 449 804 et
479 763 522 803 in
554 763 806 804 memoriam
839 763 996 804 redibit
1019 763 1203 813 auditor,
1225 772 1268 803 et
1298 762 1468 819 putabit
1491 759 1600 801 nihil
1633 772 1727 800 esse

235 836 284 870 99
298 832 516 876 praeterea,
549 821 664 876 quod
691 820 846 861 debeat
875 820 1127 861 desiderare.
1174 819 1318 874 Atque
1341 819 1383 859 iu
1406 819 1472 859 his
1495 817 1724 873 generibus

294 883 362 930 (ut
383 887 482 918 ante
500 878 664 918 dictum
687 880 770 928 est)
798 887 890 918 tum
913 886 1005 919 tuas
1036 877 1429 933 argumentationes
1460 875 1638 916 transire
1661 888 1726 914 se*

293 935 494 991 paratim,
518 945 609 976 tum
641 935 698 986 id,
721 934 836 990 quod
866 935 1139 976 artificiosius
1162 944 1239 985 est,
1262 949 1360 975 cum
1384 934 1468 974 tuis
1489 932 1724 974 contrarias

292 992 582 1048 conjungere,
613 1000 656 1033 et
689 1006 788 1032 cum
820 1001 938 1033 tuam
971 992 1388 1047 argumentationem
1418 990 1592 1040 dixeris,
1616 998 1723 1039 tuni,

292 1060 444 1090 contra
464 1064 558 1090 eam
577 1049 692 1105 quod
711 1049 982 1100 afferebatur,
997 1049 1359 1104 quemadmodum
1381 1047 1568 1098 dilueris,
1581 1055 1724 1087 osten-

291 1107 405 1148 dere.
469 1106 538 1148 Ita
569 1122 643 1163 per
677 1107 851 1148 brevem
875 1106 1258 1163 comparationem,
1281 1105 1487 1146 auditoris
1517 1103 1725 1145 memoria

292 1175 337 1205 et
362 1165 414 1206 de
447 1164 790 1215 confirmatione,
823 1173 866 1205 et
905 1164 957 1206 de
990 1163 1319 1220 reprehensione
1348 1160 1727 1217 redintegrabitur.

292 1221 437 1277 Atque
470 1222 565 1262 haec
598 1221 690 1262 aliis
721 1222 905 1263 actionis
937 1236 1108 1277 quoque
1142 1221 1280 1262 modis
1305 1220 1467 1261 variare
1489 1218 1723 1275 oportebit.

294 1279 408 1320 Nam
441 1294 540 1320 cum
573 1294 631 1320 ex
665 1289 739 1320 tua
760 1294 944 1336 persona
976 1293 1223 1320 enumerare
1254 1278 1405 1334 possiS‚
1439 1285 1502 1328 ut,
1529 1275 1648 1331 quid,
1682 1284 1727 1316 et

247 1347 278 1376 b.
291 1352 377 1392 quo
399 1337 587 1392 quidque
624 1336 719 1378 loco
746 1337 921 1388 dixeris,
952 1337 1206 1377 admoneas:
1240 1345 1331 1376 tum
1355 1350 1454 1376 vero
1484 1348 1726 1391 personam,

289 1404 365 1435 aut
387 1408 475 1434 rem
505 1394 691 1449 aliquam
721 1394 938 1445 inducere,
968 1403 1012 1435 et
1044 1393 1410 1434 enumerationem
1433 1392 1471 1433 ei
1504 1400 1640 1432 totam
1662 1399 1726 1432 at-

292 1452 499 1493 tribuere:
534 1466 759 1507 personam
791 1451 875 1493 hoc
907 1452 1059 1493 modo:
1093 1451 1206 1492 Nam
1239 1451 1272 1492 si
1295 1451 1401 1507 legis
1436 1449 1617 1505 scriptor
1650 1462 1727 1490 ex-

289 1509 428 1560 sistat,
447 1518 490 1549 et
511 1518 677 1564 quaerat
698 1524 723 1549 a
751 1510 889 1561 vobis,
910 1509 1014 1564 quid
1044 1508 1265 1559 dubitetis,
1290 1511 1330 1539 45
1345 1507 1448 1564 quid
1467 1507 1639 1563 possitis
1661 1505 1727 1546 di-

291 1581 402 1617 cere,
421 1573 519 1607 cum
543 1566 666 1607 vobis
695 1566 779 1608 hoc
802 1575 845 1607 et
868 1567 951 1608 hoe
986 1567 1042 1607 sit
1063 1567 1418 1607 demonstratum.
1477 1564 1621 1621 Atque
1639 1563 1726 1615 hic,

292 1623 395 1664 item
419 1633 466 1664 ut
496 1624 539 1664 in
561 1633 708 1666 nostra
739 1639 934 1680 persona,
968 1623 1117 1666 licebit
1148 1623 1249 1665 alias
1273 1623 1524 1680 singillatim
1548 1620 1726 1663 transire

293 1695 441 1722 omnes
462 1682 873 1736 argumentationes,
894 1682 997 1723 alias
1027 1681 1079 1722 ad
1111 1682 1362 1738 partitiones
1382 1680 1551 1737 singula
1571 1693 1730 1736 genera

294 1738 464 1789 referre,
494 1739 596 1780 alias
630 1739 685 1780 ab
724 1739 934 1792 auditore,
973 1739 1076 1795 quid
1116 1739 1342 1790 desideret,
1381 1752 1587 1794 quaerere,
1623 1736 1725 1778 alias

294 1795 389 1837 haec
420 1795 560 1837 facere
579 1811 654 1852 per
675 1797 1043 1853 comparationem
1068 1811 1239 1838 suarum
1262 1806 1304 1837 et
1331 1795 1640 1838 contrariarum
1663 1809 1729 1835 ar-

211 1854 685 1910 loogumentationum.
746 1853 834 1895 Res
863 1863 1007 1897 autem
1029 1854 1270 1904 inducetur,
1294 1854 1328 1894 si
1349 1853 1477 1895 alicui
1500 1853 1558 1894 rei
1581 1850 1729 1907 hujus-

293 1911 426 1962 modi,
459 1911 560 1967 legi,
591 1911 702 1962 loco,
733 1911 846 1964 urbi,
887 1922 1171 1953 monumento
1203 1912 1462 1952 attribuetur
1486 1910 1624 1952 oratio
1654 1923 1730 1965 per

291 1970 674 2019 enumerationem,
710 1968 792 2010 hoc
823 1970 976 2012 modo:
1013 1969 1130 2016 Quid
1166 1969 1200 2009 si
1230 1969 1345 2026 leges
1379 1968 1496 2024 loqui
1530 1969 1731 2024 possent?

290 2040 433 2066 nonne
448 2026 542 2067 haec
556 2027 671 2082 apud
692 2041 767 2068 vos
786 2030 1092 2082 quererentur?
1125 2026 1345 2073 Quidnam
1364 2025 1547 2081 amplius
1565 2024 1732 2065 deside-

261 2116 264 2119 *
294 2084 413 2133 ratis,
429 2083 615 2138 judices,
639 2098 738 2124 cum
761 2083 885 2125 vobis
907 2083 990 2125 hoc
1009 2094 1054 2124 et
1074 2084 1158 2125 hoc
1182 2083 1356 2139 planum
1379 2083 1541 2124 factum
1565 2082 1647 2123 sit?
1680 2081 1731 2124 In

290 2139 374 2181 hoc
417 2155 587 2195 quoque
630 2155 785 2196 genere
828 2141 1029 2183 omnibus
1072 2141 1232 2183 eisdem
1279 2141 1418 2182 modis
1460 2140 1523 2181 uti
1567 2139 1730 2180 licebit.

294 2198 540 2238 Commune
562 2208 705 2239 autem
730 2207 996 2255 praeceptum
1020 2198 1102 2239 hoc
1125 2198 1251 2239 datur
1273 2199 1325 2239 ad
1347 2197 1730 2248 enumerationem,

293 2265 341 2296 ut
364 2269 418 2295 ex
442 2269 697 2310 unaquaque
719 2255 1108 2312 argumentatione,
1124 2256 1328 2311 quoniam
1353 2264 1445 2296 tota
1467 2255 1623 2296 iterum
1646 2254 1731 2295 dici

291 2326 376 2353 non
413 2321 570 2368 potest,
601 2313 644 2353 id
668 2312 865 2369 eligatur,
898 2313 1014 2369 quod
1049 2313 1130 2355 erit
1161 2312 1478 2368 gravissimum,
1502 2321 1545 2353 et
1575 2326 1730 2353 unum-

291 2369 493 2426 quodque
526 2384 656 2425 quam
696 2370 945 2412 brevissime
988 2380 1250 2423 transcatur3
1289 2381 1338 2412 ut
1379 2370 1600 2421 memoria,
1644 2383 1732 2410 non

293 2427 430 2468 oratio
452 2437 657 2469 renovata
678 2427 886 2469 videatur.

211 2475 280 2523 53
351 2483 602 2540 Indignatio
624 2494 689 2526 est
709 2486 863 2536 oratio,
887 2500 961 2542 per
983 2501 1112 2540 quarn
1134 2485 1377 2537 conficitur,
1400 2493 1448 2525 ut
1478 2484 1521 2524 in
1544 2483 1731 2539 aliquem

289 2542 512 2585 hominem
543 2557 749 2599 magnum
776 2543 938 2595 odium,
961 2553 1034 2584 aut
1066 2544 1109 2585 in
1141 2558 1229 2585 rem
1260 2543 1402 2600 gravis
1424 2540 1606 2583 offensio
1628 2556 1731 2583 con·v

329 2685 372 2715 44
383 2682 477 2725 ‚Quid
487 2683 547 2714 sibi
559 2685 638 2715 velle
653 2683 787 2715 debeant
801 2684 989 2724 demonstr]
1077 2687 1117 2715 45
1153 2685 1249 2726 ‚Quid
1274 2687 1403 2726 possitis
1438 2685 1567 2725 dicere]
1601 2683 1733 2714 Correxi

290 2725 428 2758 Variant
449 2726 502 2756 hic
524 2725 611 2762 libri,
626 2736 686 2756 nee
710 2737 748 2756 ex
765 2727 802 2756 iis
819 2729 899 2757 certi
916 2725 994 2767 quid
1035 2727 1128 2763 olim,
1143 2733 1181 2757 ut
1203 2728 1280 2765 alia,
1294 2729 1364 2759 sine
1383 2727 1494 2765 libris;
1518 2733 1552 2758 et
1574 2727 1668 2758 facile
1683 2731 1734 2755 est

289 2768 442 2811 extricari
468 2772 586 2808 potest.
610 2769 696 2798 conf.
722 2769 771 2805 11,
794 2771 845 2799 43.
869 2770 924 2800 ubi
947 2771 991 2800 sic
1036 2770 1232 2800 attendenti.
1276 2770 1339 2802 Sed
1354 2775 1430 2812 post
1450 2771 1553 2811 reperi
1574 2770 1607 2800 in
1628 2768 1734 2799 omni—

289 2816 360 2847 esta
382 2811 477 2851 ‚Quid
491 2815 656 2852 proeterea
670 2811 787 2840 audire
809 2816 868 2842 aut
885 2822 991 2852 eaespe-
1035 2812 1094 2842 bus
1109 2813 1179 2842 edd;
1196 2822 1244 2852 pr.
1289 2813 1371 2853 Quis
1386 2813 1510 2854 primus
1531 2813 1616 2852 quael
1639 2810 1743 2841 indu->

292 2858 384 2884 ctare
398 2853 510 2884 debeat
520 2865 529 2882 :
551 2853 637 2892 quod
650 2853 863 2884 eodeniredit
877 2866 883 2883 :
908 2854 992 2886 unde
1036 2855 1132 2891 inerit,
1148 2855 1252 2896 piguit
1267 2865 1421 2896 quarm
1464 2856 1518 2887 Sic
1531 2862 1563 2886 ct
1579 2856 1641 2886 Gu-

291 2895 461 2935 vulgatum
479 2894 649 2927 commode
664 2900 823 2926 servatur.
