1945 3235
583 145 766 183 LIBER
793 143 1122 183 SECUNDUS.
1497 147 1570 182 351

127 247 220 290 -iam
242 249 327 300 illa,
349 264 446 305 quae
473 249 708 299 minuendi,
733 258 808 290 aut
838 248 1021 303 augendi
1044 262 1174 288 causa
1195 246 1246 287 ad
1280 247 1573 289 incredibilem

126 307 460 348 admirationem
486 307 742 348 efferuntur:
777 305 892 346 velut
914 314 975 354 tu,
999 303 1166 354 Crasse,
1198 303 1241 343 in
1264 305 1488 354 concione,
1511 305 1573 346 ita

129 363 211 404 sibi
239 365 366 419 ipsum
389 379 579 420 magnum
600 363 729 404 videri
750 361 1006 412 Memmium,
1027 368 1073 401 ‘ut
1101 361 1142 400 in
1161 358 1309 415 foram
1338 360 1573 402 descendens

134 429 257 475 caput
284 422 341 463 acl
351 420 560 477 fornicem
586 419 710 462 Fabii
740 419 979 460 demitteret.
1041 417 1108 458 Ex
1139 431 1224 472 quo
1257 430 1413 472 genere
1440 419 1571 459 etiam

133 477 236 520 illud
259 490 337 530 est,
368 479 482 533 quod
516 478 661 534 Scipio
684 477 796 532 apud
830 475 1128 525 Numantiam,
1153 488 1251 515 cum
1281 474 1570 515 stomachare-

133 545 202 576 tur
224 551 320 578 cum
347 535 397 576 C.
423 535 616 585 Metello,
638 534 798 575 dixisse
823 533 994 582 dicitur,
1020 532 1067 573 Si
1088 531 1274 588 quintum
1298 537 1463 585 pareret
1485 546 1570 571 ma-

134 599 197 633 ter
216 594 313 650 ejus,
335 591 634 647 asimemfaisse
646 591 898 646 parituram.
959 590 1128 644 Arguta
1148 589 1277 629 etiam
1310 587 1570 642 significatio
1581 589 1658 623 268

131 658 210 700 est,
233 665 328 691 cum
354 663 483 705 parva
505 663 561 699 re,
584 659 628 689 et
658 663 773 704 saepe
796 649 926 689 verbo
949 662 1012 688 res
1035 647 1217 687 obscura
1238 654 1281 686 et
1310 644 1444 685 latens
1477 644 1572 685 illu-

135 715 317 749 stratur:
350 717 411 756 ut,
433 721 531 746 cum
557 705 607 746 C.
629 705 829 746 Fabricio
854 705 904 746 P.
926 704 1165 753 Cornelius,
1185 703 1331 753 homo,
1354 712 1399 741 ut
1423 701 1572 742 existi÷

131 764 343 817 mabatur,
365 778 517 803 avarus
540 773 582 804 et
605 764 744 813 furax,
768 764 839 804 sed
862 763 1034 818 egregie
1056 760 1194 810 fortis,
1211 770 1254 800 et
1278 760 1414 799 bonus
1438 759 1571 814 impe-

130 830 259 871 rator,
290 821 450 877 gratias
482 831 641 877 ageret,
664 821 778 876 quod
811 835 854 861 se
887 821 1016 860 homo
1038 818 1237 858 inimicus
1269 816 1486 857 consulem
1510 816 1572 857 fe-

129 877 271 928 cisset,
312 877 419 919 bello
454 879 691 933 praesertim
726 892 884 934 magno
917 887 960 918 et
1000 875 1146 932 gravi3
1182 877 1221 906 28
1239 873 1360 915 Nihil
1391 881 1460 924 esc,
1493 887 1571 928 qno

128 934 233 976 milii
257 936 418 991 gratias
447 951 558 992 agas,
592 936 747 990 inquit,
777 936 810 976 si
841 934 968 976 malui
1000 931 1227 987 compilari,
1257 946 1377 987 quam
1411 931 1570 972 venire:

127 1000 176 1032 ut
203 991 346 1033 Asello
375 991 619 1041 Africanus,
651 993 877 1047 objicienti
912 992 1092 1032 lustrum
1124 990 1225 1030 illud
1260 987 1427 1038 infelix,
1454 987 1570 1039 Noli,

126 1049 282 1104 inquit,
304 1050 462 1090 mirari.
495 1050 527 1090 is
557 1050 676 1100 enim,
701 1050 771 1105 qni
794 1057 831 1090 te
852 1064 899 1090 ex
929 1048 1083 1089 aerariis
1104 1046 1260 1097 exemit,
1285 1045 1453 1086 lustrum
1475 1060 1570 1085 con-

126 1105 246 1157 didit,
278 1114 314 1148 εί
347 1115 507 1149 taurum
539 1107 780 1148 immolavit.
840 1106 1030 1147 29Tanta
1063 1104 1250 1160 suspicio
1283 1112 1362 1153 est,
1398 1114 1443 1142 ut
1473 1103 1569 1143 reli-

127 1164 256 1219 gione
274 1166 493 1205 civitatem
515 1165 798 1205 obstrinxisse
816 1163 1010 1205 videatur
1029 1161 1287 1212 Mummius,
1306 1160 1421 1215 quod
1444 1159 1567 1201 Asel-

126 1220 214 1261 lum
238 1222 476 1277 ignominia
496 1221 661 1262 levarit.

124 1320 130 1323 .
184 1278 360 1320 Urbana
381 1279 510 1319 etiam
534 1277 816 1320 dissimulatio
839 1286 917 1328 est,
937 1292 1035 1318 cum
1058 1275 1139 1317 alia
1160 1275 1375 1324 dicuntur,
1398 1289 1447 1315 ac
1471 1289 1564 1315 sen·
1577 1263 1649 1324 67

127 1334 221 1386 tias,
244 1351 330 1376 non
352 1336 424 1377 illo
447 1350 616 1391 genere,
638 1337 691 1377 de
712 1350 796 1391 quo
819 1345 918 1376 ante
948 1335 1055 1384 dixi,
1075 1348 1173 1374 cum
1196 1331 1411 1373 contraria
1431 1331 1653 1383 dicas,269

125 1401 174 1437 ut
198 1393 358 1434 Lamiae
384 1393 576 1445 Crassus,
600 1394 671 1434 sed
693 1408 791 1434 cum
815 1402 907 1434 toto
931 1405 1085 1448 genere
1107 1390 1312 1431 orationis
1335 1403 1478 1429 severe
1500 1388 1564 1429 lu-

123 1449 212 1502 das,
235 1465 333 1491 cum
365 1451 486 1491 aliter
517 1451 688 1501 sentias,
716 1466 765 1491 ac
788 1450 984 1505 loquare:
1018 1457 1064 1489 ut
1095 1458 1239 1488 noster
1271 1445 1466 1487 Scaevola
1490 1446 1564 1487 Se-
1576 1452 1606 1482 P·
1626 1444 1696 1474 ¹34·

123 1508 362 1562 ptumuleio
385 1508 442 1548 illi
466 1503 714 1564 Anagnino,
737 1508 804 1549 cui
829 1523 906 1563 pro
931 1507 981 1548 C.
1003 1505 1192 1548 Gracchi
1215 1504 1356 1559 capite
1377 1512 1468 1544 erat
1489 1518 1564 1544 au·
1576 1495 1606 1516 θ’·

121 1578 215 1618 rum
238 1580 479 1621 repensum,
502 1566 688 1621 roganti,
712 1575 758 1606 ut
788 1579 830 1605 se
852 1566 895 1605 in
918 1563 1067 1604 Asiam
1100 1561 1350 1618 praefectum
1375 1560 1565 1612 duceret,

125 1619 240 1666 Quid
273 1623 351 1664 tibi
383 1623 455 1674 vis,
487 1623 642 1678 inquit,
673 1621 844 1663 insane?
875 1628 990 1663 tanta
1023 1620 1220 1660 malorum
1255 1625 1308 1658 est
1341 1617 1560 1658 multitudo

117 1678 281 1730 civium,
303 1687 349 1721 ut
370 1680 448 1721 tibi
468 1695 539 1736 ego
561 1680 632 1721 lzoc
654 1680 894 1734 cotgsz'rmem,
916 1679 949 1719 si
974 1678 1114 1720 Romae
1135 1674 1339 1726 manseriS,
1360 1683 1397 1715 te
1420 1675 1562 1729 paucis

120 1737 240 1777 arinis
270 1737 326 1778 ad
351 1737 547 1779 maximas
576 1738 769 1792 pecunias
801 1751 876 1778 esse
907 1743 1135 1777 venturum.
1198 1732 1249 1773 In
1284 1732 1366 1773 hoc
1405 1746 1560 1788 genere
1572 1739 1652 1778 270

122 1792 310 1835 Fannius
342 1796 385 1836 in
417 1795 640 1836 annalibus
663 1794 748 1835 suis
770 1793 1023 1835 Africanum
1057 1792 1171 1832 hunc
1194 1790 1475 1831 AEmilianum
1497 1789 1562 1830 di-

120 1852 182 1891 cit
211 1850 356 1904 fuisse,
379 1862 422 1893 et
442 1867 540 1892 eum
564 1852 721 1893 Graeco
746 1852 875 1892 verbo
906 1850 1092 1906 appellat
1120 1851 1253 1904 ngmoe:
1287 1847 1373 1897 sed,
1405 1847 1467 1887 uti
1501 1846 1563 1887 fe-

120 1918 234 1959 runt,
257 1910 329 1964 qui
353 1909 501 1950 melius
527 1909 619 1950 haec
642 1919 813 1959 norunt,
837 1909 1057 1949 Socratem
1080 1906 1233 1961 opinor
1256 1905 1298 1945 in
1323 1905 1402 1945 hac
1425 1904 1563 1945 ironia

119 1964 518 2022 dissimulantiaque
539 1967 666 2022 longe
691 1966 833 2022 lepore
855 1975 898 2006 et
928 1965 1196 2005 humanitate
1218 1962 1419 2002 omnibns
1451 1976 1561 2017 prae-

120 2022 294 2064 stitisse.
318 2038 453 2080 genus
475 2034 539 2064 est
563 2023 824 2079 pereleganS,
840 2032 883 2063 et
905 2037 1003 2062 eum
1026 2020 1236 2077 gravitate
1256 2018 1426 2069 salsum,
1440 2033 1561 2059 cum-

119 2094 202 2134 que
233 2082 431 2122 oratoriis
461 2081 740 2132 dictionibus,
763 2090 854 2120 tum
887 2080 1059 2120 urbanis
1090 2076 1357 2118 sermonibus
1389 2090 1560 2117 accom-

118 2137 357 2180 modatum.
417 2138 473 2179 Et
505 2138 676 2179 hercule
707 2138 853 2178 omnia
881 2137 991 2187 haec,
1019 2151 1115 2191 quae
1149 2150 1173 2175 a
1204 2148 1271 2174 me
1303 2133 1354 2174 de
1393 2132 1644 2175 facetiis271

118 2194 406 2250 disputantur,
443 2211 528 2237 non
567 2195 731 2251 majora
767 2194 1001 2236 forensium
1039 2193 1274 2242 actionum,
1303 2205 1430 2246 quam
1468 2204 1561 2231 om-

119 2251 238 2292 nium
271 2267 515 2294 sermonum
538 2254 814 2294 condimenta
835 2261 948 2292 sunt.
1010 2251 1122 2291 hain
1145 2249 1260 2304 quod
1292 2248 1403 2303 apud
1429 2247 1563 2288 Cato-

118 2322 216 2349 nem
239 2318 318 2361 est,
340 2311 412 2365 qui
445 2309 580 2350 multa
611 2310 770 2360 retulit,
792 2325 847 2350 ex
880 2309 1037 2364 quibus
1069 2323 1093 2348 a
1123 2321 1190 2347 me
1222 2305 1408 2361 exempli
1434 2319 1563 2346 causa

121 2366 255 2407 multa
277 2377 511 2422 ponuntur,
534 2382 609 2423 per
630 2367 736 2408 mihi
762 2367 917 2408 scitum
940 2366 1123 2415 videtur,
1147 2363 1199 2404 C.
1224 2362 1469 2403 Publicium
1493 2376 1562 2401 so-

117 2421 241 2464 litum
265 2425 420 2475 dicere,
445 2424 502 2465 P.
527 2424 774 2465 stlmnmium
794 2423 919 2465 cuivis
940 2422 1109 2477 tempori
1130 2420 1328 2461 hominem
1348 2433 1437 2459 esse.
1485 2419 1558 2461 Sic

120 2481 316 2535 profecto
347 2496 412 2522 res
444 2497 487 2522 se
520 2481 665 2532 habet,
693 2481 855 2522 nullum
890 2490 935 2521 ut
966 2480 1021 2520 sit
1050 2479 1149 2519 vitae
1177 2487 1360 2531 tempus,
1394 2476 1438 2517 in
1469 2491 1556 2531 quo

118 2553 204 2579 non
226 2539 376 2579 deceat
397 2539 584 2594 leporem
608 2539 1006 2591 humanitatemque
1029 2535 1199 2576 versari.
1249 2534 1331 2574 Sed
1355 2533 1480 2574 redeo
1502 2533 1555 2574 ad

117 2606 273 2637 cetera.
335 2595 412 2636 Est
455 2596 554 2636 huic
593 2595 824 2636 finitimum
860 2592 1205 2642 dissimulationi,
1241 2605 1341 2632 cum
1374 2591 1643 2636 honest0272

120 2654 248 2694 verbo
271 2653 427 2694 vitiosa
448 2668 513 2694 res
533 2653 795 2709 appellatur:
828 2662 875 2692 ut
897 2665 996 2692 cum
1017 2649 1246 2691 Africanus
1269 2662 1420 2690 censor
1441 2648 1557 2691 tribu

156 2812 195 2841 ‘28
221 2809 321 2839 Nihil
340 2814 398 2845 est,
415 2820 475 2849 quo
499 2820 542 2841 m.
564 2819 600 2848 g.
615 2808 665 2848 α.]
683 2807 744 2839 Ed.
758 2807 812 2839 W.
856 2807 981 2846 telligo.
1025 2806 1160 2843 Vereor,
1196 2810 1235 2836 ut
1274 2805 1342 2835 sint
1378 2803 1556 2835 Ciceronis.

113 2853 207 2892 quod,
225 2853 386 2882 usitatius,
856 2849 1020 2879 Videntur
1041 2848 1171 2888 quidem
1197 2847 1449 2888 explicationem
1476 2846 1556 2877 dicti

155 2897 195 2928 :29
213 2893 323 2926 Tanta.
337 2894 471 2934 suspicio
486 2893 547 2933 est]
573 2893 655 2924 Haec
677 2902 745 2924 non
765 2892 813 2922 in·
857 2890 976 2923 habere
991 2891 1117 2922 debere.
