1945 3235
430 122 507 156 480
1009 118 1280 159 BRUTUS.

432 223 526 262 ³⁶in
550 231 734 278 praetura
755 222 901 264 consul
926 222 1063 265 factus
1082 234 1205 274 esset,
1228 225 1260 264 si
1294 223 1500 266 rationem
1525 224 1617 280 ejus
1641 226 1785 268 haberi
1808 226 1867 268 li«

430 293 527 319 cere
551 280 793 333 judicatum
826 291 949 321 esset.
973 296 1068 322 nam
1093 292 1135 321 et
1157 281 1323 336 plebem
1347 283 1534 334 tenebat,
1557 292 1600 324 et
1620 294 1857 340 equestrem

432 337 625 377 ordinem
651 337 856 379 beneficio
880 338 984 394 legis
1015 339 1281 380 devinxerat.
1343 338 1384 380 Is
1407 351 1579 394 praetor,
1601 342 1748 382 eodem
1772 341 1856 392 die,

432 408 517 447 quo
541 395 792 435 Saturninus
809 395 1002 436 tribunus
1023 396 1171 451 plebis,
1195 394 1338 436 Mario
1361 406 1404 436 et
1425 396 1577 438 Flacco
1599 398 1860 448 consulibus,

431 454 466 484 3:
487 451 695 507 [publice]
735 463 798 492 est
834 452 1107 504 interfectus-3
1147 452 1276 493 homo
1308 453 1545 494 simillimus
1581 454 1859 496 Atheniensis

437 506 694 564 Hyperboli‚
719 509 841 563 eujus
874 510 1192 564 improbitatem
1226 520 1386 551 veteres
1418 509 1663 553 Atticorum
1695 525 1880 568 eomoes

344 565 516 608 Qesdiae
549 576 818 606 notaverunt.
879 566 1000 612 Quos
1035 566 1136 607 Sex.
1158 566 1296 607 Titius
1331 579 1600 620 consecutus,
1634 568 1763 610 homo
1797 568 1859 609 lo-

433 638 548 678 quax
584 637 696 672 sane,
719 633 762 663 et
792 623 893 663 satis
926 633 1091 674 acutus,
1123 624 1192 664 sed
1228 634 1313 665 tam
1337 628 1376 656 38
1392 625 1568 676 solutus,
1588 635 1631 666 et
1652 626 1791 668 mollis
1814 625 1857 666 in

434 690 570 735 gestu,
595 689 641 719 ut
664 680 831 720 saltatio
862 680 1058 735 quaedam
1091 691 1346 732 nasceretur,
1370 683 1436 723 eui
1475 683 1688 724 saltationi
1719 682 1857 724 Titius

433 751 587 776 nomen
611 747 734 777 esset.
767 737 827 777 ita
856 737 1092 778 cavendum
1125 746 1203 788 est,
1225 752 1278 778 ne
1307 739 1409 794 quid
1442 739 1483 780 in
1515 740 1682 796 agendo
1713 740 1860 781 dicen-

386 783 542 833 ssdove
567 793 711 844 facias,
734 795 856 850 cujus
890 794 1073 835 imitatio
1104 795 1305 836 rideatur.
1365 796 1447 837 Sed
1479 797 1530 837 ad
1562 797 1703 853 paullo
1735 811 1858 853 supe-

433 851 585 891 riorem
618 860 787 892 aetatcm
824 852 981 893 revecti
1013 866 1182 893 sumus:
1216 866 1329 893 nunc
1359 853 1410 893 ad
1444 867 1552 905 eam,
1582 854 1634 895 de
1666 870 1751 910 qua
1782 853 1859 896 ali-

429 918 637 962 quantum
660 907 789 949 locuti
814 923 973 959 sumus,
990 918 1263 950 revertamur.

487 964 757 1021 Cotijunettis
792 966 923 1022 igitur
946 966 1123 1022 Sulpicii
1148 967 1264 1008 aetati
1287 965 1336 1009 P.
1351 966 1564 1008 Antistius
1588 967 1684 1020 fuit,
1706 967 1854 1010 rabula

428 1036 528 1062 sane
550 1022 798 1078 probabilis,
817 1023 889 1078 qui
910 1023 1066 1064 multos
1085 1038 1181 1064 eum
1207 1024 1408 1065 tacuisset
1429 1040 1577 1076 annm,
1596 1040 1733 1081 neque
1753 1040 1856 1068 eon·-

427 1080 558 1120 temni
594 1080 744 1131 solum,
769 1081 837 1121 sed
872 1080 1034 1121 irrideri
1069 1081 1195 1122 etiam
1233 1081 1380 1122 solitus
1412 1092 1536 1133 esset,
1567 1083 1609 1123 in
1633 1083 1852 1124 tribunatu

425 1137 608 1192 primum
647 1149 797 1178 contra
831 1137 1003 1179 C..Julii
1028 1138 1194 1179 39illam
1229 1139 1472 1180 consulatus
1506 1140 1755 1195 petitionem
1780 1154 1856 1181 ex-

424 1194 764 1245 traordinariam,
804 1209 944 1236 veram
981 1210 1152 1237 causam
1183 1210 1328 1251 agenS,
1359 1207 1424 1237 est
1454 1198 1683 1252 probatus:
1725 1207 1768 1239 et
1803 1211 1854 1237 eo

424 1251 576 1306 magis,
599 1252 713 1306 quod
747 1253 922 1294 eandem
959 1267 1131 1293 causam
1159 1268 1256 1294 eum
1292 1264 1438 1309 ageret
1466 1254 1558 1309 ejus
1593 1254 1757 1311 collega
1784 1253 1853 1294 ille

423 1308 514 1363 ipse
538 1309 767 1364 Sulpicius,
791 1309 860 1351 hic
894 1309 1015 1365 plura
1046 1320 1090 1350 et
1120 1311 1312 1351 acutiora
1333 1311 1518 1352 dicebat.
1581 1311 1732 1368 Itaque
1755 1320 1858 1368 post.

424 1365 690 1407 tribunatum
729 1367 866 1422 primo
908 1366 1055 1408 multae
1087 1367 1138 1409 ad
1173 1382 1270 1408 eum
1303 1383 1459 1420 causae,
1497 1369 1650 1410 deinde
1691 1383 1854 1420 omnes,

334 1423 625 1464 ‘2271naximae
660 1438 942 1479 quascumque
980 1434 1114 1475 erant,
1152 1423 1466 1466 deferebantur.
1529 1426 1639 1467 Rem
1678 1426 1852 1468 videbat

421 1490 559 1531 acute,
582 1481 870 1536 componebat
891 1481 1133 1536 diligenter,
1156 1482 1361 1523 memoria
1382 1483 1569 1524 valebat:
1604 1484 1742 1525 verbis
1763 1497 1850 1524 non

417 1537 486 1577 ille
507 1538 681 1592 quidem
703 1538 864 1578 ornatis
887 1539 1101 1588 utebatur,
1125 1538 1196 1578 sed
1229 1547 1369 1579 tamen
1396 1554 1480 1581 non
1504 1540 1699 1596 abjectis.
1760 1539 1849 1582 Ex-

416 1593 562 1649 pedita
594 1605 732 1635 autem
758 1604 848 1635 erat
869 1605 912 1635 et
935 1595 1136 1650 perfacile
1157 1609 1331 1636 currens
1358 1597 1510 1638 oratio.
1573 1597 1630 1638 Et
1648 1606 1739 1639 erat
1757 1597 1850 1654 ejus

414 1651 588 1706 quidem
613 1665 814 1708 tanquam
838 1651 1009 1693 habitus
1033 1668 1117 1693 non
1138 1652 1392 1695 inurbanus:
1416 1654 1530 1696 actio
1545 1654 1733 1710 paullum
1751 1670 1850 1697 eum

417 1708 522 1749 vitio
547 1709 678 1761 vocis,
701 1721 790 1750 tum
822 1710 953 1750 etiam
987 1710 1158 1766 ineptiis
1181 1710 1467 1752 claudicabat.
1533 1711 1621 1753 Hie
1643 1712 1848 1768 tempori-

406 1766 494 1806 bus
526 1766 673 1807 floruit
708 1767 773 1817 iis,
807 1768 977 1822 quibus,
1010 1767 1121 1808 inter
1153 1766 1464 1824 profectionem
1496 1769 1768 1825 reditumque
1797 1769 1847 1812 L.

416 1822 559 1875 Sullae,
608 1825 699 1865 sine
732 1823 831 1879 jure
873 1824 956 1865 fuit
996 1833 1040 1865 et
1083 1825 1172 1865 sine
1213 1824 1298 1865 ulla
1338 1825 1551 1882 dignitate
1591 1826 1846 1883 respublica.

413 1883 454 1910 40
471 1880 571 1922 Hoc
594 1882 723 1922 etiam
755 1891 898 1922 autem
932 1882 1068 1938 magis
1100 1883 1377 1937 probabatur,
1398 1884 1513 1939 quod
1547 1893 1638 1925 erat
1669 1885 1724 1925 ab
1755 1899 1850 1926 ora-

414 1938 581 1979 toribus
621 1939 820 1994 quaedam
863 1939 905 1979 in
949 1939 1043 1980 foro
1085 1939 1285 1980 solitudo.
1363 1940 1578 1996 Sulpicius
1617 1941 1847 1994 occiderat,

417 1993 551 2036 Cotta
582 1997 743 2047 aberat,
779 2006 823 2037 ct
857 1995 1015 2038 Curio:
1056 1996 1231 2037 vivebat
1262 2011 1284 2037 e
1320 1997 1492 2053 reliquis
1529 1999 1720 2054 patronis
1753 1999 1846 2054 ejus

417 2053 556 2093 aetatis
588 2068 729 2104 nemo,
760 2062 915 2109 praeter
951 2053 1194 2095 Carbonem
1228 2063 1271 2094 et
1305 2053 1620 2111 Pomponium:
1662 2070 1844 2111 quorum

331 2088 405 2142 64
420 2119 645 2165 utrumque
685 2110 810 2152 facile
846 2111 1087 2166 superabat.
1149 2110 1368 2152 Inferioris
1403 2121 1546 2154 autem
1576 2113 1716 2154 aetatis
1756 2122 1848 2155 erat

325 2166 403 2200 228
420 2167 640 2221 proximus
666 2167 714 2208 L.
739 2167 933 2219 Sisenna,
956 2168 1108 2208 doetus
1133 2169 1210 2218 vir,
1229 2178 1272 2208 et
1295 2169 1445 2210 studiis
1466 2170 1642 2226 optimis
1661 2170 1844 2222 deditus,

373 2213 404 2244 b.
417 2224 524 2265 bene
557 2224 708 2265 Latine
738 2224 930 2281 loquenS,
952 2239 1108 2281 gnarus
1140 2224 1404 2282 reipublicae,
1426 2241 1512 2269 non
1537 2227 1627 2269 sine
1648 2226 1842 2270 facetiis:

340 974 417 1008 226

451 2351 492 2381 36
514 2352 548 2381 in
566 2357 721 2391 proelura
749 2354 860 2383 consul
882 2352 1015 2393 ιἤιε-επις]
1047 2353 1108 2383 Per
1150 2353 1246 2383 modo
1262 2353 1347 2384 idem
1362 2355 1486 2384 solutus
1507 2358 1539 2384 et
1557 2354 1662 2384 mollis
1681 2352 1715 2383 in
1729 2354 1842 2392 gestu?

407 2392 577 2464 {latumini
599 2394 789 2433 factionem,
811 2399 848 2426 nt
869 2396 971 2426 tradit
995 2395 1107 2426 Florus

447 2435 473 2470 1,
491 2436 539 2467 16.

449 2480 489 2510 37
499 2479 629 2517 publice
644 2484 690 2510 est
702 2478 828 2520 intecti]
847 2480 968 2510 Vocem
980 2481 1108 2519 publice

406 2520 548 2558 spuriam
571 2530 638 2552 esse
655 2521 779 2561 judico.
808 2532 882 2553 nain
906 2529 990 2552 esset
1012 2533 1029 2553 e
1052 2523 1106 2553 de-

406 2567 497 2591 creto
511 2568 656 2600 senatus,
671 2563 758 2602 quod
777 2563 816 2594 de
837 2574 876 2595 eo
898 2565 1020 2595 factum
1038 2574 1104 2594 non

406 2608 469 2640 cst,
487 2603 674 2645 Mariusque
688 2605 721 2636 id
735 2605 812 2636 fecit
826 2616 884 2636 suo
899 2607 937 2636 de
952 2606 1103 2644 consilio,

407 2648 523 2675 contra
537 2645 633 2677 fldem
650 2658 668 2677 a
683 2651 798 2677 senatu
814 2647 937 2684 datam,
954 2658 983 2678 v.
1001 2649 1100 2681 Catil.

406 2685 472 2722 111,
486 2687 517 2717 6.
553 2688 731 2729 Adseripsit
739 2690 867 2729 publice
881 2690 1053 2728 glossator,
1067 2696 1105 2721 ut

406 2727 576 2766 indicaret,
591 2741 664 2761 eum
690 2730 810 2771 palam,
826 2733 859 2761 in
882 2732 953 2762 loco
971 2733 1101 2772 publico

403 2771 706 2809 essejnterfectum,
722 2773 892 2813 imperitus
907 2774 975 2804 scil.
990 2774 1102 2805 latini-

402 2813 495 2848 tatis,
510 2823 584 2853 quae
592 2815 722 2854 publice
733 2815 778 2845 sic
795 2826 859 2846 non
882 2816 973 2846 dicit.

444 2857 485 2888 38
507 2857 631 2888 solutus
648 2861 679 2889 et
694 2858 799 2889 mollis
817 2859 852 2889 in
871 2857 982 2899 gestu]
1010 2858 1099 2899 Quo-

1152 2405 1227 2425 nam
1244 2397 1348 2426 mollis
1361 2397 1396 2426 in
1408 2406 1443 2435 g.
1459 2402 1508 2426 est
1525 2396 1620 2437 nimis
1633 2402 1782 2435 argutus:
1810 2400 1846 2426 at

1149 2439 1271 2468 solutus
1295 2442 1346 2468 est
1374 2437 1555 2478 negligens:
1586 2447 1658 2477 quae
1691 2438 1778 2467 inter
1811 2447 1845 2468 se

1150 2485 1312 2520 pugnant.
1368 2480 1582 2511 Scribendum
1611 2484 1670 2510 aut
1695 2481 1846 2511 molestus

1149 2528 1208 2552 aut
1223 2526 1376 2560 argutus.

1190 2567 1230 2598 39
1252 2566 1344 2594 illam
1357 2573 1439 2594 cons.
1450 2563 1637 2603 petitionem
1654 2564 1840 2603 esctraord.)

1146 2615 1190 2636 sc.
1207 2611 1323 2636 contra
1344 2608 1449 2645 legem
1463 2604 1597 2636 Villiani
1614 2606 1778 2637 annalem.
1802 2606 1843 2636 cf.

1148 2647 1229 2678 Har.
1253 2657 1335 2688 resp.
1356 2658 1384 2678 c.
1398 2651 1449 2678 20.
1479 2646 1596 2678 Duker
1617 2647 1658 2680 ad
1671 2648 1744 2679 Liv.
1760 2648 1839 2689 epit.

1185 2736 1227 2763 40
1242 2731 1315 2762 Hoc
1328 2732 1424 2761 etiam
1441 2735 1552 2762 autem
1567 2731 1626 2771 m.]
1643 2732 1716 2763 Hoc
1730 2730 1843 2763 admo·

1144 2773 1221 2804 dum
1237 2773 1356 2803 durum
1377 2778 1427 2803 est
1450 2774 1581 2804 auribus
1603 2775 1695 2805 meis.
1719 2774 1842 2805 alteru-

1143 2822 1233 2846 trum
1256 2815 1441 2853 deleverim,
1455 2815 1604 2856 inprimis
1626 2822 1757 2848 autem.-
1779 2815 1840 2847 nisi

1143 2858 1227 2890 fuit:
1252 2858 1330 2891 Hac
1342 2859 1442 2889 etiam
1458 2867 1568 2889 causa.
