1945 3235
580 131 766 169 LIBER
789 124 1064 169 TERTIUS.
1510 137 1561 172 49

108 246 155 279 et
175 236 360 279 nimium
379 236 579 294 progredi
603 235 964 287 dissuadebimus,
986 243 1031 276 et
1049 234 1226 276 modurn
1246 236 1481 292 unicuique
1500 237 1560 278 rei

110 303 366 337 statuemus.
426 294 695 350 Hujusmodi
717 303 861 349 partes
883 300 984 334 sunt
1013 293 1200 344 virtutis,
1223 293 1557 349 amplificandae,

111 353 147 393 si
171 353 472 404 suadebimus3
494 352 787 402 attenuandae,
810 351 845 392 si
879 352 934 392 ab
968 350 1035 391 his
1062 349 1467 401 dehortabi1nu1‚22’
1490 352 1596 406 [ut6

111 409 209 451 haec
222 410 534 473 attenuentur,]
558 424 655 465 quae
676 423 806 464 supra
818 408 1127 450 demonstravi
1178 407 1293 448 Nam
1312 422 1440 449 nemo
1462 411 1559 460 erit,

110 468 186 522 qui
207 476 380 508 censeat
398 482 424 507 a
444 467 606 508 virtute
628 466 938 508 recedendum:
963 480 1111 507 verum
1125 476 1199 507 aut
1212 479 1278 506 ies
1300 480 1389 506 non
1413 464 1562 521 hujus-

112 525 233 566 modi
254 525 423 566 dicatur
445 539 552 576 esse,
575 533 623 566 ut
646 524 852 564 virtutem
875 524 1090 580 possimus
1113 523 1335 580 egregiam
1358 524 1563 579 experiri,

112 591 190 623 aut
211 583 254 623 in
277 582 504 623 contrariis
527 582 672 638 potius
705 582 848 633 rebus,
871 597 1002 637 quam
1034 596 1077 622 111
1102 581 1183 631 his,
1207 583 1344 622 virtus
1366 590 1566 622 constare

112 639 380 681 ostendatur.
452 639 567 680 Item
598 654 632 680 51
663 654 751 695 quo
793 650 923 695 pacto
956 638 1209 695 poterimus,
1244 653 1375 694 quam
1407 638 1457 689 is,
1489 639 1565 694 qui

114 706 268 738 contra
287 697 418 748 dicet,
444 697 663 753 justitiam
698 698 880 748 vocarit,
900 712 981 738 nos
1014 696 1409 737 demonstrabimus
1441 696 1566 752 igna-

114 755 231 796 viam
263 769 372 806 esse,
404 764 449 796 et
478 755 694 806 inertiam,
720 770 771 796 ac
799 769 978 811 pravam
1010 754 1278 796 libertatem:
1310 768 1442 810 quam
1464 769 1565 810 pru-

114 812 308 854 dentiam
329 812 572 869 appellarit,
594 813 803 869 ineptam,
826 821 870 853 et
887 812 1120 869 garrulam,
1143 822 1186 853 et
1208 812 1404 854 odiosam
1427 812 1566 854 scien-

115 870 222 911 tiam
243 884 336 912 esse
353 871 572 913 dicemus:
596 885 727 926 quam
746 870 816 912 ille
833 870 1092 912 modestiam
1115 869 1231 911 dicet
1248 884 1355 922 esse,
1373 884 1469 910 eam
1487 885 1566 910 nos

115 927 333 980 inertiam,
365 937 410 970 et
447 928 703 971 dissolutam
735 928 1051 984 negligentiam
1081 928 1300 969 dicemus:
1336 942 1466 984 quam
1496 927 1568 969 ille

115 984 419 1028 fortitudinem
441 987 694 1038 nominarit,
715 1000 810 1027 eam
830 1001 910 1027 nos
931 985 1235 1042 gladiatoriam
1254 994 1299 1027 et
1320 985 1597 1026 inconside-b
1601 1012 1610 1020 ·

116 1053 255 1085 ratam
272 1044 588 1101 appellabimus
607 1043 911 1085 temeritatem.
973 1043 1211 1084 Laudabile
1227 1052 1307 1096 est,
1325 1043 1443 1099 quod
1461 1058 1565 1085 con·
1577 1041 1614 1088 4

117 1101 211 1143 ficit
240 1101 484 1153 honestam,
515 1112 559 1143 et
587 1110 862 1159 praesentem,
884 1110 928 1142 et
957 1103 997 1134 523
1012 1111 1350 1157 consequentem
1375 1113 1602 1150 comme-7

117 1159 422 1201 morationem.
484 1159 588 1202 Hoc
608 1174 688 1200 nos
718 1173 770 1200 eo
799 1174 826 1200 a
857 1168 976 1200 recto
999 1160 1040 1190 24
1054 1173 1317 1214 separamus,
1339 1174 1427 1199 non
1449 1158 1569 1215 quod

118 1215 189 1258 hae
212 1226 398 1273 quatuor
435 1226 594 1274 partes,
624 1231 722 1273 quae
759 1216 1054 1273 subjiciuntur
1085 1217 1165 1257 sub
1201 1216 1413 1258 vocabulo
1445 1174 1568 1268 lqecti‚

120 1273 233 1318 hanc
264 1275 502 1317 honestatis
532 1275 995 1316 commemorationem
1028 1274 1129 1315 dare
1159 1289 1248 1315 non
1282 1274 1472 1316 soleant.
1497 1275 1572 1316 sed

120 1347 383 1388 quamquam
405 1347 460 1374 ex
482 1342 602 1374 recto
621 1332 837 1374 laudabile
859 1335 900 1366 25
919 1332 1125 1382 nascitur,
1150 1340 1295 1373 tamen
1318 1332 1363 1373 in
1386 1332 1572 1373 dicendo

119 1404 312 1430 seorsum
346 1391 621 1432 tractandum
654 1399 720 1431 est
744 1390 830 1432 hoc
861 1390 917 1432 ab
948 1390 1036 1431 illo.
1100 1389 1255 1446 Neque
1287 1391 1403 1431 enim
1434 1390 1574 1430 solum

120 1446 258 1488 laudis
275 1462 406 1489 causa
426 1456 594 1490 rectum
617 1447 738 1504 sequi
761 1448 989 1491 convenit:
1015 1447 1086 1489 sed
1107 1448 1142 1488 si
1166 1448 1256 1489 laus
1279 1448 1575 1513 consequitur,

119 1504 366 1560 duplicatur
405 1507 512 1548 recti
548 1506 783 1563 appetendi
822 1506 1038 1548 voluntas.
1110 1505 1224 1547 Cum
1264 1506 1400 1563 igitur
1438 1507 1480 1538 <26
1493 1505 1576 1546 erit

119 1562 465 1605 demonstratum
487 1573 670 1617 rectum,
703 1563 920 1606 laudabile
946 1578 1038 1605 esse
1072 1541 1469 1605 demonstrabimus
1500 1572 1576 1605 aut

119 1620 175 1661 ab
198 1620 364 1662 idoneis
398 1623 666 1674 hominibus,
691 1630 741 1663 ut
771 1622 806 1663 si
836 1637 923 1678 qua
952 1636 1017 1663 res
1048 1621 1288 1663 honestiori
1319 1621 1461 1663 ordini
1485 1621 1577 1677 pla-

121 1689 231 1730 ceat,
254 1694 353 1734 quae
376 1695 402 1721 a
423 1680 636 1722 deteriore
657 1680 810 1722 ordine
842 1680 1140 1737 improbetur:
1161 1690 1236 1721 aut
1270 1681 1324 1721 ab
1358 1679 1576 1735 aliquibus

121 1737 266 1787 sociis,
289 1745 364 1779 aut
387 1739 590 1780 omnibus
613 1738 798 1791 civibus,
821 1739 984 1780 exteris
1009 1738 1278 1791 nationibus,
1305 1738 1577 1795 posterisque

123 1802 296 1835 nostris.

185 1851 298 1893 Cum
319 1852 571 1908 hujusmodi
591 1853 787 1895 locorum
807 1853 965 1895 divisio
989 1853 1044 1894 sit
1066 1854 1111 1894 in
1130 1853 1466 1905 consultatione,
1482 1852 1580 1894 bre·-

124 1908 236 1951 viter
257 1912 490 1976 aperienda
511 1921 576 1953 est
590 1913 723 1953 totius
743 1912 947 1953 tractatio
969 1911 1394 1953 causae.Exordi1i
1414 1911 1580 1964 licebit,

125 1966 192 2007 vel
213 1983 239 2008 a
260 1970 495 2025 principio,
520 1970 587 2011 vel
608 1970 663 2010 ab
697 1969 1006 2033 insinuatione,
1031 1969 1099 2011 vel
1131 1970 1286 2010 iisdem
1320 1969 1579 2034 rationibus,

124 2025 283 2080 quibus
327 2042 370 2067 in
395 2028 597 2083 judiciali
629 2043 773 2068 causa.
836 2028 882 2068 Si
914 2028 1039 2083 cujus
1079 2027 1140 2068 rei
1172 2028 1363 2068 narratio
1399 2027 1580 2078 incidet,

123 2083 274 2125 eadem
297 2085 464 2126 ratione
496 2100 669 2127 narrare
702 2085 938 2141 oportebit.
1000 2085 1262 2132 Quoniam
1252 2100 1298 2126 111
1328 2058 1614 2141 hujusmodis

126 2142 266 2183 causis
291 2143 389 2184 finis
419 2153 485 2184 est
518 2143 698 2195 utilitas,
722 2153 766 2184 et
795 2159 847 2185 ea
878 2143 1089 2185 dividitur
1118 2144 1164 2184 in
1192 2144 1407 2184 rationem
1440 2151 1582 2184 tutam

123 2210 255 2257 atque
276 2200 532 2243 honestam:
569 2202 600 2242 si
627 2212 861 2258 utrumque
887 2202 1128 2259 poterimus
1151 2202 1392 2254 ostendere,
1416 2209 1584 2243 utrum·

164 2355 208 2387 22
235 2354 281 2386 Ut
295 2356 361 2386 Izoec
374 2355 614 2395 attenuentur]
636 2355 718 2385 Haec
730 2354 833 2395 expli·
876 2354 953 2394 quia
967 2364 1111 2395 praesens
1126 2354 1286 2394 sequitur.

123 2398 190 2429 nari
203 2407 272 2428 non
284 2403 436 2438 possunt,
450 2404 489 2428 ut
497 2399 565 2429 sint
575 2397 702 2438 aliquid
715 2397 833 2428 diversi
919 2400 959 2429 25
985 2397 1177 2436 Nascitur]
1204 2396 1324 2438 Scripsi
1338 2406 1398 2436 pro
1413 2400 1586 2434 nascatur,

124 2440 165 2471 ab
179 2451 230 2478 e0,
255 2440 343 2481 quod
365 2446 443 2471 ante
466 2441 592 2472 dictum
615 2445 677 2478 est,
702 2445 833 2470 atteme-
877 2440 963 2479 quod
975 2450 1175 2480 quamquam
1190 2441 1225 2470 in
1237 2439 1389 2470 oratione
1403 2444 1494 2471 recta
1508 2449 1586 2471 con*

125 2483 239 2514 andoe:
263 2494 323 2514 nec
346 2483 479 2524 prodest
495 2485 542 2514 ἱΐα
555 2489 614 2514 aut
629 2489 672 2520 et,
696 2483 783 2523 quod
798 2484 833 2513 in
869 2483 1024 2522 junctivo
1034 2483 1133 2522 jungi
1149 2492 1217 2513 non
1236 2487 1358 2524 potest.

125 2525 216 2556 libris
227 2527 397 2556 nonnullis
412 2526 553 2557 additur.
568 2526 646 2557 Non
656 2526 770 2556 dubito
784 2527 834 2556 in·
921 2526 962 2556 26
984 2525 1068 2556 Erit
1103 2524 1390 2565 demonstratum]
1427 2524 1590 2556 Restitui-

123 2568 231 2607 ¹trititia
242 2579 310 2599 esse
323 2575 356 2599 et
370 2581 388 2600 e
403 2570 512 2609 glossa
526 2574 610 2600 orta.
641 2568 758 2608 Itaque
773 2579 835 2599 un-
877 2577 952 2599 mus
979 2568 1160 2599 lectionem
1188 2569 1376 2608 antiquam,
1400 2578 1420 2598 a
1444 2568 1590 2600 Grutero

126 2610 174 2642 «is
188 2611 316 2642 inclusi.
877 2612 1036 2651 ejectam,
1059 2620 1159 2650 quam
1182 2610 1262 2641 Mss.
1285 2615 1320 2641 et
1342 2609 1414 2641 edd.
1438 2610 1590 2648 firmant,

183 2655 224 2684 ‘23
265 2653 538 2695 C‘mzsequentem]
584 2654 637 2684 Sic
672 2662 835 2684 consensu
878 2663 993 2684 sensus
1008 2652 1148 2693 denique
1162 2653 1323 2694 postulat.
1338 2652 1422 2684 Vult
1436 2654 1526 2683 enini
1542 2654 1591 2685 di-

128 2694 210 2726 Mss.
224 2703 258 2726 et
272 2696 343 2727 edd.
361 2707 408 2737 pr.
440 2699 493 2727 Sic
509 2707 585 2727 mox
600 2710 607 2727 z
631 2698 659 2727 si
674 2698 748 2727 laus
762 2706 835 2727 con·
879 2706 965 2734 cere,
999 2695 1277 2727 demonstrationi
1305 2695 1388 2726 recti
1414 2696 1592 2735 subjicien-

128 2739 285 2778 sequt‘tur.
327 2740 457 2779 Vulgo.
452 2753 457 2758 ·
482 2745 677 2780 sequentem.
879 2739 959 2770 dum
975 2748 1043 2769 esse
1058 2737 1235 2769 laudabile.
1281 2737 1370 2769 Item
1384 2739 1591 2769 restituimus

173 2782 215 2811 94
238 2781 466 2822 Separamus]
493 2783 545 2813 Μ5
532 2792 572 2813 55
599 2788 634 2813 et
656 2781 728 2813 edd.
751 2782 837 2813 vari·
880 2791 959 2812 mox
986 2782 1267 2812 demonstrabitur
1293 2781 1410 2812 iisdem
1447 2782 1591 2811 auctori-

128 2828 190 2855 ant
209 2823 298 2854 inter
320 2834 526 2864 separamus,
554 2826 783 2866 separavimus
803 2830 838 2856 et
880 2825 1039 2855 bus—ab
1065 2825 1188 2855 idoneis
1215 2824 1399 2854 hominibus
1428 2823 1549 2863 pendet
1573 2834 1593 2854 a

130 2865 365 2916 separabimus
389 2867 557 2898 Ultimum
573 2869 683 2898 locum
700 2877 768 2898 non
780 2868 839 2898 ha·
884 2867 1033 2906 laudari,
1048 2866 1137 2907 quod
1150 2866 1235 2898 latet
1250 2867 1285 2898 in
1302 2865 1478 2898 laudabile.

131 2907 200 2946 bet,
213 2909 369 2949 quiajam
382 2909 508 2942 factum
522 2915 588 2942 est·
604 2920 665 2942 nec
681 2910 839 2950 medium,

194 2964 304 2994 ΥΟῙ..
330 2966 363 2993 1.
888 2966 914 2994 E
