1945 3235
720 131 997 171 BRUTUS.
1503 135 1579 169 435

0 258 1 278 l
135 243 266 290 utque
287 235 443 292 optimi
465 235 592 293 regis,
615 236 888 277 ornatissime
909 245 954 277 et
975 234 1273 290 copiosissime
1295 251 1320 277 a
1341 235 1479 277 Bruto
1510 246 1580 276 me

134 293 305 334 audisse
326 292 560 335 defensam.
621 294 738 345 Scio,
761 294 918 349 inquit,
940 293 994 333 ab
1017 293 1100 332 isto
1131 293 1256 333 initio
1279 302 1464 334 tractum
1488 281 1627 334 esse6

135 363 393 403 sermonem,
415 360 542 406 teque
562 351 687 393 Bruti
709 351 927 393 dolentem
952 350 1105 400 vicem,
1127 350 1248 404 quasi
1271 350 1580 404 deflevisseju-

133 406 349 450 diciorum
376 409 636 460 vastitatem,
667 418 711 449 et
734 408 832 449 fori.
895 408 1011 458 Feci,
1044 407 1235 462 inquam,
1258 406 1368 447 istuc
1391 408 1580 461 quidem,

138 473 184 505 et
204 480 320 522 saepe
341 466 470 507 facio.
531 466 645 507 Nam
668 465 790 516 mihi,
815 465 964 516 Brute,
987 465 1032 505 in
1063 473 1107 505 te
1137 464 1339 514 intuenti,
1361 465 1514 504 crebro
1539 465 1579 504 in
1594 473 1645 507 ⁶223

137 533 329 564 mentem
360 523 479 564 venit
510 523 659 573 vereri,
681 522 952 577 ecquodnam
983 521 1244 563 curriculum
1276 520 1507 576 aliquando
1529 522 1585 561 sit

137 578 341 621 habitura
361 589 436 620 tua
456 588 500 620 et
519 589 673 621 natura
702 580 982 630 admirabilis,
1004 589 1048 620 et
1069 579 1287 634 exquisita
1307 578 1520 628 doctrina,
1543 588 1587 618 et

139 636 366 692 singularis
389 637 614 678 industria.
676 636 789 678 Cum
808 639 924 678 enim
947 638 989 678 in
1009 637 1210 678 maximis
1232 636 1373 678 causis
1396 644 1587 677 versatus

137 707 265 745 esses,
287 703 344 744 et,
369 708 468 734 cum
490 694 571 734 tibi
595 704 698 736 aetas
729 695 985 750 nostrajam
1017 695 1203 745 cederet,
1226 693 1448 749 fascesque
1472 707 1588 733 sum-

138 750 344 801 mitteret,
365 751 510 792 subito
541 752 586 792 in
608 753 786 793 civitate
807 767 906 793 cum
939 752 1022 793 alia
1051 752 1315 802 ceciderunt,
1340 762 1432 792 tum
1455 751 1586 791 etiam

137 822 189 848 ea
205 807 312 864 ipsa,
325 807 377 848 de
391 823 477 863 qua
497 809 717 866 disputare
730 811 937 860 ordimur,
947 809 1194 865 eloquentia
1208 809 1443 850 obmutuit.
1473 807 1585 849 Tum
1597 814 1648 848 ‘23

135 864 220 916 ille,
239 864 494 907 Ceterarum
513 881 652 907 rerum
669 883 812 919 causa,
836 867 991 923 inquit,
1014 868 1125 908 istuc
1147 876 1191 907 et
1212 866 1353 918 doleo,
1375 876 1418 907 et
1439 865 1588 907 dolen-

141 921 244 963 dum
275 932 407 978 put03
439 924 611 965 dicendi
641 935 786 966 autem
820 940 889 966 me
922 940 1009 965 non
1043 935 1131 965 tam
1164 924 1345 976 fructus,
1368 933 1412 965 et
1435 923 1587 980 gloria,

134 994 269 1035 quam
301 981 493 1022 studium
532 982 689 1038 ipsum,
713 983 1056 1038 exercitatioque
1088 982 1299 1024 delectat:
1332 982 1447 1037 quod
1480 981 1589 1022 mihi

137 1037 256 1078 nulla
275 1052 340 1078 res
363 1039 531 1095 eripiet,
546 1051 587 1081 te
606 1042 848 1096 praesertim
874 1050 960 1081 tam
984 1040 1191 1081 studioso.
1246 1039 1420 1080 Etenim
1444 1039 1588 1080 dicere

140 1094 251 1136 bene
271 1109 400 1137 nemo
433 1106 590 1153 potest,
616 1101 653 1128 10
667 1099 748 1139 nisi
785 1097 859 1153 qui
891 1098 1124 1154 prudenter
1154 1098 1372 1154 intelligit.
1442 1098 1589 1144 Quare

139 1152 214 1208 qui
248 1152 507 1209 eloquentiae
540 1170 651 1196 verae
682 1156 757 1196 dat
789 1170 980 1211 operam,
1018 1156 1091 1197 dat
1126 1156 1384 1211 prudentiae,
1417 1170 1503 1211 qua
1534 1169 1589 1195 ne

139 1211 345 1251 maximis
365 1213 538 1267 quidem
564 1213 604 1253 in
631 1213 750 1254 bellis
774 1228 899 1268 aequo
919 1213 1065 1254 animo
1079 1227 1223 1254 carere
1242 1214 1470 1268 quisquam
1492 1222 1587 1268 pot-

138 1278 219 1308 est.
281 1268 507 1320 Praeclare,
538 1270 730 1326 inquam,
755 1271 904 1322 Brute,
927 1271 1051 1322 dicis,
1083 1285 1221 1325 eoque
1251 1273 1390 1327 magis
1409 1271 1496 1311 ‘ista
1524 1266 1650 1310 (ἦῆ-’24

140 1325 266 1366 cendi
291 1326 414 1367 laude
436 1327 641 1379 delector,
663 1329 779 1383 quod
810 1339 968 1380 cetera,
993 1344 1089 1384 quae
1127 1337 1226 1369 sunt
1259 1328 1478 1384 quondam
1514 1327 1589 1368 ha-

140 1383 234 1424 bita
254 1384 298 1424 in
328 1384 507 1425 civitate
540 1385 842 1441 pulcherrima,
865 1401 992 1427 nemo
1026 1396 1092 1427 est
1116 1394 1206 1426 tam
1228 1386 1418 1436 humilis,
1448 1385 1522 1441 qui
1546 1400 1590 1425 se

141 1454 230 1481 non
251 1450 326 1482 aut
346 1456 472 1497 posse
493 1443 691 1500 adipisci,
714 1453 788 1484 aut
810 1444 1017 1500 adeptum
1040 1452 1179 1500 putet.
1211 1444 1484 1500 eloquentem
1515 1457 1589 1483 ne-

139 1498 304 1539 minem
326 1499 451 1540 video
475 1499 638 1542 factum
662 1516 753 1542 esse
776 1501 974 1542 victoria.
1036 1502 1120 1542 Sed
1149 1517 1236 1557 quo
1259 1502 1427 1543 facilius
1451 1516 1589 1542 sermo

141 1556 398 1611 explicetur,
426 1558 636 1609 sedentes,
670 1558 704 1598 si
742 1558 925 1609 videtur,
956 1573 1150 1614 agamus.
1215 1558 1328 1600 Cum
1363 1560 1476 1600 idem
1500 1559 1723 1615 pla-p.167.

139 1614 302 1655 cuisset
323 1614 420 1665 illis,
444 1625 534 1656 tum
558 1617 602 1658 in
619 1616 788 1672 pratulo
811 1627 989 1673 propter
1012 1616 1207 1658 Platonis
1233 1627 1419 1658 statuam
1441 1631 1591 1659 conse·
1603 1620 1633 1639 ³·

141 1671 300 1712 dimus.

203 1728 292 1770 Hic
315 1743 412 1784 ego,
437 1729 630 1771 Laudare
664 1731 799 1788 igitur
832 1732 1139 1788 eloquentiam,
1173 1743 1215 1773 et
1246 1744 1409 1788 quanta
1441 1733 1505 1774 vis
1537 1733 1652 1777 sites

143 1785 255 1841 ejus,
281 1800 549 1842 expromere,
581 1800 873 1845 quantamque
903 1791 970 1843 iis,
1003 1793 1077 1846 qui
1109 1792 1196 1832 sint
1227 1805 1321 1831 eam
1355 1791 1593 1841 consecuti,

145 1843 405 1899 dignitatem
434 1844 600 1896 afferat,
629 1861 769 1902 neque
800 1849 1071 1904 propositum
1106 1849 1232 1890 nobis
1262 1858 1327 1889 est
1357 1849 1442 1890 hoc
1481 1849 1594 1899 loco,

144 1915 287 1956 neque
308 1903 611 1945 necessarium.
673 1904 774 1946 Hoc
797 1920 898 1946 vero
922 1906 1013 1947 sine
1035 1905 1120 1947 ulla
1141 1907 1416 1948 dubitatione
1437 1906 1596 1947 confir-

146 1959 371 2010 maverim,
402 1960 491 2001 sive
520 1960 590 2001 illa
621 1971 712 2002 arte
744 1963 935 2018 pariatur
968 1964 1124 2019 aliqua,
1159 1964 1250 2004 sive
1282 1964 1596 2005 exercitatione

146 2016 349 2071 quadam,
371 2017 461 2059 sive
482 2028 658 2072 natura3
691 2034 778 2061 rem
802 2035 932 2062 unam
950 2036 1041 2062 esse
1064 2022 1257 2063 omnium
1277 2021 1593 2063 difficillimam.

144 2074 305 2129 quibus
327 2075 442 2116 enim
464 2091 519 2117 ex
542 2077 733 2132 quinque
756 2079 881 2119 rebus
903 2089 1102 2120 constare
1123 2080 1296 2131 dicitur,
1317 2094 1464 2120 earum
1488 2094 1592 2120 una-

145 2145 331 2187 quaeque
351 2141 416 2173 cst
438 2148 505 2174 ars
525 2133 618 2189 ipsa
636 2150 794 2192 magna
816 2151 891 2192 per
913 2151 1017 2178 sese.
1060 2137 1206 2184 Quare
1223 2137 1415 2193 quinque
1436 2137 1591 2178 artium

148 2202 382 2230 concursus
413 2192 715 2243 maximarum,
739 2204 944 2248 quantam
978 2195 1082 2246 vim,
1114 2198 1458 2251 1lquantamque
1479 2195 1593 2236 diffi-

148 2246 354 2288 cultatem
397 2247 599 2301 habeant,
632 2251 873 2292 existimari
916 2262 1073 2308 potest.
1133 2251 1273 2293 Testis
1303 2262 1368 2294 est
1402 2252 1590 2305 Graecia,
1605 2251 1637 2304 7

147 2318 247 2368 quae
269 2319 367 2346 cum
390 2305 650 2361 eloquentiae
673 2309 816 2350 studio
839 2310 895 2350 sit
917 2311 1106 2361 incensa,
1130 2310 1388 2366 jamdiuque
1409 2310 1593 2351 excellat
1605 2324 1655 2358 ⁶26

147 2376 195 2402 m
228 2377 292 2414 ea,
327 2374 589 2419 praestetque
622 2367 791 2418 ceteris,
830 2377 975 2409 tamen
1014 2383 1162 2409 omnes
1196 2378 1307 2409 artes
1339 2368 1594 2409 vetustiores

147 2417 298 2472 habet,
330 2430 374 2462 et
396 2422 532 2462 multo
563 2433 662 2464 ante
685 2439 771 2464 non
803 2424 999 2466 inventas
1025 2426 1178 2476 solum,
1201 2426 1273 2467 sed
1295 2426 1424 2466 etiam
1458 2426 1598 2482 perfe-

151 2484 257 2528 ctas,
279 2492 410 2533 quam
444 2479 539 2520 haec
571 2490 636 2520 est
659 2496 683 2521 a
709 2481 877 2523 Graecis
911 2483 1131 2525 elaborata
1153 2484 1325 2524 dicendi
1360 2484 1437 2535 vis,
1471 2495 1600 2540 atque

151 2535 293 2590 copia.
353 2535 404 2576 In
429 2551 558 2591 quam
581 2553 678 2578 cum
706 2539 889 2591 intueor,
908 2542 1099 2582 maxime
1117 2540 1223 2581 mihi
1248 2551 1496 2592 occurrunt,
1517 2542 1600 2583 At-

153 2591 253 2642 tice,
274 2601 318 2632 et
347 2595 469 2648 quasi
503 2595 648 2636 lucent
671 2596 855 2638 Athenae
880 2608 993 2640 tute:
1026 2613 1111 2653 qua
1133 2598 1177 2638 in
1211 2599 1314 2640 urbe
1345 2599 1533 2655 primum
1555 2614 1600 2640 se

152 2658 297 2690 orator
314 2651 486 2703 extulit,
502 2653 775 2709 primumque
797 2655 929 2696 etiam
951 2657 1244 2698 monumentis
1263 2665 1308 2698 et
1329 2656 1481 2699 litteris
1505 2672 1600 2698 ora-

199 2806 237 2834 10
258 2806 321 2836 nisi
334 2808 391 2847 qui
402 2809 583 2848 prudenter
605 2811 775 2852 intelligit]
801 2812 859 2842 Vi·
901 2823 920 2843 e
934 2822 1126 2846 concursus:
1150 2813 1238 2845 unde
1260 2824 1328 2845 esse
1353 2814 1451 2846 debet
1474 2815 1604 2859 habeat,

151 2844 252 2878 detur
265 2847 520 2896 leg—intelligat.
902 2865 963 2886 nec
979 2855 1020 2887 ad
1033 2861 1120 2887 artes
1135 2857 1248 2888 referri
1262 2864 1383 2899 potest.

199 2892 234 2919 11
260 2900 291 2931 q.
307 2891 538 2933 dfficultatern
552 2895 708 2936 habeant]
734 2895 861 2927 Pendet

813 2938 936 2992 Ff2

5 3123 9 3151 l
