1945 3235
2 116 6 151 Ι
542 112 728 154 LIBER
764 115 1058 156 QUARTUS.
1467 118 1519 160 9¹7

3 248 7 298 k
91 221 282 266 scribens
305 221 559 270 elocutione,
582 219 665 260 1100
688 228 839 274 pacto:
877 218 1091 274 Scipionis
1115 219 1385 274 providentia
1410 219 1519 262 Kar-

90 280 282 336 thaginis
324 294 426 336 opes
455 277 598 332 fregit.
660 276 773 317 Nam
814 276 898 327 hic,
930 276 1010 315 nisi
1046 275 1224 315 ornandi
1258 277 1366 317 ratio
1399 293 1518 332 quae-

2 353 7 413 ,
90 338 191 379 dam
213 347 324 378 esset
340 336 501 386 habita,
521 333 667 389 Scipio
691 333 834 389 potuit
855 343 899 373 et
923 331 1147 388 Karthago
1171 332 1422 387 simpliciter
1441 350 1517 390 ap-

2 425 7 449 ,
89 394 254 451 pellari.

144 448 439 507 Transgressio
461 456 540 498 est,
566 462 662 502 quae
705 448 930 502 yerborum
960 445 1183 503 perturbat
1203 445 1396 487 ordinem
1419 461 1512 502 per·
1524 460 1574 492 44

0 489 8 559 1
93 511 302 559 versione,
340 515 414 547 aut
447 505 765 559 tranSJectione.
827 504 1106 546 Perversione
1137 504 1221 545 sic:
1255 503 1357 544 Hoc
1391 504 1513 544 vobis

94 566 197 607 deos
219 562 477 606 immortales
500 563 684 602 arbitror
705 561 870 603 dedisse
893 562 1052 618 pietate
1074 576 1152 617 pro
1177 570 1328 602 vestra.
1360 559 1515 602 Trans-

0 606 9 669 1
86 622 280 678 jectione
313 621 394 661 1100
424 619 578 660 modo:
613 618 831 659 Instabilis
863 620 904 660 in
929 620 1059 659 istum
1086 618 1317 674 plurimum
1340 617 1514 659 fortuna

0 666 9 767 ᾗ·
88 680 234 721 valuit.
267 678 392 729 Item,
409 677 570 718 Omnes
586 676 796 717 invidiose
809 677 1055 732 eripuittibi
1072 676 1181 716 bene
1205 675 1376 717 vivendi
1391 690 1513 716 casus

4 710 9 754 ⁴
88 736 327 778 facultates.
400 733 664 789 Hujusmodi
700 734 963 788 transjectio,
995 748 1092 788 quae
1126 747 1215 773 rem
1247 748 1335 773 non
1373 733 1515 773 reddit

0 760 9 824 ii
87 793 328 843 obscuram,
359 791 542 832 multum
577 790 767 846 proderit
800 791 853 831 ad
887 790 1247 846 continuationeS,
1271 789 1323 831 de
1357 790 1515 845 quibus

88 858 189 891 ante
217 849 381 890 dictum
408 859 497 889 est:
530 848 575 888 in
608 848 763 904 quibus
795 857 966 904 oportet
987 849 1027 879 64
1042 848 1171 888 verba
1192 847 1277 887 sint
1300 847 1352 888 ad
1375 847 1517 903 po'eti-

89 922 189 948 cum
219 906 430 961 quendam
462 916 682 947 exstructa
710 920 950 957 numerum,
980 914 1027 946 ut
1057 904 1245 961 perfecte
1266 913 1310 945 et
1332 905 1517 961 perpoli-

86 963 249 1005 tissime
268 964 433 1020 possint
455 978 545 1004 esse
567 963 790 1004 absolutae.

147 1021 391 1077 Superlatio
418 1031 483 1062 est
512 1020 649 1061 oratio
684 1035 886 1076 superans
909 1019 1148 1071 veritatem,
1180 1020 1219 1051 65
1233 1019 1414 1075 alicujus
1442 1034 1516 1061 au·
1527 1013 1598 1062 33

87 1079 236 1135 gendi,
271 1078 547 1119 minuendive
589 1093 730 1118 causa.
793 1077 907 1118 Haec
947 1077 1130 1118 sumitur
1169 1080 1412 1135 separatim,
1444 1086 1519 1118 aut

88 1151 189 1177 cum
227 1136 564 1191 comparatione.
633 1134 874 1190 Separatim
917 1134 998 1175 sic:
1039 1134 1208 1180 Quodsi
1242 1135 1519 1176 concordiam

86 1193 381 1244 retinebimus,
404 1192 571 1248 imperii
606 1191 949 1248 magnitudinem
969 1191 1068 1232 solis
1091 1200 1186 1232 ortu
1207 1202 1335 1247 atque
1365 1207 1521 1233 occasu

85 1251 333 1292 metiemur:
357 1265 455 1290 cum
474 1250 809 1305 comparatione,
829 1258 903 1289 aut
921 1264 946 1289 a
964 1248 1258 1300 similitudine,
1277 1259 1351 1289 aut
1370 1264 1395 1290 a
1411 1263 1522 1304 prae-

86 1307 245 1349 stantia
275 1307 316 1338 66
334 1306 584 1363 [superlatio
616 1307 832 1360 sumitur}
902 1305 942 1346 A
973 1305 1253 1347 similitudine
1283 1306 1369 1348 sic:
1413 1305 1521 1346 Cor-

84 1379 192 1421 pore
216 1365 388 1405 niveum
416 1361 659 1414 candorem,
682 1373 859 1420 aspectu
891 1363 1068 1419 igneum
1099 1363 1293 1405 ardorem
1324 1377 1522 1419 asseque-

88 1423 228 1463 batur.
287 1419 328 1462 A
358 1421 717 1477 praestantiahoc
749 1421 905 1462 modo:
952 1420 1089 1476 Cujus
1120 1435 1193 1461 ore
1225 1436 1364 1462 sermo
1398 1420 1522 1462 melle

26 1505 32 1512 ·
83 1479 249 1520 dulcior
278 1479 536 1535 profluebat.
581 1479 619 1512 67
635 1478 702 1519 Ex
737 1478 888 1519 eodem
923 1493 1080 1535 genere
1117 1478 1200 1520 hoc
1230 1488 1315 1520 est:
1358 1478 1521 1520 Tantus

83 1545 174 1578 erat
196 1536 240 1577 in
264 1536 391 1577 armis
415 1536 628 1592 splendor,
652 1546 700 1577 ut
720 1536 819 1577 solis
844 1535 986 1592 fulgor
1006 1536 1229 1577 obscurior
1252 1536 1481 1577 videretur.

144 1592 389 1635 Intellectio
412 1605 489 1645 est,
513 1609 612 1635 cum
635 1609 699 1634 res
724 1603 815 1634 tota
837 1608 969 1649 parva
993 1593 1046 1634 de
1077 1602 1199 1649 parte
1228 1594 1521 1649 cognoscitur,

83 1661 158 1693 aut
189 1651 242 1692 de
276 1660 370 1692 toto
401 1666 513 1708 pars·
577 1650 645 1692 De
675 1662 796 1707 parte
827 1660 966 1691 totum
1000 1651 1062 1692 sic
1095 1651 1372 1707 intelligitur:
1419 1650 1522 1691 Non

83 1707 168 1750 illae
203 1717 246 1749 te
286 1709 326 1740 68
340 1708 552 1765 nuptiales
582 1709 702 1749 tibiae
733 1709 826 1764 ejus
859 1709 1123 1749 matrimonii
1157 1709 1522 1750 commonebant?

85 1765 200 1807 Nam
218 1764 290 1807 hic
313 1766 452 1807 omnis
477 1766 763 1807 sanctimonia
784 1766 1034 1822 nuptiarum
1057 1781 1144 1807 uno
1167 1766 1292 1822 signo
1316 1766 1522 1807 tibiarum

83 1822 360 1879 intelligitur:
386 1823 438 1864 de
458 1832 549 1864 toto
573 1839 695 1879 pars3
719 1833 766 1864 ut
789 1824 823 1863 si
843 1824 939 1879 quis
962 1824 1016 1875 ei,
1037 1824 1110 1879 qui
1133 1824 1339 1865 vestitum
1359 1834 1433 1864 aut
1452 1839 1521 1865 or-

81 1890 232 1921 natum
255 1891 525 1921 sumtuosum
544 1890 747 1931 ostentet,
763 1881 897 1932 dicat,
923 1880 1129 1922 Ostentas
1143 1881 1249 1921 mihi
1276 1881 1521 1931 divitias,et

82 1936 317 1993 locupletes
340 1939 487 1994 copias
499 1938 657 1993 jactas,
706 1937 776 1980 Ab
800 1953 886 1979 uno
910 1938 1033 1994 plura
1049 1938 1090 1973 69
1100 1938 1416 1994 intelliguntur,
1436 1939 1519 1980 hoc
1531 1941 1580 1974 45

81 1994 237 2037 modo:
283 1994 426 2036 Poeno
465 1995 550 2036 fuit
593 1995 816 2052 Hispanus
860 1996 1039 2047 auxilio,
1088 1995 1172 2036 fuit
1210 1995 1409 2046 immanis
1452 1995 1522 2037 ille

81 2049 414 2108 Transalpinus:
447 2053 491 2093 in
516 2052 642 2094 Italia
659 2068 832 2109 quoque
855 2053 970 2094 idem
996 2068 1214 2094 nonnemo
1233 2063 1407 2109 togatus
1430 2068 1523 2094 sen-

82 2107 159 2151 sit:
190 2124 216 2151 a
236 2110 431 2166 pluribus
454 2125 587 2152 unum
611 2111 672 2153 sic
706 2110 985 2167 intelligitur:
1026 2110 1171 2152 Atrox
1205 2110 1428 2152 calamitas
1450 2125 1525 2168 pe-

822 2237 915 2268 Cort.
930 2236 1022 2268 Leid.
1039 2235 1111 2267 edd.
1139 2238 1229 2270 1474.
1247 2239 1337 2271 1475.
1352 2235 1442 2267 Med.
1458 2246 1523 2267 sec.

822 2280 842 2310 J
847 2284 919 2310 unt.
934 2279 1037 2310 Aldus
1053 2279 1174 2310 omisit.

77 2233 223 2275 appellat
247 2241 377 2274 auctor,
403 2241 442 2267 ut
460 2236 493 2267 h.
515 2237 538 2268 1.
562 2236 779 2278 providentia,

81 2286 170 2317 opes.

91 2330 95 2332 ’
121 2319 164 2350 64
178 2318 285 2350 Verba
305 2322 371 2352 sint
394 2322 440 2351 ad
459 2331 495 2362 p.
513 2322 586 2362 &c.]
613 2322 665 2353 Sic
688 2332 781 2362 repo-

77 2361 202 2392 suimus
224 2373 242 2393 e
265 2363 344 2394 Mss.
366 2364 513 2404 pluribus
543 2370 578 2395 et
600 2365 671 2395 edd.
693 2368 781 2398 1474.

81 2402 170 2435 Med.
182 2415 231 2445 pr.
250 2408 340 2440 1475.
361 2407 450 2437 Med.
466 2417 529 2438 500.
543 2407 639 2437 Junt.
662 2407 779 2438 Lectio

78 2446 226 2488 vulgata,
239 2449 323 2479 sicut
334 2459 357 2479 a
365 2451 470 2489 poetis
487 2450 523 2480 in
544 2450 708 2490 quendam
726 2459 780 2480 ex-

80 2492 207 2521 struere
217 2487 251 2520 11.
266 2495 317 2521 est
328 2492 369 2522 ab
384 2492 479 2523 Aldo.

121 2531 162 2562 65
175 2531 326 2574 Alie-ujus
346 2534 518 2574 augendi]
553 2533 705 2576 Alicujus
725 2534 783 2565 fri-

80 2578 148 2613 get,
163 2575 230 2604 sive
244 2575 284 2605 ad
298 2578 485 2614 veritatem,
499 2579 565 2608 sive
585 2578 627 2608 ad
639 2587 777 2617 sequen-

78 2615 128 2646 tia
139 2617 272 2647 referas:
288 2623 322 2648 et
336 2619 412 2649 alibi
427 2621 623 2661 simpliciter
635 2625 686 2650 est
697 2629 778 2659 avg.

866 2323 906 2353 68
937 2322 1117 2362 Nuptiales
1151 2320 1260 2361 tibica]
1294 2320 1455 2351 Referunt
1486 2320 1526 2350 ad

824 2365 921 2395 tibias
934 2365 968 2395 in
980 2364 1178 2395 carminibus
1190 2364 1404 2394 fescenninis:
1429 2362 1484 2393 sed
1492 2363 1526 2393 in

821 2407 872 2437 his
888 2407 981 2438 nulla
989 2407 1147 2437 sanctitas
1160 2406 1302 2446 intelligi
1316 2410 1436 2445 potest.
1459 2406 1526 2435 Im-

822 2459 877 2479 mo
899 2450 1069 2491 pertinent
1086 2448 1127 2479 ad
1142 2449 1341 2479 sacrificium
1364 2447 1526 2487 nuptiale,

823 2492 859 2522 in
888 2502 952 2531 quo
979 2492 1103 2522 tibicen
1131 2490 1313 2521 adhibetur.
1368 2490 1526 2520 Sacrificii

825 2534 982 2575 nuptialis
1009 2534 1134 2564 mentio
1159 2543 1244 2573 saepe
1266 2543 1319 2574 ap.
1340 2536 1466 2563 veteres
1487 2538 1526 2563 ut

820 2588 872 2618 ap.
887 2577 995 2607 Tacit.
1010 2576 1072 2612 XI,
1090 2578 1142 2607 28.

863 2619 903 2653 69
919 2617 1186 2658 Intelliguntur.]
1212 2615 1445 2656 Oudendorpio
1457 2616 1528 2656 pla-

79 2661 140 2688 aut
152 2668 196 2688 m.
210 2669 236 2689 ι·-
253 2665 291 2690 ut
304 2671 332 2691 0.
347 2664 398 2692 34.
821 2668 874 2693 cet
911 2662 1024 2698 deleri,
1053 2660 1140 2699 quod
1172 2661 1265 2691 abest
1298 2660 1339 2690 ab
1361 2659 1412 2690 ed.
1437 2661 1526 2692 1475.

98 2740 105 2747 .
122 2699 163 2731 66
178 2700 365 2741 Sccperlatio
388 2705 557 2744 sternitur]
602 2705 676 2735 Hoc
703 2714 779 2745 spu·
823 2706 916 2735 abest
930 2705 1032 2734 etiarn
1057 2703 1191 2733 Mediol.
1211 2705 1300 2736 1498.
1315 2702 1411 2733 Junt.
1455 2701 1527 2740 Ego

79 2750 166 2772 num
193 2749 256 2780 est,
283 2747 433 2786 nuspiam
456 2747 491 2777 in
519 2747 698 2787 partitione
719 2748 781 2778 tali
825 2747 939 2777 malim
967 2747 1002 2776 in
1029 2745 1133 2777 altero
1161 2745 1349 2786 partitionis
1378 2743 1528 2774 membro

79 2789 197 2830 auctor
220 2785 288 2816 tale
309 2788 386 2826 quid
407 2789 507 2820 addit.
552 2790 669 2830 ltaque
689 2791 782 2820 uncis
825 2789 926 2819 deleri
940 2789 1151 2827 intelligitur.
1188 2788 1278 2818 Nam
1300 2788 1334 2817 in
1350 2786 1457 2826 primo
1477 2795 1530 2815 so-

79 2825 208 2857 mclusi.
825 2831 872 2861 let
884 2832 1018 2862 verbum
1034 2831 1137 2870 repeti
1152 2842 1158 2859 ε
1183 2837 1218 2861 et
1240 2829 1442 2868 intelligi-tm·
1455 2837 1529 2869 par·

121 2868 160 2902 67
174 2868 234 2900 Ex
251 2871 357 2902 eodem
371 2872 421 2913 gn]
453 2873 510 2905 Ex
531 2873 640 2906 addidi
656 2884 673 2905 e
702 2873 782 2905 Mss.
825 2875 890 2904 iter
901 2874 993 2907 abest
1007 2883 1026 2905 a
1042 2873 1102 2904 Ms-
1118 2872 1208 2912 Leid.

139 2924 296 2955 ΥΟΕ-Ι.
815 2929 842 2957 11
