1945 3235
678 119 864 158 LIBER
889 120 1132 161 PRIMUS.
1551 127 1627 167 167

184 237 376 279 unquam
399 226 530 266 5611511
550 225 756 266 evenerit.
816 223 1180 267 Tertiusdecimus
1211 225 1331 268 locus
1354 236 1433 279 est,
1464 227 1497 268 si
1527 231 1714 269 611111105

184 281 342 337 injuria
360 282 622 324 contumelia
636 282 794 337 juncta
814 283 1148 333 demonstratur,
1171 297 1246 338 per
1266 299 1395 338 quem
1417 285 1561 326 locum
1584 287 1628 327 in

184 341 430 395 superbiam
450 350 494 382 et
514 341 804 396 arrogantiam
829 341 978 382 odium
1001 340 1258 381 concitatur.
1321 342 1630 388 Quartusdeci-

182 410 278 438 mus
302 398 420 440 locus
442 408 520 449 est,
544 412 619 454 per
641 413 770 454 quem
792 398 979 454 petimus
1010 398 1064 438 ab
1090 397 1155 448 iis,
1180 399 1254 453 qui
1277 398 1472 450 audiunt,
1496 409 1544 440 ut
1575 401 1629 443 ad

182 469 279 496 suas
303 471 367 497 res
389 466 556 497 nostras
589 454 766 511 injurias
799 455 1009 496 referant:
1044 455 1077 496 si
1109 455 1162 496 ad
1194 470 1348 511 pueros
1379 456 1629 511 pertinebit,

182 511 235 553 de
253 512 397 554 liberis
420 514 506 554 suis
530 514 750 569 cogitent:
784 513 818 554 si
850 513 902 553 ad
926 512 1140 563 mulieres,
1162 512 1214 554 de
1245 513 1481 554 uxoribus:
1516 515 1548 554 si
1574 517 1626 556 ad

184 584 320 622 senes,
343 574 382 605 57
396 571 449 611 (16
472 571 666 626 patribus
689 579 763 612 aut
786 571 1051 627 parentibus.
1102 571 1487 618 Quintusdecimus
1510 571 1630 612 locus

180 636 262 678 est,
287 642 361 684 per
381 643 510 683 quem
531 627 730 680 dicimus,
754 629 941 670 inimicis
963 644 1136 684 quoque
1158 638 1202 670 et
1224 629 1420 670 hostibus
1443 643 1507 681 ea,
1530 645 1629 684 qum

180 686 306 727 nobis
328 686 577 737 acciderint,
600 686 781 742 indigna
803 687 937 729 videri
964 687 1113 727 solere.
1178 686 1233 729 Et
1264 687 1508 743 indignatio
1531 687 1626 742 qui-

180 742 276 783 dem
297 742 363 783 his
386 741 473 784 fere
492 743 544 784 de
563 743 668 784 locis
691 745 944 801 gravissime
963 754 1168 787 sumetur.

240 799 576 855 Conquestionis
609 811 753 843 autem
785 802 1035 858 hujusmodi
1066 802 1118 843 de
1150 803 1276 843 rebus
1308 811 1450 858 partes
1480 809 1625 859 petere
1640 800 1709 851 55

180 858 417 913 oportebit.
469 858 737 915 Conquestio
757 870 822 901 est
840 861 994 912 oratio,
1017 860 1263 901 auditorum
1284 859 1625 902 misericordiam
1642 875 1714 908 106

177 924 372 970 captanS.
397 917 438 958 in
464 917 545 958 hac
568 918 756 974 primum
779 918 971 959 animum
993 918 1201 959 auditoris
1223 917 1374 958 mitem
1397 927 1441 959 et
1461 918 1627 959 miseri-
1639 923 1670 954 b-

174 973 350 1015 cordem
381 975 596 1017 conficere
628 985 815 1032 oportet,
848 991 934 1032 quo
964 975 1133 1017 facilius
1164 976 1476 1031 conquestione
1509 990 1629 1017 com-

174 1031 340 1072 moveri
362 1034 513 1088 possit.
574 1033 625 1075 Id
648 1034 753 1075 locis
776 1033 1081 1075 communibus
1103 1034 1273 1075 efficere
1295 1033 1530 1090 oportebit,
1553 1048 1629 1090 per

174 1103 283 1144 quos
307 1089 492 1133 fortunae
519 1091 580 1132 vis
605 1092 647 1132 in
673 1106 837 1142 omnes,
861 1101 905 1132 et
927 1092 1153 1133 homiuum
1186 1091 1414 1133 infirmitas
1437 1091 1628 1133 ostendi-

177 1156 271 1188 tur:
304 1163 389 1203 qua
419 1150 614 1190 oratione
645 1149 796 1190 habita
827 1149 1016 1205 graviter
1046 1159 1089 1190 et
1128 1149 1405 1200 sententiose,
1436 1150 1629 1190 maxime

174 1206 213 1234 58
224 1205 467 1247 demittitur
489 1207 656 1247 animus
679 1207 921 1258 hominum,
941 1215 984 1247 et
1007 1207 1061 1248 ad
1083 1207 1424 1248 misericordiam
1449 1221 1626 1263 compa-

176 1271 319 1315 ratur,
351 1279 450 1305 cum
471 1264 515 1304 in
548 1264 687 1305 alieno
710 1264 824 1306 malo
848 1279 969 1305 suam
998 1264 1298 1305 infirmitatem
1317 1264 1624 1306 considerabit.

176 1317 347 1362 Deinde
370 1322 532 1378 primus
555 1321 674 1363 locus
697 1332 762 1363 est
782 1322 1107 1373 misericordiae,
1130 1336 1206 1378 per
1228 1336 1372 1378 quem,
1390 1322 1549 1377 quibus
1580 1323 1623 1364 in
1638 1334 1713 1374 107

175 1376 300 1418 bonis
324 1377 496 1430 fuerint,
520 1389 563 1420 61
586 1395 700 1421 nunc
722 1380 880 1436 quibus
903 1380 947 1420 in
970 1379 1093 1421 malis
1117 1381 1216 1431 sint,
1240 1380 1496 1422 ostenditur.
1550 1379 1625 1421 Se-

172 1436 354 1488 cundus,
380 1437 453 1492 qui
477 1438 519 1478 in
541 1447 738 1494 tempora
758 1437 978 1489 tribuitur,
1002 1453 1078 1494 per
1100 1453 1243 1494 quem,
1274 1438 1430 1494 quibus
1466 1438 1510 1478 in
1532 1452 1626 1479 ma-

172 1491 224 1534 lis
256 1493 430 1546 fuerint,
461 1504 506 1536 et
540 1496 640 1547 sint,
670 1505 714 1536 et
747 1494 882 1536 futuri
916 1496 1016 1548 sint,
1050 1496 1386 1537 demonstratur.
1434 1495 1623 1548 Tertius,

171 1564 249 1606 per
280 1566 408 1607 quem
448 1554 787 1609 unumquodque
826 1554 1074 1610 deploratur
1111 1554 1452 1605 incommodum,
1492 1563 1540 1594 ut
1579 1554 1625 1595 in

170 1618 310 1650 morte
334 1609 425 1662 filii,
451 1612 647 1667 pueritiae
671 1612 917 1664 delectatio,
936 1626 1071 1662 amor,
1095 1627 1206 1669 spes,
1230 1611 1447 1663 solatium,
1466 1612 1624 1653 educa-

173 1665 249 1718 tio,
272 1677 329 1719 et,
353 1668 387 1708 si
409 1684 495 1724 qua
514 1669 642 1710 simili
666 1670 709 1710 in
741 1684 912 1726 genere,
936 1669 1132 1725 quolibet
1162 1670 1214 1711 de
1247 1669 1524 1711 incommodo
1547 1683 1623 1725 per

168 1727 527 1780 conquestionem
548 1727 635 1768 dici
659 1736 878 1783 poterunt.
941 1728 1147 1779 Quartus,
1180 1742 1255 1785 per
1284 1742 1414 1783 quem
1445 1742 1510 1768 res
1534 1736 1624 1769 tur-

172 1795 261 1837 peS,
285 1793 328 1824 et
349 1783 547 1836 humiles,
566 1794 610 1825 et
633 1785 858 1826 illiberales
883 1786 1167 1842 proferentur,
1188 1795 1232 1827 et
1254 1785 1446 1842 indignae
1480 1793 1626 1839 aetate,

171 1853 343 1895 genere,
362 1840 551 1894 fortuna,
575 1843 757 1897 pristino
780 1842 959 1896 honore,
981 1843 1230 1896 beneficiis3
1261 1859 1366 1899 quas
1390 1843 1503 1899 passi
1530 1858 1624 1897 per-

170 1899 389 1952 pessurive
413 1900 512 1940 sint.
568 1901 759 1947 Quintus
789 1911 867 1953 est,
891 1916 966 1957 per
995 1916 1125 1957 quem
1156 1902 1303 1942 omnia
1337 1911 1436 1942 ante
1470 1901 1622 1942 oculos

171 1955 424 2012 singillatim
458 1958 734 1999 incommoda
763 1969 994 2015 ponentur,
1018 1968 1064 2000 ut
1089 1958 1285 2001 videatur
1308 1959 1357 2011 is,
1380 1958 1454 2014 qui
1485 1958 1621 2010 audit,

170 2013 328 2065 videre,
351 2025 395 2055 et
417 2030 461 2057 re
482 2031 654 2071 quoque
686 2016 793 2072 ipsa,
816 2017 937 2072 quasi
960 2017 1086 2069 adsit,
1110 2031 1196 2057 non
1220 2017 1361 2058 verbis
1391 2016 1544 2067 solum,
1567 2017 1620 2058 ad

167 2071 506 2114 misericordiam
530 2074 726 2115 ducatur.
783 2076 956 2125 Sextus,
979 2089 1054 2131 per
1083 2089 1212 2130 quem
1245 2084 1402 2130 praeter
1433 2088 1554 2130 spem
1576 2074 1619 2116 in
1635 2087 1708 2122 103

168 2129 350 2171 miseriis
373 2131 693 2173 demonstratur
714 2147 830 2184 esse,
853 2143 910 2184 et,
925 2147 1024 2173 cum
1043 2132 1206 2187 aliquid
1225 2141 1512 2189 exspectaret,
1532 2147 1620 2174 non

105 2210 111 2219 ι
168 2187 299 2229 modo
326 2188 368 2230 id
391 2192 531 2230 5911011
562 2190 743 2246 adeptus
779 2205 884 2241 esse,
922 2190 995 2231 sed
1032 2190 1075 2230 in
1107 2203 1295 2231 summas
1331 2190 1523 2231 miserias
1555 2191 1621 2231 in-

167 2243 338 2287 cidisse.
400 2246 634 2303 Septimus,
667 2262 741 2303 per
772 2263 901 2304 quem
932 2248 986 2290 ad
1018 2248 1151 2304 ipsos,
1173 2249 1247 2303 qui
1279 2248 1476 2299 audiunt,
1502 2248 1621 2289 simi-

166 2300 251 2343 lem
281 2319 427 2345 casum
451 2305 758 2357 convertimus,
785 2315 829 2346 et
851 2306 1053 2363 petimus,
1084 2315 1132 2346 ut
1159 2307 1212 2347 de
1241 2306 1327 2347 suis
1359 2305 1519 2357 liberis,
1547 2315 1622 2347 aut

167 2362 434 2416 parentibUS,
465 2372 540 2404 aut
574 2362 733 2418 aliquo,
757 2364 830 2418 qui
854 2364 936 2405 illis
959 2379 1083 2405 carus
1115 2363 1272 2405 debeat
1291 2378 1397 2414 esse,
1420 2378 1498 2404 nos
1521 2378 1622 2404 cum

168 2418 357 2471 videant,
389 2421 681 2462 recordentur.
744 2421 954 2473 ()ctavus,
990 2435 1064 2478 per
1099 2437 1228 2478 quem
1263 2421 1427 2477 aliquid
1463 2421 1623 2463 dicitur

167 2490 258 2518 esse
291 2477 471 2529 factum,
501 2479 618 2534 quod
647 2494 736 2520 non
775 2480 1030 2536 oportuerit,
1058 2488 1133 2519 aut
1167 2494 1255 2520 non
1286 2479 1466 2530 factum,
1504 2479 1623 2535 quod

168 2536 422 2591 oportuerit,
446 2536 530 2578 hoc
552 2537 705 2578 modo:
740 2537 781 2578 N
787 2552 843 2578 on
866 2536 986 2588 affui,
1009 2552 1097 2578 non
1121 2537 1224 2589 vidi,
1246 2552 1333 2579 non
1357 2546 1622 2594 postremam

210 2682 250 2712 56
276 2681 346 2713 Usu
361 2684 529 2725 evenerit]
555 2695 584 2714 v.
609 2684 649 2715 ad
673 2695 701 2715 c.
730 2687 779 2715 10.
805 2684 870 2715 Ms.
915 2685 1154 2725 superioribus:
1179 2685 1235 2716 sed
1256 2686 1384 2716 demitti
1399 2684 1438 2715 de
1458 2684 1550 2715 omni
1566 2683 1622 2715 ad-

166 2724 232 2755 Gu.
253 2728 278 2755 l.
291 2728 322 2756 ²2.
335 2728 467 2758 venerit.
916 2728 1005 2757 fectu
1020 2728 1159 2758 tristiori
1175 2728 1308 2765 dicitur,
1322 2738 1354 2758 v.
1370 2728 1462 2758 Clav.

209 2770 248 2801 57
272 2767 326 2798 De
367 2771 521 2808 putribus
555 2774 615 2800 aut
644 2771 867 2811 parentibus]
959 2773 999 2804 59
1023 2770 1103 2801 Non
1130 2771 1291 2811 adeptus]
1338 2771 1402 2800 Pro
1428 2769 1543 2810 vulgum
1567 2769 1621 2800 de-

166 2808 330 2840 Parentes
342 2811 397 2850 qui
410 2813 490 2850 sint,
503 2823 534 2843 v.
550 2812 584 2842 in
600 2811 699 2842 Clave
714 2812 748 2843 h.
764 2824 794 2843 v.
909 2817 1006 2852 plum
1019 2823 1095 2843 cum
1107 2813 1271 2844 Lambino
1284 2812 1445 2853 dedimus,
1460 2813 1558 2853 idque
1573 2811 1620 2844 la-

207 2855 245 2883 58
269 2852 496 2895 Demitcitur]
522 2855 629 2886 Possit
651 2855 768 2895 aliquis
791 2866 870 2887 con·
913 2855 1029 2886 tinitas
1045 2856 1204 2896 postulat.

155 2894 256 2934 §icere
273 2896 445 2936 delinitur,
467 2897 555 2937 quod
570 2898 654 2930 bene
676 2900 871 2931 conveniret

905 2955 938 2982 M
962 2946 990 2985 4
