1914 3220
282 170 483 222 xxxviii
768 160 1221 226 PRJEFATIO.

353 300 458 354 Sed
500 300 646 354 haud
689 303 873 373 paullo
899 305 1069 374 major
1107 303 1200 355 lux
1228 301 1418 354 oborta
1446 311 1528 353 est
1559 299 1712 353 Cice-

279 386 395 438 roni
460 405 493 438 a
543 386 795 458 Dionysio
851 387 1118 449 Lambivo,
1172 386 1286 456 qui,
1337 386 1521 457 magni
1575 384 1713 438 illius

280 469 430 523 Erici
456 469 694 524 ,Memmii
728 471 962 533 hortatu,
991 471 1060 523 ad
1090 488 1312 542 operam
1344 469 1616 524 Ciceronis
1655 468 1716 520 li-

280 555 387 607 bris
426 574 567 607 nova
608 555 974 627 recognitione
1021 555 1331 607 navandam
1372 573 1427 607 se
1467 553 1716 617 contulit,

280 639 522 710 ejusdem
552 640 718 692 etiam
746 640 942 711 opibus
985 640 1040 692 in
1069 658 1134 692 ea
1171 658 1226 692 re
1266 640 1501 711 adjutus.
1583 638 1718 710 Erat

280 733 467 776 autem
514 724 799 777 Lambinus
850 725 926 776 vir
967 725 1279 777 excellentis
1321 724 1540 796 ingenii,
1581 725 1718 795 ejus-

279 809 520 879 demque
549 818 603 861 et
642 808 709 861 ad
749 827 964 862 sensum
995 810 1122 873 veri,
1149 818 1204 863 et
1232 809 1423 882 pulcri,
1449 808 1599 861 omni
1620 826 1720 880 ge-

282 912 407 945 nere
446 892 708 945 doctrinae
735 894 970 946 exculti:
1012 912 1249 964 eamque
1288 912 1399 946 rem
1429 901 1583 946 tanto
1609 901 1720 945 stu-

282 978 390 1040 dio,
419 985 574 1030 tanta
602 977 890 1031 sedulitate
915 979 1130 1050 agebat,
1159 987 1221 1031 ut
1258 979 1399 1031 intra
1423 977 1627 1031 biennii
1653 995 1719 1030 ac

281 1062 492 1114 dimidii
525 1061 784 1133 spatium,
814 1070 990 1115 totum
1020 1081 1158 1134 opus
1196 1063 1512 1116 absolveret.
1588 1060 1720 1117 Jam

282 1165 391 1199 non
430 1147 518 1199 ille
559 1146 786 1217 quidem
826 1148 982 1211 dixit,
1012 1148 1162 1219 quod
1193 1147 1507 1218 exemplum
1535 1146 1723 1199 fecerit

284 1231 436 1284 basin
464 1233 640 1303 operis
669 1233 746 1285 sui
771 1253 782 1293 ;
826 1252 925 1286 nec
958 1242 1040 1286 est
1078 1232 1236 1285 nimis
1264 1233 1422 1285 facile
1457 1232 1512 1285 id
1543 1231 1721 1303 conje-

283 1324 439 1370 ctura
464 1318 699 1388 assequi,
726 1317 780 1370 in
810 1327 965 1371 tanta
1003 1337 1036 1370 a
1067 1318 1430 1389 superioribus
1458 1315 1721 1387 exemplis

283 1402 689 1455 aberrationum
753 1402 1086 1474 frequentia:
1152 1412 1355 1465 tamen,
1416 1401 1518 1454 nisi
1566 1400 1721 1454 vehe-

280 1495 491 1540 menter
554 1487 808 1550 fallimur,
888 1488 1281 1541 Manutianum
1347 1494 1562 1540 textum
1636 1484 1723 1538 vel

258 1572 481 1643 ipsum,
523 1573 607 1625 vel
649 1573 729 1626 uti
776 1593 808 1625 a
858 1573 928 1626 R.
971 1572 1235 1644 Stephano
1282 1571 1557 1644 repetitus·
1590 1578 1723 1635 erat,

282 1657 385 1709 sibi
409 1657 789 1730 corrigendum
829 1671 1109 1712 sumserat.
1191 1657 1338 1710 Nam
1375 1666 1430 1711 et
1469 1656 1725 1728 exempla

280 1743 394 1814 ejus
424 1743 747 1797 recensionis
775 1744 827 1796 in
862 1743 1094 1796 Francia.
1121 1743 1478 1796 versabantur
1515 1743 1572 1794 in
1610 1759 1727 1794 ma·-

284 1828 460 1891 nibuS,
489 1837 543 1881 et
570 1829 684 1901 ejus
721 1829 979 1882 lectiones
1008 1848 1040 1880 a
1067 1828 1432 1900 superioribus
1459 1827 1724 1898 exemplis

284 1913 653 1985 discrepantes
703 1913 901 1985 saepius
954 1914 1067 1986 ejus
1121 1920 1303 1966 textus
1355 1912 1539 1976 habet,
1587 1929 1724 1983 quas

283 1999 449 2052 etiarn
490 1999 763 2051 interdum
805 1999 1052 2069 vulgatas
1091 2006 1271 2060 vocat,
1299 2007 1362 2050 ut
1399 1998 1470 2050 ad
1513 1996 1641 2049 Div.
1677 1996 1725 2060 I,

285 2089 334 2138 5.
377 2102 504 2136 nam
546 2084 620 2136 ibi
648 2102 774 2136 cum
808 2084 862 2136 in
892 2091 1047 2136 textu
1086 2083 1172 2145 sit,
1199 2083 1420 2135 omnium
1447 2101 1636 2152 magno
1661 2084 1727 2135 si-

285 2169 441 2220 lentio
468 2176 540 2221 est
570 2177 857 2229 accusatus,
885 2168 938 2219 in
969 2168 1158 2220 notula
1185 2168 1255 2220 ad
1283 2185 1407 2220 eum
1437 2167 1621 2220 locum
1647 2166 1727 2219 di-

204 2295 206 2297 -
284 2255 376 2317 cit,
404 2253 535 2306 alios
573 2253 774 2306 habere
812 2253 1024 2305 nimium
1063 2272 1127 2304 m.
1156 2273 1195 2305 s.
1234 2253 1404 2324 idque
1430 2252 1630 2327 firmari
1666 2251 1727 2304 li-

286 2339 390 2391 bris
415 2339 644 2411 scriptiS,
674 2338 768 2391 sed
797 2357 852 2390 se
879 2356 912 2390 a
937 2338 1160 2409 vulgata
1186 2337 1436 2391 recedere
1470 2337 1721 2390 nolui-sse.

287 2425 581 2478 Enimvero
608 2423 725 2475 haec
753 2432 836 2476 est
862 2423 1023 2475 lectio
1052 2421 1386 2475 Manutiana
1411 2431 1467 2475 et
1495 2421 1727 2494 Stepha-

283 2509 465 2572 uiana,
519 2527 645 2562 cum
713 2507 1082 2579 praecedentes
1132 2507 1445 2578 exprimant
1494 2507 1723 2559 nimium.

285 2592 581 2658 Codicibus
622 2593 835 2664 scriptis
875 2611 1002 2645 usus
1029 2601 1111 2645 est
1137 2592 1400 2663 pluribUS‚
1431 2608 1601 2662 quam
1627 2607 1728 2643 -su-

284 2679 555 2749 periorum
583 2679 846 2748 cuiquam
873 2675 1230 2748 contigerant,
1253 2686 1307 2730 et
1330 2675 1578 2729 IVIemmio
1598 2692 1728 2746 sup—

284 2763 583 2834 peditante,
627 2772 683 2814 et
734 2762 865 2814 aliis.
945 2761 1052 2814 Sed
1105 2770 1396 2814 accusatur
1440 2760 1622 2813 nimiae
1656 2756 1725 2812 'in

281 2847 626 2900 immutanda
676 2846 909 2899 lectione
956 2846 1180 2917 vulgata
1220 2845 1480 2908 licentiae,··
1517 2853 1580 2899 ut
1626 2843 1726 2916 qui
