1945 3235
723 133 1000 172 BRUTUS.
1506 142 1586 183 497

139 254 230 293 tus,
251 248 296 282 et
318 239 491 299 grandis
512 239 643 282 etiam
663 236 769 280 fuit:
802 237 886 278 hoc
909 235 1092 288 forense,
1113 242 1493 293 concertatorium,
1508 241 1584 298 ju—

142 298 311 350 diciale,
334 314 420 340 non
446 297 647 339 tractavit
669 311 818 352 genus.
881 293 1112 335 Orationes
1143 305 1301 347 autem,
1323 313 1428 352 quas
1452 300 1583 340 inter-

141 357 302 412 posuit,
324 356 490 410 (multoe
523 355 638 395 enim
670 355 803 403 sunt,)
824 366 893 392 eas
925 365 1008 406 ego
1045 351 1217 392 laudare
1252 354 1389 406 soleo;
1422 357 1581 398 imitari

138 427 280 469 neque
321 413 496 470 possim,
538 412 572 452 si
615 410 756 461 velim,
795 424 874 449 nec
917 409 1045 449 velim
1087 408 1282 463 fortasse,
1327 411 1360 451 si
1406 414 1580 467 possim.

139 473 182 506 95
194 471 270 522 Ut,
293 473 327 512 si
349 471 444 526 quis
469 469 648 510 Falerno
673 468 771 507 vino
804 465 1054 517 delectetur,
1077 466 1148 507 sed
1182 481 1233 508 eo
1264 482 1343 509 nec
1371 468 1432 508 ita
1452 484 1582 522 novo,

138 537 188 569 ut
207 528 416 584 proximis
430 526 677 568 consulibus
700 533 848 564 natum
872 523 997 574 velit3
1030 538 1107 564 nec
1122 538 1264 565 rursus
1281 525 1341 565 ita
1356 536 1511 576 vetere,
1536 537 1583 568 ut

139 585 366 642 Opimium
403 593 477 625 aut
498 582 701 623 Anicium
733 581 953 622 consulem
986 590 1172 636 quaerat:
1205 582 1344 638 (atqui
1378 597 1440 624 eae
1462 593 1580 625 notae

137 652 239 686 sunt
270 642 464 698 optimae.
494 640 648 681 credo:
682 639 755 679 sed
790 639 925 679 nimia
957 648 1147 679 vetustas
1180 654 1260 681 nec
1295 641 1426 681 habet
1468 655 1579 693 eam,

137 714 266 756 quam
289 698 535 754 quaerimus,
567 697 839 748 suavitatem,
872 711 951 737 nec
986 696 1158 751 estjam
1193 711 1295 738 sane
1328 698 1576 740 tolerabilis.

133 771 240 799 num
261 756 408 812 igitur,
433 755 506 810 qui
532 754 615 796 hoc
639 755 810 805 sentiat,
834 755 867 795 si
891 754 925 793 is
950 762 1098 808 potare
1123 755 1237 806 velit,
1261 756 1314 795 de
1344 755 1460 797 dolio
1492 756 1664 797 sibi⁶288

136 813 420 856 hauriendum
454 815 602 868 putet?
634 813 836 854 minime:
882 811 954 851 sed
989 812 1205 866 quandam
1239 822 1442 867 sequatur
1472 823 1577 855 aeta-

132 872 256 921 tem.)
291 871 352 912 sic
388 885 470 927 ego
509 870 602 910 istis
639 869 877 911 censuerim
911 877 954 909 et
986 883 1144 910 novam
1183 869 1326 922 istam,
1367 871 1489 925 quasi
1523 871 1578 913 de

130 937 276 970 musto
307 943 357 969 ac
388 929 497 979 lacu,
529 927 737 968 fervidam
770 927 1012 968 orationem
1051 926 1317 983 fugiendam,
1351 942 1429 969 nec
1461 928 1577 969 illam

129 985 382 1042 praeclaram
404 985 671 1040 Thucydidis
694 985 823 1025 nimis
849 993 1047 1034 veterem,
1071 993 1291 1039 tamquam
1314 984 1576 1027 Anicianam

133 1053 300 1095 notam,
323 1043 676 1100 persequendam.
737 1042 836 1098 Ipse
867 1042 981 1082 enim
1006 1041 1282 1098 Thucydides
1305 1043 1336 1083 si
1363 1044 1576 1099 posterius

130 1100 299 1152 fuisset,
337 1101 473 1142 multo
504 1101 713 1141 maturior
742 1100 895 1141 fuisset
932 1109 975 1140 et
1009 1100 1169 1141 mitior.
1232 1099 1573 1142 Demosthenem
1589 1092 1659 1141 84

129 1158 266 1215 igitur
297 1159 531 1199 imitemur.
592 1158 633 1199 O
655 1158 714 1199 dii
739 1158 860 1200 boni!
895 1157 1013 1212 quid,
1037 1172 1201 1213 quaiso,
1231 1173 1309 1198 nos
1341 1158 1456 1199 aliud
1479 1159 1571 1215 agi-
1584 1172 1615 1202 P·
1637 1161 1705 1196 ¹92.

129 1221 348 1268 mussant
377 1216 482 1271 quid
512 1216 627 1256 aliud
660 1218 884 1271 optamus?
944 1215 1005 1255 At
1030 1230 1117 1256 non
1151 1216 1431 1270 assequimur.
1492 1216 1664 1286 Isti339

131 1274 248 1315 enim
281 1274 481 1315 videlicet
511 1273 647 1314 Attici
680 1273 831 1323 nostri,
853 1273 970 1328 quod
999 1273 1164 1324 volunt,
1192 1284 1490 1328 assequuntur.
1523 1289 1577 1316 ne

130 1330 235 1372 illud
256 1331 431 1387 quidem
454 1327 716 1386 intelligunt,
739 1345 825 1371 non
858 1330 988 1370 modo
1018 1331 1080 1371 ita
1111 1331 1331 1371 mcmoriae
1357 1332 1579 1387 proditum

129 1403 237 1441 esse,
254 1389 327 1431 sed
350 1389 410 1430 ita
431 1403 604 1429 necesse
626 1388 771 1439 fuisse,
789 1403 888 1428 cuni
905 1387 1221 1429 Demosthenes
1244 1389 1436 1429 dicturus
1452 1399 1578 1440 esset,

129 1455 179 1487 ut
199 1461 448 1497 concursuS‚
471 1445 672 1487 audiendi
709 1460 851 1495 causa,
875 1460 929 1486 ex
960 1455 1054 1487 tota
1086 1446 1261 1487 Graecia
1292 1446 1458 1487 fierent.
1517 1446 1580 1488 At

129 1518 229 1545 cum
254 1504 323 1545 isti
343 1503 480 1545 Attici
505 1503 670 1554 dicunt,
692 1517 780 1544 non
811 1503 942 1543 modo
966 1519 991 1544 a
1011 1518 1185 1554 corona,
1207 1504 1324 1559 quod
1347 1513 1412 1544 est
1436 1505 1578 1561 ipsum

127 1562 386 1613 miserabile,
406 1562 478 1603 sed
510 1561 641 1602 etiam
665 1561 720 1601 ab
743 1561 964 1601 advocatis
996 1561 1309 1617 relinquuntur.
1372 1562 1518 1608 Quare
1541 1561 1577 1602 si

129 1628 313 1676 anguste
335 1630 377 1660 et
407 1618 579 1660 exiliter
608 1618 764 1669 dicere,
785 1626 853 1658 est
888 1617 1153 1670 Atticorum,
1178 1620 1264 1659 sint
1287 1633 1387 1659 sane
1408 1619 1574 1661 Attici:

128 1677 203 1718 sed
234 1677 278 1718 in
316 1677 543 1718 comitium
583 1676 773 1726 veniant,
815 1676 922 1716 96ad
957 1685 1143 1718 stantem
1174 1677 1370 1732 judicem
1411 1677 1574 1718 dicant.

128 1733 342 1776 Subsellia
364 1734 637 1790 grandiorem
654 1742 697 1774 et
715 1733 950 1790 pleniorem
974 1749 1124 1775 vocem
1149 1734 1409 1775 desiderant.
1464 1734 1573 1775 Volo
1585 1742 1663 1778 ‘299

126 1790 213 1833 hoc
245 1792 405 1833 oratori
432 1792 674 1847 contingat,
709 1800 770 1841 ut,
801 1806 901 1832 cum
935 1792 1131 1832 auditum
1167 1792 1220 1832 sit
1252 1806 1349 1832 eum
1382 1807 1474 1832 esse
1510 1792 1573 1832 di-

126 1858 313 1900 cturum,
335 1849 454 1898 locus
486 1850 529 1890 in
560 1849 771 1890 subselliis
793 1860 1045 1905 occupetur,
1072 1849 1341 1905 compleatur
1371 1850 1574 1900 tribunal,

126 1907 307 1963 gratiosi
330 1907 482 1949 scribae
506 1907 592 1948 sint
613 1907 655 1947 in
680 1907 822 1947 dando
841 1916 884 1947 et
914 1907 1106 1948 cedendo
1130 1906 1241 1958 loco,
1274 1922 1435 1948 corona
1466 1907 1576 1947 mul·

88 2009 92 2011 ,
128 1964 437 2020 tiplex,Judex
457 1974 646 2006 erectus:
679 1979 779 2005 cum
800 1966 938 2020 surgit
957 1965 1007 2015 is,
1031 1965 1104 2019 qui
1128 1965 1322 2005 dicturus
1346 1966 1415 2015 sit,
1441 1965 1577 2020 signi-

127 2022 283 2064 ficetur
301 2038 326 2062 a
347 2037 507 2063 corona
522 2022 755 2073 silentium,
769 2022 924 2063 deinde
944 2023 1105 2063 crebrae
1129 2022 1412 2073 assensiones,
1426 2023 1575 2063 multae

126 2079 458 2130 admirationes:
492 2080 614 2130 risus,
644 2094 743 2121 cum
774 2079 904 2131 velit;
936 2095 1034 2120 cum
1067 2080 1184 2129 velit,
1219 2079 1371 2121 fletus:
1406 2090 1467 2130 ut,
1500 2079 1575 2134 qui

125 2136 222 2179 haec
244 2138 394 2193 procul
417 2138 572 2189 videat,
595 2136 779 2188 etiamsi,
801 2137 904 2192 quid
928 2147 1098 2193 agatur,
1119 2137 1310 2189 nesciat3
1340 2146 1385 2177 at
1407 2137 1576 2193 placere

125 2202 286 2246 tamen,
302 2207 346 2236 et
367 2195 411 2236 in
434 2210 561 2236 scena
583 2209 674 2236 esse
698 2194 909 2236 Roscium
940 2195 1170 2251 inteiligat.
1234 2194 1346 2236 Haec
1369 2196 1439 2235 cui
1470 2209 1575 2236 con-

127 2252 314 2308 tingant,
335 2267 434 2293 eum
465 2254 574 2295 scito
607 2251 756 2294 Attice
783 2253 940 2302 dicere,
960 2263 1008 2293 ut
1040 2253 1093 2294 de
1119 2252 1282 2293 Pericle
1313 2252 1574 2303 audivimus,

124 2319 174 2350 ut
186 2311 239 2351 de
263 2309 503 2367 Hyperide,
516 2320 564 2352 ut
585 2311 639 2351 de
656 2309 876 2360 AEschine,
892 2310 945 2351 de
962 2311 1056 2367 ipso
1080 2310 1257 2366 quidem
1274 2309 1573 2351 Demosthene

126 2367 333 2409 maxime.
377 2369 454 2409 Sin
476 2378 623 2410 autem
646 2377 838 2419 acutum,
861 2368 1064 2424 prudens,
1082 2377 1125 2409 et
1148 2368 1262 2408 idem
1277 2367 1506 2418 sincerum,
1529 2376 1571 2408 et
1582 2377 1656 2414 291

164 2496 204 2528 95
233 2493 278 2525 Uc
290 2494 318 2524 si
331 2494 403 2534 quis
417 2494 491 2533 δια]
517 2494 622 2525 Novae
636 2493 760 2534 periodi
772 2494 827 2525 hic
869 2493 1044 2525 Corradus.
1091 2491 1196 2524 Credo
1231 2502 1306 2523 cum
1344 2491 1499 2523 Manutio
1535 2492 1577 2522 ad

124 2535 259 2566 initium
272 2542 333 2568 est.
350 2546 427 2567 nam
450 2537 513 2572 his,
530 2541 564 2567 ut
579 2538 606 2566 si
621 2538 704 2576 quis,
722 2537 828 2569 mani-
869 2536 953 2577 Epp.
975 2536 1015 2566 ad
1039 2535 1115 2566 Div.
1134 2534 1233 2571 XIII,
1257 2538 1305 2565 10.
1330 2535 1472 2574 intelligi
1485 2534 1575 2573 judi-

121 2577 204 2608 feste
216 2579 415 2618 respondent
428 2579 529 2609 infra:
554 2580 599 2609 sic
614 2589 690 2617 ego:
715 2579 748 2609 in
763 2589 826 2618 qno
869 2589 921 2609 ees
937 2579 1096 2609 leviorum
1119 2586 1306 2615 causarum,
1329 2587 1470 2617 quorum
1488 2577 1576 2607 inter

121 2620 257 2650 initium
277 2630 369 2650 novae
393 2622 568 2651 sententiae
588 2622 659 2652 edd.
679 2623 765 2651 male
780 2623 826 2652 fa-
863 2620 1004 2660 judices,
1028 2620 1083 2659 qui
1105 2619 1204 2658 vulgo
1226 2619 1395 2657 dicuntur,
1420 2626 1479 2649 aut
1501 2629 1577 2659 pro—

123 2663 228 2693 ciunt.
270 2664 571 2703 Atqui-sequanm-
592 2669 734 2700 oetatem,
750 2669 828 2693 sunt
871 2664 953 2703 prie,
967 2663 1060 2693 nulla
1071 2663 1209 2692 mentio.
1221 2663 1283 2692 nisi
1298 2663 1370 2702 quis
1385 2662 1479 2693 malit
1492 2671 1576 2701 prae-

121 2705 160 2735 in*
186 2705 374 2745 parenthesi
407 2707 606 2747 accipienda,
637 2707 723 2745 quod
759 2716 826 2737 non
868 2711 977 2736 torem
1002 2705 1201 2744 intelligere,
1228 2715 1304 2735 cum
1332 2705 1371 2735 de
1399 2704 1497 2745 plano
1526 2714 1575 2734 re-

122 2747 384 2778 animadvertere
397 2748 537 2780 editores
560 2749 659 2780 docti.
869 2748 1022 2788 spondet,
1045 2751 1102 2780 aut
1123 2748 1286 2779 arbitrum
1309 2747 1464 2789 privatim
1487 2756 1576 2777 sum·

165 2791 208 2824 96
230 2790 276 2820 ad
288 2794 429 2820 stantem
444 2791 595 2832 judicem
621 2790 747 2830 dicant]
776 2790 826 2820 De
867 2795 956 2822 tum.

112 2831 231 2874 judice
259 2837 366 2864 stante
393 2833 522 2866 haerent
555 2834 616 2866 viri
642 2833 751 2872 docti;
788 2837 827 2862 ut

179 2888 289 2918 von.
308 2889 341 2918 1.
809 2889 840 2919 κ
864 2874 892 2918 k
