1945 3235
320 179 400 214 ³80
836 177 915 215 DE
947 177 1231 216 ORATORE

323 280 539 321 videatur:
583 289 626 320 et
657 281 791 322 oculis
823 281 1085 337 colliguntur
1117 295 1240 338 paene
1273 280 1602 322 innumerabiles
1634 280 1753 322 volu-³

324 348 478 392 ptateS,
498 351 595 392 quae
628 352 705 377 nos
741 339 798 379 ita
819 337 1010 395 capiunt,
1035 350 1081 379 ut
1114 353 1242 379 unum
1273 352 1441 379 sensum
1463 337 1755 435 dissimilife‘-

323 407 422 434 nere
436 394 668 436 delectent:
701 405 741 435 et
760 396 942 450 reliquos
962 410 1107 436 sensus
1125 396 1366 451 voluptates
1382 397 1423 425 93
1433 393 1653 436 oblectant
1699 396 1755 435 is-

325 464 460 504 pares,
485 462 530 491 ut
551 452 606 491 sit
635 452 810 493 difficile
833 453 1046 506 judicium
1081 452 1328 493 excellentis
1364 452 1550 493 maxime
1571 452 1755 492 suavita-

288 511 310 535 ·'
327 508 393 547 tis.
452 506 509 548 At
532 509 612 549 hoc
632 509 758 558 idem,
781 509 893 563 quod
917 521 982 550 est
1004 510 1043 550 in
1070 510 1229 551 naturis
1254 523 1406 558 rerum,
1422 508 1637 550 transferri
1662 512 1757 565 pht-

323 574 386 604 est
403 565 531 605 etiam
556 566 606 605 ad
631 577 755 605 artes.
822 566 915 607 Una
938 567 1124 622 fingendi
1148 576 1213 607 est
1230 580 1311 616 ars,
1334 566 1375 606 in
1399 579 1484 620 qua
1506 564 1759 622 praestantes

322 620 495 662 fuerunt
530 621 674 676 Myro,
707 622 964 677 Polycletus,
1001 623 1234 679 Lysippus,
1277 623 1349 678 qui
1383 636 1531 664 omnes
1570 622 1759 664 intense

321 677 546 718 dissimiles
570 681 762 730 fuerunt3
795 680 865 720 sed
891 680 951 720 ita
974 690 1130 730 tamen,
1154 689 1200 720 ut
1222 681 1434 720 neminem
1456 681 1520 720 sui
1546 680 1646 721 velis
1667 682 1758 722 esse

322 734 588 775 dissimilem.
653 736 745 777 Una
775 747 838 776 est
869 751 934 777 ars
957 737 1150 791 ratioque
1184 737 1378 793 picturae,
1399 736 1759 793 dissimillimique

324 802 464 832 tamen
492 793 600 832 inter
625 807 668 833 se
707 792 880 842 Zeuxis,
913 793 1188 849 Aglaophon,
1225 794 1418 850 Apelles:
1452 807 1588 849 neque
1610 799 1758 835 eorum

321 849 547 902 quisquam
577 859 656 899 est,
688 850 755 890 cui
793 850 1027 904 quidquam
1065 851 1106 891 in
1141 862 1230 891 arte
1263 865 1340 891 sua
1370 851 1514 892 deesse
1549 851 1758 892 videatur.

326 903 440 955 Et‚si
465 905 546 946 hoc
570 906 610 946 iu
637 906 700 946 his
723 907 840 960 quasi
866 908 994 947 mutis
1016 908 1179 947 artibus
1201 917 1263 947 est
1281 907 1594 958 1nirandum,et
1615 920 1758 951 tamen

323 976 491 1004 verum:
513 973 676 1017 quanto
689 963 981 1004 admirabilius
1001 964 1041 1004 in
1058 965 1251 1004 oratione
1270 976 1397 1019 atque
1413 964 1455 1005 in
1471 965 1641 1021 lingua?
1660 981 1758 1022 quae

322 1033 419 1058 cum
447 1019 487 1059 in
513 1020 660 1060 iisdem
687 1021 908 1061 sententiis
935 1021 1156 1075 verbisque
1184 1030 1383 1071 versetur,
1416 1036 1601 1063 summas
1631 1024 1762 1065 habet

323 1076 716 1128 dissimilitudine53
748 1080 883 1118 ‘24n0n
917 1078 992 1128 sic,
1019 1087 1064 1118 ut
1095 1078 1165 1119 alii
1198 1079 1466 1134 vituperandi
1497 1079 1596 1131 sint,
1619 1080 1691 1122 sed
1714 1090 1762 1122 ut

325 1132 370 1183 ii,
409 1148 516 1187 quos
545 1144 714 1174 constet
747 1148 837 1175 esse
874 1134 1122 1185 laudandos,
1160 1135 1202 1175 in
1227 1135 1386 1190 dispari
1420 1145 1562 1177 tamen
1607 1151 1762 1194 genere

262 1194 312 1231 27
327 1189 565 1231 laudentur.
625 1191 769 1246 Atque
801 1191 841 1232 id
873 1192 1057 1247 primum
1087 1193 1127 1232 in
1153 1191 1292 1247 poetis
1312 1193 1426 1233 cerni
1460 1193 1573 1244 licet,
1604 1195 1761 1249 quibus

324 1258 389 1287 est
411 1248 608 1302 proxima
640 1249 843 1304 cognatio
865 1264 962 1289 cum
1000 1250 1256 1299 oratoribus,
1281 1264 1408 1304 quam
1431 1251 1517 1291 sint
1543 1250 1654 1292 inter
1674 1264 1763 1293 sese

329 1303 505 1353 Ennius,
542 1304 770 1355 Pacuvius,
793 1305 1036 1361 Acciusque
1069 1306 1316 1357 dissimiles3
1349 1321 1476 1362 quam
1499 1308 1611 1364 apud
1636 1308 1762 1350 Grae-

326 1375 398 1402 cos
437 1361 680 1418 AEscliylus,
711 1363 959 1418 Sophocles,
994 1362 1233 1419 EuripideS,
1269 1378 1528 1419 quamquam
1560 1366 1761 1407 omnibus

263 1423 313 1458 28
327 1433 402 1474 par
426 1433 546 1473 paene
576 1419 664 1459 laus
684 1420 725 1459 in
749 1419 941 1460 dissimili
975 1420 1188 1460 scribendi
1212 1434 1366 1475 genere
1386 1423 1612 1463 tribuatur.
1672 1421 1762 1464 Ad-

325 1475 477 1530 spicite
497 1490 610 1516 nunc
629 1490 700 1517 eos
724 1477 916 1517 homines
947 1486 1074 1531 atque
1095 1477 1334 1527 intuemini,
1352 1493 1534 1532 quorum
1553 1479 1606 1520 de
1627 1479 1761 1521 facul-

326 1542 413 1573 tate
437 1534 682 1587 quae1·imuS‚
701 1534 802 1588 quid
823 1533 990 1574 intersit
1009 1534 1117 1573 inter
1139 1542 1356 1574 oratorum
1380 1535 1521 1576 studia
1538 1544 1666 1592 atque
1686 1551 1761 1578 na-

325 1599 457 1630 turas.
517 1590 782 1630 Suavitatem
815 1589 1040 1640 Isocrates,
1073 1590 1353 1631 subtilitatem
1394 1591 1557 1647 Lysias,
1581 1607 1761 1636 acumen

329 1645 588 1701 Hyperides,
623 1649 811 1688 sonitum
846 1647 1088 1697 AEschines,
1122 1647 1206 1687 vim
1245 1646 1559 1689 Demosthenes
1595 1650 1761 1692 habuit.

326 1704 421 1758 quis
450 1717 598 1743 eorum
629 1718 713 1744 non
745 1705 972 1759 egregius?
1016 1714 1157 1745 tamen
1189 1705 1284 1759 quis
1315 1705 1568 1761 cujusquam
1592 1707 1671 1748 nisi
1698 1707 1763 1750 sui

327 1759 503 1802 similis?
535 1760 804 1802 Gravitatem
828 1761 1072 1811 Africanus,
1102 1760 1321 1802 lenitatem
1356 1763 1526 1815 Laelius,
1557 1764 1765 1820 asperitaa

327 1828 411 1858 tem
445 1817 600 1867 Galba,
633 1818 849 1874 profluens
887 1818 1090 1873 quiddam
1118 1818 1270 1859 habuit
1299 1819 1442 1861 Carbo
1471 1831 1514 1862 et
1542 1835 1765 1865 canonum

327 1875 422 1930 quis
459 1873 610 1916 horum
641 1889 727 1916 non
759 1876 957 1931 princeps
995 1876 1261 1931 temporibus
1297 1875 1378 1917 illis
1401 1877 1508 1920 fuit?
1537 1886 1580 1919 et
1603 1894 1679 1921 suo
1701 1887 1764 1921 ta-'

283 1935 424 1984 ssmeu
449 1932 628 1987 quisque
648 1932 688 1972 in
710 1947 864 1988 genere
883 1933 1097 1988 princeps
1159 1933 1241 1974 Sed
1259 1934 1360 1988 quid
1385 1949 1468 1991 ego
1500 1943 1643 1977 vetera
1662 1950 1766 1978 con·

266 2008 315 2042 99
330 1989 510 2044 quiram,
527 2003 623 2030 cum
650 1989 755 2030 mihi
782 1989 907 2030 liceat
930 1990 991 2030 uti
1017 1991 1299 2045 praesentibus
1321 1992 1530 2048 exemplis
1551 2003 1680 2049 atque
1702 1994 1765 2034 vi-

286 2047 420 2088 b.vis?
452 2046 818 2101 Quidjucundius
849 2047 1022 2087 auribus
1042 2047 1197 2087 nostris
1221 2062 1424 2103 umquam
1448 2049 1606 2091 accidit
1636 2050 1764 2106 hujus

325 2104 519 2144 oratione
543 2103 711 2144 Catuli?
742 2118 838 2159 quae
861 2114 925 2145 est
950 2118 1053 2160 pura
1075 2104 1150 2154 sic,
1166 2112 1214 2145 ut
1238 2105 1390 2146 Latine
1412 2105 1526 2161 loqui
1549 2121 1673 2162 paene
1695 2121 1763 2149 so-

328 2160 393 2201 lus
418 2161 623 2210 videatur,
647 2161 707 2201 sic
735 2171 877 2201 autem
901 2161 1058 2216 gravis,
1082 2171 1129 2202 ut
1151 2161 1192 2202 in
1216 2161 1419 2216 singulari
1438 2163 1649 2218 dignitate
1670 2178 1764 2205 om-

325 2218 392 2257 nis
426 2230 566 2258 tamen
596 2217 707 2258 adsit
736 2217 979 2258 humanitas
1012 2232 1061 2258 ac
1091 2217 1223 2274 lepos.
1284 2219 1401 2265 Quid
1436 2220 1600 2262 multa?
1632 2221 1762 2264 istum

327 2275 502 2316 audiens
523 2275 721 2329 equidem
753 2275 813 2315 sic
828 2275 1025 2329 judicare
1056 2275 1186 2326 soleo,
1208 2276 1417 2331 quidquid
1440 2287 1512 2318 aut
1534 2278 1763 2330 addideris,

328 2342 401 2372 aut
423 2332 668 2381 mutaveris,
690 2342 764 2372 aut
793 2332 1043 2381 detraxeris,
1067 2332 1260 2373 vitiosius
1282 2343 1325 2374 et
1346 2333 1532 2375 deterius
1554 2334 1762 2377 futurum.

264 2397 316 2430 30
330 2389 446 2436 Quid
472 2399 614 2429 noster
636 2388 705 2429 hic
728 2388 900 2431 Caesar?
932 2403 1075 2429 nonne
1107 2404 1262 2430 novam
1302 2391 1515 2445 quandam
1551 2392 1762 2434 rationein

327 2446 471 2487 attulit
492 2445 712 2496 orationis,
734 2456 777 2486 et
798 2445 967 2487 dicendi
990 2460 1125 2502 genus
1156 2447 1329 2489 induxit
1362 2461 1495 2504 prope
1517 2448 1761 2505 singulare?

327 2503 437 2550 Quis
476 2517 677 2558 umquam
720 2517 798 2553 reS,
834 2512 989 2558 praeter
1031 2503 1159 2556 hunc,
1199 2504 1382 2560 tragicas
1424 2519 1548 2560 paene
1581 2506 1762 2557 comice,

325 2562 365 2590 25
378 2560 516 2600 tristes
536 2561 722 2611 remisse,
739 2574 903 2600 severas
924 2560 1069 2611 hilare,
1084 2560 1271 2601 forenses
1294 2561 1462 2602 scenica
1484 2576 1617 2618 prope
1632 2575 1762 2604 venu-

325 2626 434 2657 state
450 2617 671 2658 tractavit:
694 2625 821 2672 atque
841 2617 914 2668 ita,
934 2627 981 2658 ut
1003 2632 1140 2673 neque
1154 2617 1283 2673 jocus
1301 2618 1600 2674 magnitudine
1620 2628 1766 2671 rerum.

366 2747 406 2776 93
429 2745 601 2785 oblectant]
629 2745 682 2775 Sic
709 2744 781 2776 edd.
814 2745 867 2775 W.
891 2749 924 2776 et
949 2746 1022 2777 Ald.
1108 2747 1148 2778 525
1185 2746 1292 2776 tristes
1309 2746 1461 2785 memisse,
1487 2757 1614 2781 severas
1640 2748 1759 2790 hilare]

324 2798 383 2829 pro
403 2788 539 2826 vulgato
562 2789 715 2818 oblectent
738 2793 833 2819 recte.
879 2787 965 2818 Nam
988 2793 1022 2819 et
1066 2788 1216 2819 Pearcius
1233 2788 1370 2825 mavult,
1386 2791 1493 2820 tristes
1503 2791 1620 2828 hilare,
1636 2794 1762 2823 seveiae

325 2836 402 2860 ante
417 2830 583 2860 indicativi
599 2836 687 2860 sunt.
732 2830 784 2859 Sic
799 2835 832 2860 et
848 2830 910 2860 Ms.
927 2830 964 2859 E.
1063 2831 1208 2864 remissa·
1224 2839 1290 2860 uon
1303 2830 1401 2861 male:
1418 2832 1472 2863 sed
1482 2830 1762 2872 vulgatum'etia'm

367 2875 407 2903 24
428 2882 491 2902 non.
505 2873 562 2908 sic,
578 2877 614 2902 ut
629 2872 702 2914 alii]
721 2872 870 2902 Pearcius
885 2873 1020 2912 conjicit
1063 2873 1138 2904 ferri
1153 2878 1274 2914 potest,
1290 2878 1324 2904 et
1346 2873 1482 2906 fortasse
1497 2874 1686 2914 exquisitius
1700 2874 1769 2916 ests

325 2915 385 2944 uui
401 2914 450 2945 vel
463 2915 575 2954 aliqui.
1759 2926 1764 2931 ·
