1945 3235
323 166 398 201 ⁴214
787 167 867 206 DE
900 168 1288 207 INVENTIONE

323 267 503 310 eissem?
533 270 636 325 quid
666 271 700 312 si
732 271 816 314 hoc
850 273 1103 315 accidisset?
1135 286 1280 314 eorum
1312 269 1486 325 aliquid,
1509 269 1552 311 in
1582 268 1753 325 quibus,

325 332 400 365 aut
411 340 539 367 causa
551 327 606 368 sit
622 328 937 380 honestissima,
951 340 1024 371 aut
1044 329 1313 371 necessitudo
1326 327 1584 378 certissima;
1607 335 1754 367 tumne

326 384 608 427 accusaretis?
635 384 762 441 Atqui
783 387 866 428 hoc
885 387 953 427 lex
974 402 1184 442 nusquam
1201 385 1397 440 excepit:
1423 384 1522 424 Non
1541 397 1644 439 ergo
1661 397 1755 424 om·-

329 438 401 479 nia
422 440 604 496 scriptis,
627 443 698 484 sed
721 445 933 498 quaedam,
956 444 989 474 61
1009 459 1106 499 quae
1139 443 1364 500 perspicua
1394 440 1494 491 sint,
1517 439 1658 481 tacitis
1678 453 1754 480 ex-

220 497 600 552 p.80·ceptionibus
623 501 787 541 caveri:
820 500 973 541 deinde
999 500 1160 542 nullam
1195 515 1280 541 rem
1312 512 1450 553 neque
1478 497 1658 553 legibus,
1681 509 1756 536 ne-

289 553 414 607 ³·que
444 555 653 611 scriptura
674 557 771 607 ulla,
793 557 977 612 denique
1008 573 1060 598 ne
1090 558 1133 598 in
1159 570 1352 598 sermone
1373 554 1546 610 quidem
1567 551 1756 609 quotidi-

332 624 414 650 ano
440 622 568 667 atque.
598 614 786 669 imperiis
815 614 1061 656 domesticis
1090 624 1204 656 recte
1234 627 1357 670 posse
1390 610 1690 661 administrari,
1720 608 1756 650 si

307 670 624 731 1unusquisque
657 670 759 711 velit
791 671 921 712 verba
949 681 1154 727 spectare,
1186 679 1230 712 et
1266 685 1361 712 non
1399 669 1451 710 ad
1495 667 1758 710 voluntatem

251 713 322 760 4&
335 723 442 779 ejus,
472 726 512 756 6⁶2
525 727 596 781 qui
633 728 760 768 verba
791 728 1003 779 habuerit,
1036 729 1259 770 accedere:
1291 726 1444 769 deinde
1471 741 1526 767 ex
1561 723 1760 766 utilitatis

251 784 320 817 141
336 791 377 821 et
410 782 645 824 honestatis
678 785 870 839 partibus
900 785 1136 836 ostendere,
1169 800 1297 840 quam
1329 782 1494 835 inutile,
1522 791 1596 824 aut
1629 795 1759 838 quam

335 848 458 894 turpe
496 840 551 880 sit
583 841 641 891 id,
674 842 789 896 quod
822 842 1050 883 adversarii
1083 843 1229 884 dicant
1265 841 1356 882 fieri
1395 840 1649 896 oportuisse,
1686 846 1763 879 aut

334 906 554 950 oportere:
586 906 628 938 et
650 898 707 948 id,
729 899 843 953 quod
867 913 943 939 nos
966 898 1205 949 fecerimus,
1228 907 1302 939 aut
1330 898 1607 954 postulemus,
1629 908 1762 952 quam

335 952 453 1003 utile,
487 967 559 994 aut
591 969 720 1009 quam
759 955 987 996 honestum
1026 956 1105 996 sit:
1137 955 1290 996 deinde
1327 956 1441 1011 leges
1478 954 1603 995 nobis
1642 965 1761 994 caras

336 1024 426 1049 csse
448 1025 532 1051 non
557 1020 730 1067 propter
753 1012 930 1063 litteras,
952 1027 1048 1067 quae
1074 1021 1219 1053 tenues
1240 1021 1284 1053 et
1305 1013 1499 1053 obseurae
1528 1019 1644 1052 notae
1674 1009 1762 1050 sint

336 1066 584 1119 voluntatis,
616 1069 687 1109 sed
721 1080 895 1126 propter
924 1083 1068 1110 earum
1101 1084 1256 1120 rerum,
1285 1069 1440 1124 quibus
1469 1069 1523 1109 de
1554 1067 1762 1123 scriptum

336 1132 415 1174 est,
457 1125 701 1177 utilitatem,
740 1135 784 1166 et
823 1141 985 1177 eorum,
1019 1127 1092 1182 qui
1126 1127 1386 1182 scripserint,
1428 1125 1680 1181 sapientiam
1718 1132 1763 1164 et

336 1180 629 1236 diligentiam:
662 1193 823 1238 postea,
856 1184 960 1240 quid
993 1184 1048 1224 sit
1077 1184 1162 1234 lex,
1191 1184 1444 1234 describere,
1466 1191 1514 1224 ut
1540 1196 1591 1223 ea
1618 1180 1762 1222 videa-

336 1248 406 1277 tur
435 1239 478 1279 in
509 1240 745 1290 sententiis,
768 1256 853 1281 uon
885 1241 928 1282 in
953 1241 1090 1282 verbis
1113 1241 1368 1282 consistere:
1400 1249 1443 1280 et
1474 1238 1612 1295 judex
1643 1237 1678 1279 is
1698 1236 1764 1278 vi-

336 1294 486 1336 deatur
526 1296 609 1352 legi
653 1298 961 1354 obtemperare,
1003 1299 1076 1353 qui
1118 1298 1371 1339 sententiam
1412 1297 1520 1352 ejuS,
1560 1310 1647 1337 non
1689 1293 1764 1350 qui

339 1352 592 1408 scripturam
626 1364 850 1409 sequatur:
899 1355 1066 1405 deinde,
1099 1371 1227 1410 quam
1258 1355 1484 1410 indignum
1515 1354 1584 1404 sit,
1613 1351 1765 1394 eodem

338 1409 452 1450 affici
484 1411 694 1466 supplicio
727 1426 840 1463 eum,
877 1412 949 1467 qui
982 1423 1155 1467 propter
1187 1412 1359 1467 aliquod
1393 1411 1526 1453 scelus
1556 1419 1600 1451 et
1633 1409 1765 1450 auda—

339 1466 450 1506 ciam
483 1477 634 1508 contra
665 1468 803 1524 legem
836 1468 999 1519 fecerit,
1033 1478 1076 1509 et
1107 1484 1220 1520 eum,
1249 1469 1323 1524 qui
1355 1468 1550 1519 honesta,
1583 1475 1658 1508 aut
1690 1479 1765 1507 ne-

339 1524 521 1564 cessaria
540 1525 593 1565 de
615 1540 756 1577 causa,
779 1540 862 1567 non
887 1527 940 1567 ab
967 1526 1190 1577 sententia,
1213 1526 1284 1567 sed
1306 1526 1360 1567 ab
1381 1525 1533 1567 litteris
1563 1523 1669 1580 legis
1700 1535 1765 1564 re-

340 1581 537 1623 cesserit:
570 1591 698 1637 atque
719 1583 800 1634 his,
823 1592 866 1624 et
890 1583 1136 1638 hujusmodi
1159 1583 1410 1635 rationibus,
1432 1591 1476 1624 et
1504 1580 1644 1637 accipi
1665 1594 1766 1622 cau-

341 1651 445 1688 sam,
467 1646 510 1678 et
541 1638 584 1679 in
615 1640 695 1680 hac
725 1640 818 1696 lege
849 1640 1002 1696 accipi,
1024 1649 1067 1682 et
1097 1656 1190 1681 cam
1212 1655 1398 1690 causam,
1420 1653 1548 1696 quam
1577 1638 1669 1694 ipse
1701 1634 1766 1677 af-

258 1696 328 1729 1-1‘2
342 1692 463 1746 ferat,
486 1705 683 1751 oportere
710 1697 848 1753 accipi
871 1697 1196 1739 demonstrabit.
1257 1697 1314 1738 Et
1343 1695 1704 1753 quemadmodum
1725 1691 1766 1734 ei

339 1751 602 1804 dicebamus,
624 1755 697 1809 qui
728 1770 753 1794 a
781 1755 940 1811 scripto
969 1755 1143 1805 diceret,
1174 1755 1257 1796 hoc
1288 1755 1378 1796 fore
1411 1752 1698 1802 utilissimum,
1730 1749 1766 1791 si

337 1808 441 1863 quid
471 1810 524 1851 de
556 1811 761 1866 aequitate
789 1826 853 1862 ea,
874 1827 971 1867 quae
993 1827 1091 1853 cum
1122 1813 1362 1853 adversario
1393 1819 1537 1861 staret,
1566 1809 1767 1865 derogas-

337 1874 425 1907 set:
469 1867 530 1908 sic
568 1868 684 1919 huic,
719 1869 791 1923 qui
825 1879 976 1910 contra
1007 1869 1214 1925 scriptum
1244 1869 1373 1920 dicet,
1406 1868 1637 1924 plurimum
1668 1879 1768 1921 pro-

338 1922 462 1974 derit,
495 1939 549 1965 ex
584 1926 677 1981 ipsa
704 1926 928 1982 scriptura,
961 1925 1121 1981 aliquid
1154 1926 1207 1966 ad
1237 1941 1356 1967 suam
1386 1940 1557 1966 causam
1589 1936 1768 1965 conver·

341 1989 444 2030 tere,
475 1991 549 2022 aut
580 1983 782 2039 ambigue
814 1983 974 2038 aliquid
1007 1983 1215 2039 scriptum
1247 1984 1494 2025 ostendere:
1525 1981 1679 2023 deinde
1709 1993 1765 2020 ex

341 2035 413 2077 illo
444 2039 649 2094 ambiguo
671 2055 764 2080 eam
797 2049 975 2095 partem,
1006 2055 1102 2094 quae
1134 2041 1215 2081 sibi
1248 2040 1398 2096 prosit,
1427 2038 1669 2088 defendere,
1692 2045 1768 2077 aut

342 2095 459 2135 verbi
482 2095 776 2136 definitionem
809 2097 1022 2147 inducere,
1044 2106 1087 2137 et
1117 2097 1228 2137 illius
1250 2097 1367 2138 verbi
1394 2096 1494 2147 vim,
1516 2109 1602 2151 quo
1624 2092 1766 2150 urgeri

341 2150 549 2202 videatur,
571 2154 622 2193 ad
649 2168 736 2194 suae
759 2168 897 2194 causae
920 2153 1195 2195 commodum
1220 2154 1452 2204 traducere,
1474 2162 1548 2193 aut
1577 2166 1631 2192 ex
1664 2150 1767 2192 scri-

342 2218 416 2263 pto
438 2223 524 2249 non
547 2210 754 2265 scriptum
776 2210 947 2264 aliquod
971 2211 1170 2251 inducere
1201 2225 1275 2266 per
1306 2210 1692 2260 ratiocinationem,
1714 2207 1768 2248 de

255 2273 326 2306 143
341 2279 425 2319 qua
446 2275 543 2321 post
564 2266 769 2307 dicemus.
830 2269 1113 2323 Quacumque
1135 2277 1277 2309 autem
1301 2268 1343 2308 in
1367 2282 1425 2318 re,
1447 2266 1642 2323 quamvis
1663 2264 1767 2306 levi-

341 2332 403 2362 ter
433 2323 659 2378 probabili,
691 2324 851 2380 scripto
882 2326 974 2380 ipso
1007 2339 1050 2365 se
1075 2324 1329 2376 defenderit,
1351 2326 1480 2365 etiam
1502 2339 1600 2366 cum
1632 2321 1766 2378 aequi·

338 2388 424 2419 tate
463 2395 591 2421 causa
630 2381 882 2432 abundabit,
924 2382 1162 2423 necessario
1195 2382 1378 2423 multum
1420 2381 1630 2437 proficiet,
1669 2379 1766 2420 ideo

334 2437 465 2492 quod,
501 2437 533 2477 si
570 2437 625 2489 id,
656 2454 741 2492 quo
773 2439 925 2479 nititur
956 2439 1294 2480 adversariorum
1327 2453 1468 2489 causa,
1499 2435 1767 2487 subduxerit,

334 2498 373 2524 0³
389 2508 556 2535 omnem
583 2495 695 2536 illam
719 2496 810 2550 ejus
835 2496 921 2536 vim
944 2505 986 2536 et
1020 2496 1300 2537 acrimoniam
1322 2495 1490 2536 lenierit
1509 2510 1558 2536 ac
1580 2493 1766 2535 diluerit.

334 2550 374 2581 ⁶4
387 2550 490 2591 Loci
521 2562 664 2592 autem
687 2567 936 2594 communes
958 2553 1086 2594 ceteri
1110 2567 1164 2594 ex
1195 2553 1469 2594 assumtionis
1499 2552 1693 2608 partibus
1722 2551 1766 2591 in

374 2674 410 2704 61
436 2674 520 2715 Quoe
541 2677 714 2714 perspicua
740 2676 831 2715 sinn]
873 2677 925 2707 Sic
953 2678 1031 2709 Mss.
1117 2678 1157 2708 63
1185 2678 1321 2708 Omnem
1345 2678 1439 2707 illam
1458 2676 1527 2717 ejus
1547 2676 1639 2716 vim]
1666 2675 1767 2707 Illam

331 2716 433 2746 etiam
454 2718 571 2754 nostri,
587 2725 621 2747 et
636 2718 706 2748 edd.
724 2729 774 2758 pr.
820 2719 926 2759 Vulgo
941 2726 1029 2759 sune,
1075 2720 1156 2750 benc
1169 2721 1260 2750 abest
1275 2719 1338 2750 Ms.
1352 2720 1441 2749 Cass.

331 2758 426 2790 male.
1114 2764 1155 2792 0'4
1179 2762 1256 2791 Loci
1279 2772 1305 2791 C.
1327 2761 1447 2800 ceter-L]
1474 2761 1526 2791 Sic
1550 2769 1609 2801 pro
1634 2759 1768 2800 vulgato

373 2802 414 2831 62
435 2800 504 2841 Qui
530 2801 627 2831 verba
654 2802 829 2842 habuerit]
856 2804 935 2834 Mss.
959 2806 1028 2844 qui-
1072 2806 1178 2839 certis,
1194 2814 1233 2833 ex
1249 2804 1327 2834 Mss.
1343 2803 1490 2843 pluribus
1505 2804 1602 2833 Grut.
1617 2801 1767 2832 Oudend.

330 2843 403 2873 dam
430 2842 555 2873 addunt
577 2853 635 2873 ea.-
659 2843 752 2882 bene,
776 2851 815 2876 ut
836 2848 964 2886 opinor,
990 2853 1027 2879 ut
1071 2850 1106 2876 et
1132 2845 1181 2875 ed.
1209 2856 1257 2886 pr.
1283 2846 1376 2876 edidi.
1421 2845 1498 2876 Non
1523 2849 1573 2876 est
1595 2853 1702 2875 sermo
1727 2843 1767 2874 de

331 2886 432 2924 magis
447 2884 619 2916 definitum
638 2886 690 2915 sit.
1070 2888 1168 2918 certis
1181 2887 1274 2924 locis,
1287 2887 1343 2918 sed
1356 2887 1394 2918 de
1411 2886 1489 2918 locis
1505 2896 1545 2919 ex
1558 2885 1769 2918 assumtionis
