1945 3235
368 159 445 194 333
896 159 978 200 DE
1006 161 1293 201 ORATORE

369 260 546 301 discere.
579 261 722 304 inveni
755 271 899 306 autem
933 262 1112 308 ridicula
1149 276 1192 308 et
1222 267 1330 308 salsa
1361 266 1497 308 multa
1526 266 1809 309 Graecorum:

372 332 471 358 nam
491 327 535 358 et
557 319 689 362 Siculi
713 320 756 361 in
780 335 831 362 eo
854 337 1023 378 genere,
1045 334 1087 365 ct
1121 324 1298 375 Rhodii,
1329 335 1372 365 et
1399 324 1619 380 Byzantii,
1636 334 1679 365 et
1700 338 1811 381 prae-

372 384 438 416 ter
458 385 638 429 ceteros,
656 377 794 420 Attici
810 379 1049 422 excellunt:
1074 381 1144 421 sed
1168 382 1239 436 qui
1264 382 1356 437 ejus
1376 381 1433 422 rei
1454 381 1661 422 rationem
1674 394 1810 437 quan·

372 431 472 473 dam
492 436 636 476 conati
659 445 758 476 sunt
779 446 1000 492 artemque
1019 438 1197 488 tradere,
1212 439 1272 479 sic
1295 438 1441 479 insulsi
1464 439 1740 489 exstiterunt,
1760 447 1810 479 ut

285 497 362 531 218
374 489 482 530 nihil
503 490 616 533 aliud
638 507 800 544 eorum,
824 494 904 534 nisi
927 495 1020 550 ipsa
1041 495 1269 546 insulsitas,
1292 495 1494 536 rideatur.
1537 495 1683 542 Quare
1700 495 1809 536 mihi

374 546 491 588 nullo
514 549 682 590 videtur
703 550 832 591 modo
866 551 1065 592 doctrin-21
1098 552 1179 593 ista
1209 567 1273 593 res
1305 567 1427 608 posse
1450 552 1574 593 tradit
1638 551 1810 593 Etenim

375 618 473 644 cum
511 605 597 647 duo
630 619 787 662 genera
827 607 913 648 sint
946 608 1213 662 facetiarum,
1240 608 1419 650 alterum
1462 609 1731 669 azquabiliter
1767 608 1813 649 in

242 669 272 701 P·
293 660 362 694 129.
375 662 492 702 omni
522 677 716 704 sermone
748 663 906 716 fusum,
937 666 1116 706 alterum
1145 676 1394 723 peracutum
1427 677 1470 708 et
1501 667 1653 708 breve:
1685 665 1758 708 illa
1778 674 1814 706 ‘a

332 713 361 733 ὃ·
377 720 590 760 veteribus
612 721 804 776 superior
825 722 1057 773 cavillatio,
1079 723 1174 764 haec
1196 723 1327 764 altera
1356 724 1563 766 dicacitas
1589 724 1813 765 nominata

373 786 452 817 est.
514 777 627 818 Leve
659 792 815 819 nomen
848 780 978 821 habet
997 779 1038 810 66
1051 792 1230 835 utraque
1264 795 1349 822 res:
1381 781 1666 838 quippeleve
1695 780 1814 821 enim

284 838 361 874 219
374 844 436 873 est
455 842 594 875 totum
619 834 715 886 hoc,
741 836 869 876 risum
903 850 1090 878 movere.
1154 837 1457 879 Verumtamen
1480 844 1549 890 (ut
1570 838 1693 889 dicis,
1721 836 1813 878 An-

374 891 484 941 toni)
520 891 702 932 multum
737 893 778 933 in
812 894 951 935 causis
986 908 1179 950 persaepe
1210 895 1353 951 lepore
1383 904 1427 936 et
1460 895 1627 936 facetiis
1656 895 1810 952 profici

372 947 474 988 vidi.
535 948 618 990 Sed
641 964 739 990 curn
770 950 813 991 in
834 950 905 991 illo
937 965 1092 1007 genere
1115 962 1332 1008 perpetuae
1356 952 1603 993 festivitatis
1632 967 1699 993 ars
1723 966 1810 994 non

369 1004 656 1048 desideretur:
688 1016 842 1048 natura
870 1008 985 1048 enim
1009 1007 1137 1065 fingit
1154 1008 1351 1049 homines
1372 1019 1414 1050 et
1435 1019 1553 1050 creat
1573 1009 1812 1050 imitatores

369 1072 412 1102 et
441 1073 681 1104 narratores
714 1064 893 1115 facetos,
915 1075 958 1106 et
992 1066 1111 1106 vultu
1146 1066 1392 1120 adjuvante,
1423 1077 1465 1107 et
1502 1080 1619 1116 voce,
1639 1075 1685 1107 et
1716 1067 1811 1123 ipso

371 1133 527 1174 genere
549 1122 781 1164 sermonis:
816 1132 906 1163 tum
930 1137 1030 1163 vero
1065 1124 1108 1163 in
1142 1123 1225 1164 hoc
1257 1124 1389 1164 altero
1420 1122 1678 1174 dicacitatis,
1708 1122 1812 1179 quid

371 1176 504 1218 habet
534 1193 599 1219 ars
630 1179 730 1230 loci,
763 1194 862 1220 cum
892 1190 991 1220 ante
1025 1180 1128 1221 illud
1148 1181 1188 1215 67
1203 1179 1388 1221 facetum
1421 1180 1587 1222 dictum
1608 1180 1812 1221 emissum

284 1238 362 1274 220
373 1233 535 1275 haerere
547 1236 716 1287 debeat,
733 1251 862 1292 quam
879 1237 1062 1294 cogitari
1085 1238 1274 1294 potuisse
1293 1238 1511 1280 videatur?
1562 1237 1680 1284 Quid
1696 1238 1812 1279 enim

373 1291 445 1332 hic
468 1306 586 1333 meus
610 1293 740 1334 frater
762 1295 816 1335 ab
839 1304 928 1335 arte
953 1295 1147 1349 adjuvari
1177 1294 1333 1351 potuit,
1356 1310 1454 1336 cum
1478 1310 1503 1336 a
1525 1294 1730 1352 Philippo
1751 1294 1820 1335 in-

372 1357 628 1406 terrogatus,
650 1351 753 1406 quid
785 1351 971 1403 latraret,
996 1351 1143 1393 Furem
1171 1367 1210 1394 se
1230 1352 1366 1394 videre
1386 1353 1632 1408 respondit?
1692 1352 1813 1399 Quid

371 1405 414 1446 in
433 1407 549 1447 omni
570 1409 764 1449 oratione
787 1408 965 1450 Crassus
987 1409 1055 1450 vel
1076 1410 1189 1465 apud
1212 1411 1504 1451 centumviros
1525 1418 1677 1451 contra
1695 1409 1813 1451 Scae-

370 1463 526 1515 volam,
540 1465 607 1506 vel
625 1475 776 1507 contra
793 1476 1086 1507 accusatorem
1111 1467 1308 1517 Brutum,
1330 1481 1427 1508 cum
1449 1481 1526 1522 pro
1550 1466 1633 1507 Cn.
1649 1466 1813 1508 Planco

368 1520 558 1563 diceret?
590 1523 703 1563 Nam
729 1524 785 1574 id,
817 1524 932 1578 quod
956 1533 1001 1564 tu
1024 1524 1131 1564 mihi
1157 1524 1325 1575 tribuis,
1348 1523 1530 1574 Antoni,
1553 1523 1710 1564 Crasso
1731 1533 1811 1576 est,

369 1579 563 1619 omnium
586 1581 811 1631 sententia,
834 1581 1173 1622 concedendum.
1228 1581 1329 1622 Non
1342 1582 1457 1622 enim
1473 1581 1562 1622 fere
1582 1581 1810 1636 quisquam

369 1636 618 1690 reperietur,
649 1648 807 1694 praeter
839 1638 968 1689 hunc,
1006 1639 1049 1679 in
1082 1648 1266 1694 utroque
1298 1652 1454 1694 genere
1487 1638 1642 1694 leporis
1671 1638 1814 1679 excel-

371 1691 475 1744 lens,
497 1703 540 1734 et
570 1694 657 1746 illo,
687 1696 852 1750 68quod
878 1696 920 1736 in
945 1696 1233 1752 perpetuitate
1265 1696 1488 1746 sermonis,
1509 1705 1552 1736 et
1573 1695 1674 1746 hoc,
1694 1695 1812 1750 quod

283 1749 415 1794 221in
438 1750 655 1792 celeritate
690 1762 818 1807 atque
850 1753 968 1794 dicto
1001 1763 1081 1795 est.
1144 1753 1259 1794 Nam
1292 1753 1387 1794 baec
1419 1759 1628 1809 perpetua
1661 1760 1814 1793 contra

371 1806 611 1849 Scaevolam
636 1809 825 1851 Curiana
845 1810 1054 1861 defensio,
1087 1819 1180 1851 tota
1199 1811 1454 1852 redundavit
1474 1810 1689 1851 hilaritate
1706 1824 1812 1864 qua-

369 1863 468 1905 dam
490 1875 533 1905 et
556 1865 688 1921 joco3
720 1867 837 1908 dicta
858 1867 929 1909 illa
960 1869 1213 1909 brevia‘non
1237 1868 1404 1908 habuit.
1465 1867 1812 1909 Parcebat-enim

369 1921 599 1964 adversarii
632 1924 861 1980 dignitati:
905 1926 945 1959 69
960 1926 1003 1966 in
1035 1941 1120 1981 quo
1154 1925 1245 1981 ipse
1282 1926 1480 1966 servabat
1508 1939 1655 1976 suam;
1696 1924 1814 1979 quod

369 1988 433 2018 est
456 1978 703 2022 hominibus
728 1982 877 2023 facetis
899 1992 943 2023 et
963 1983 1184 2024 dicacibus
1215 1983 1533 2034 difficillimum,
1555 1982 1713 2023 habere
1734 1981 1813 2022 ho-

370 2036 533 2077 minum
569 2039 777 2079 rationem
801 2049 844 2080 et
879 2049 1136 2096 temporum,
1165 2049 1208 2081 et
1239 2054 1304 2090 ea,
1324 2055 1422 2094 quae
1444 2047 1687 2090 occurrant,
1711 2052 1812 2080 cum

372 2093 600 2136 salsissime
620 2096 705 2137 dici
729 2097 909 2152 possint,
932 2107 1089 2138 tenere.
1151 2097 1304 2152 Itaque
1326 2096 1516 2138 nonnulli
1542 2095 1710 2137 ridiculi
1733 2095 1813 2136 ho-

283 2158 360 2193 222
374 2150 509 2191 mines
532 2152 614 2194 hoc
636 2154 776 2209 ipsum
799 2169 885 2194 non
918 2154 1074 2195 insulse
1096 2155 1445 2211 interpretantur.
1510 2153 1666 2195 Dicere
1694 2153 1812 2193 enim

373 2207 495 2248 aiunt
532 2208 741 2262 Ennium;
767 2211 987 2265 flammam
1018 2228 1042 2252 α
1071 2212 1250 2266 sapiente
1263 2210 1442 2268 facilius
1472 2225 1540 2252 ore
1570 2210 1615 2251 in
1647 2209 1815 2251 ardente

372 2265 559 2319 opprimi,
590 2281 712 2323 quam
745 2268 850 2309 bona
880 2267 992 2310 dicta
1021 2276 1182 2310 teneat:
1213 2269 1308 2310 haec
1335 2268 1499 2310 scilicet
1536 2269 1650 2309 bona
1677 2267 1810 2318 dicta,

411 2443 453 2474 66
474 2448 615 2484 utraque
626 2456 677 2475 res
691 2447 805 2486 quippe
817 2445 840 2485 ι]
866 2447 918 2476 Sic
932 2445 1004 2476 edd.
1018 2456 1068 2486 pr.
1111 2447 1218 2487 Supra
1237 2446 1357 2478 similia
1379 2447 1414 2478 in
1432 2445 1530 2478 verbo
1536 2444 1677 2486 factum
1697 2444 1814 2476 habui-

367 2484 622 2526 interpunguut‚
639 2498 706 2518 non
717 2494 791 2529 post
802 2499 864 2519 res.
893 2489 945 2519 Sic
957 2494 990 2519 et
1003 2489 1067 2519 Ms.
1112 2499 1195 2520 mus.

369 2527 409 2556 E.
446 2528 520 2558 Ald.
534 2536 569 2559 et
582 2530 690 2560 Junta
701 2532 869 2570 utrinque.
893 2531 997 2561 Vetus
1019 2531 1069 2561 in·
1153 2532 1194 2563 68
1215 2529 1437 2572 quod—quod]
1460 2528 1716 2568 Nihilinterest,
1727 2527 1815 2568 quod

367 2572 555 2609 terpunctio
575 2572 745 2602 servanda:
771 2578 828 2604 aut
847 2573 935 2603 enim
959 2573 1069 2604 delen·
1111 2573 1164 2604 hic
1178 2574 1278 2613 legas,
1293 2583 1335 2604 an
1345 2573 1411 2613 qm'.
1445 2571 1507 2602 Sed
1518 2572 1595 2611 quia
1607 2570 1679 2602 edd.
1693 2572 1811 2611 primo

367 2611 460 2648 dum,
476 2612 526 2642 vel
536 2613 569 2643 in
582 2615 682 2643 etiam
698 2615 906 2645 mutandum.
1105 2616 1174 2646 fere
1185 2616 1269 2656 quod
1279 2615 1415 2651 habent,
1427 2613 1513 2651 ideo,
1527 2613 1670 2654 praetuli.
1694 2613 1745 2644 W.
1756 2618 1809 2643 ta-

410 2654 449 2686 67
461 2653 615 2692 facetum
633 2656 772 2696 dictum]
790 2657 869 2687 Mss.
884 2657 1015 2696 quidam
1030 2662 1065 2688 et
1107 2667 1184 2688 men
1217 2658 1369 2693 fluctuat,
1405 2656 1550 2696 primum
1586 2656 1654 2696 qui,
1689 2653 1808 2686 deinde

368 2694 440 2725 edd.
457 2695 619 2726 Francicae
634 2697 757 2728 habent
763 2697 891 2738 facete,
902 2705 939 2729 ut
953 2705 987 2730 et
1001 2700 1063 2730 Ms.
1106 2700 1192 2739 quod
1201 2699 1369 2736 exhibens,
1383 2704 1422 2727 ut
1438 2697 1503 2728 Ms.
1522 2698 1560 2728 E.
1755 2737 1763 2744 .

367 2736 407 2766 E.
424 2737 510 2776 quod
522 2743 572 2768 est
591 2748 668 2769 sane
691 2740 886 2779 elegantius,
902 2746 937 2771 et
957 2741 1003 2771 sic
1017 2742 1064 2771 di.
1149 2742 1190 2776 69
1210 2742 1246 2772 in
1267 2751 1327 2781 quo
1357 2739 1438 2780 ipse]
1463 2740 1517 2770 Sic
1542 2743 1630 2770 recte
1655 2737 1806 2769 Pearclufi

367 2789 440 2809 cam
453 2780 538 2820 ipse:
555 2780 611 2810 sed
625 2781 964 2813 mihihaeccorrectio
978 2783 1066 2814 vide·
1107 2783 1209 2814 edidit
1231 2793 1290 2823 pro
1313 2783 1448 2822 vulgato
1471 2782 1551 2822 ipso,
1574 2780 1662 2820 quod
1682 2780 1724 2810 ab
1748 2780 1810 2810 As·

365 2825 432 2851 tur.
477 2821 634 2852 Facetum
657 2822 779 2853 dictum
805 2824 867 2854 dici
890 2830 1012 2864 potest,
1025 2832 1066 2857 ut
1107 2826 1217 2856 censio
1230 2829 1265 2857 et
1276 2824 1362 2857 Aldo
1374 2829 1438 2856 est.
1449 2860 1451 2863 Α
1461 2823 1537 2865 lpee
1549 2824 1652 2855 etiam
1666 2821 1732 2853 Ms-
1748 2830 1808 2852 no·

366 2863 484 2893 bonum
509 2864 645 2901 dictum,
668 2865 766 2902 infra,
790 2866 899 2896 brema
919 2867 1007 2897 dicta
1031 2872 1066 2899 et
1107 2873 1187 2899 ster.

366 2904 485 2938 similia
498 2916 538 2938 ex
552 2907 729 2946 antiquiori
741 2908 865 2938 ratione
876 2908 1064 2940 latinitatis.
