1945 3235
323 160 401 195 346

846 156 925 201 DE
956 155 1244 196 ORATORE

321 261 455 304 dicat.-
485 260 759 303 9⁷ridic111u1n
782 271 865 304 est:
898 271 941 302 ct
964 271 1189 315 utrumque
1214 275 1267 302 ex
1293 274 1359 310 eo,
1387 257 1501 313 quod
1529 257 1570 299 in
1592 256 1752 300 claudi-

321 320 492 360 catione
521 319 801 360 animadverti
836 319 991 374 potuit,
1019 329 1082 359 est
1116 319 1308 359 (luctum.

1371 315 1486 361 Quid
1513 314 1584 357 lzoc
1605 314 1752 361 ,Naevio

323 375 540 431 ignavius?
569 391 712 417 severe
735 377 901 432 Scipio:
935 387 979 417 ut
1014 377 1053 417 in
1086 375 1193 416 male
1222 375 1422 424 olentem,
1449 371 1573 414 Video
1593 386 1653 414 me
1672 375 1752 413 98α

324 439 363 474 te
381 433 676 483 circumveniri,
699 432 955 474 subridicule
981 433 1220 488 Philippus,

233 488 312 522 250
323 491 514 531 continet
535 490 651 531 verbi
671 491 723 531 ad
743 490 925 531 litteram
948 490 1159 531 immutati
1180 488 1428 529 similitudo.
1460 486 1527 528 Ex
1547 486 1753 543 ambiguo

1279 430 1340 471 At
1369 441 1595 484 utrumque
1617 442 1752 484 genus

294 544 452 598 'dicta‚
484 547 548 588 vel
581 548 853 602 argutissima
887 556 1103 602 putantur,
1135 547 1204 587 sed
1244 560 1328 586 non
1366 559 1532 600 semper
1561 544 1602 584 in
1629 543 1751 607 joco,

320 619 435 660 saepe
470 605 599 645 etium
639 606 680 644 in
713 605 923 659 gravitate
957 613 1189 644 versantur.

1249 602 1455 643 Africano
1489 600 1547 642 illi
1583 614 1752 654 majori,

318 676 523 702 coronam
555 662 633 701 sibi
665 661 705 701 iu
737 661 937 701 convivio
968 661 1021 701 ad
1043 670 1172 715 caput
1193 659 1552 708 accommodanti,
1582 671 1679 699 cum
1701 671 1753 699 ea

320 719 474 774 saepius
498 728 779 773 rumperetur,
812 717 861 758 P.
888 717 1077 758 Licinius
1103 717 1251 766 Varus,
1284 715 1386 757 Noli
1406 715 1564 766 mirari,
1595 714 1750 768 inquit,

316 775 351 815 si
372 790 451 816 uon
473 775 670 816 convenit.
692 782 812 828 capue
841 775 945 815 euim
978 789 1168 830 magnum
1200 780 1275 814 est.-
1306 773 1530 823 laudabile,
1552 780 1596 812 et
1618 770 1751 812 hone-

320 842 449 873 stum.
507 832 566 872 At
588 846 640 872 ex
663 832 813 872 eodeni
835 846 989 887 genere
1011 842 1097 872 est:
1134 829 1284 872 Calvus
1303 830 1400 870 satis
1421 837 1497 879 est;
1527 827 1636 884 quod
1651 827 1752 869 dicit

315 903 477 942 parum.
539 889 606 930 Ne
628 890 784 929 multa:
818 889 977 929 nullum
1011 903 1145 944 genus
1174 897 1236 927 est
1253 887 1361 942 joci,
1383 901 1467 941 quo
1496 900 1579 927 non
1603 900 1657 927 ex
1679 899 1752 925 eo-

231 948 304 982 251
321 946 415 986 dem
439 960 584 987 severa
605 955 648 986 et
669 946 817 1001 gravia
838 955 1073 986 sumantur.
1131 944 1275 999 Atque
1297 944 1378 986 hoc
1400 943 1529 984 etiam
1558 941 1751 986 animad-

323 1004 585 1053 vertendum,
619 1017 702 1043 non
736 1017 826 1043 esse
857 1002 1002 1048 onmia
1040 1001 1231 1051 ridicula,
1263 1000 1416 1042 faceta.

1476 999 1594 1047 Quid
1634 999 1749 1042 enim

321 1070 463 1115 potest
484 1075 574 1101 esse
595 1072 681 1100 tam
705 1059 946 1109 ridiculum,
968 1074 1096 1114 quam
1120 1057 1280 1099 Sannio
1302 1061 1393 1099 est?
1444 1057 1526 1098 Sed
1549 1069 1635 1108 ore,
1659 1056 1750 1097 vul-

322 1126 382 1166 tu,
414 1117 631 1158 imitandis
665 1117 869 1167 moribus,
903 1131 1021 1167 voce,
1048 1117 1231 1171 <lenique
1254 1115 1402 1171 99ipso
1430 1128 1608 1170 corpore
1639 1113 1764 1154 ride--v

322 1184 404 1214 tUl'.

463 1177 519 1205 ¹00
533 1175 697 1215 Salsum
718 1174 831 1215 hunc
857 1189 1024 1230 possum
1046 1174 1201 1224 dicere,
1223 1184 1350 1227 atque
1367 1173 1442 1222 ita,
1464 1186 1549 1212 non
1572 1180 1619 1212 ut
1635 1172 1750 1225 ejus-

238 1222 305 1276 62
323 1231 438 1272 modi
460 1241 671 1273 oratorem
694 1246 784 1272 esse
808 1231 948 1282 veliin,
979 1231 1050 1272 sed
1076 1241 1120 1271 ut
1142 1231 1336 1271 mimum.
1397 1229 1543 1276 Quare
1563 1227 1746 1284 primum

321 1302 456 1343 genus
470 1288 566 1339 hoc,
582 1289 697 1344 quod
716 1290 842 1329 risum
860 1289 924 1329 vel
940 1289 1125 1334 maxime
1140 1297 1296 1337 movet,
1324 1290 1335 1317 1
1352 1301 1436 1327 non
1450 1295 1515 1326 est
1528 1295 1719 1327 nostrum
1737 1300 1748 1326 ε

319 1360 552 1395 morosum,
575 1346 932 1401 superstitiosum,
955 1345 1252 1401 suspiciosum,
1273 1343 1521 1399 gloriosum,
1543 1341 1765 1393 stultum;,

319 1413 483 1443 naturae
506 1403 696 1444 ridentur
719 1403 848 1458 ipsae:
879 1418 983 1458 quas
1007 1417 1206 1458 personas
1230 1401 1425 1457 Qagitare
1447 1399 1646 1450 solemus,
1663 1413 1750 1440 non

318 1461 546 1501 sustinere:
578 1461 754 1500 alterum
789 1475 922 1515 genus
952 1470 1016 1500 est
1049 1459 1288 1500 imitatione
1325 1458 1554 1499 admodum
1592 1456 1751 1498 ridicu-

317 1516 420 1567 lum,
451 1517 523 1558 sed
553 1517 678 1559 nobis
700 1527 865 1559 tantuin
889 1518 988 1558 licet
1017 1516 1179 1566 furtim,
1210 1516 1242 1556 si
1276 1515 1462 1570 quando,
1492 1523 1536 1555 et
1567 1513 1748 1564 cursim;

227 1575 335 1610 2523
358 1574 480 1614 aliter
508 1574 621 1615 enim
645 1575 821 1615 minime
842 1584 907 1616 est
930 1573 1123 1615 liberale:
1157 1573 1344 1622 tertium,
1374 1572 1459 1612 oris
1481 1570 1747 1627 depravatio,

316 1645 402 1672 non
423 1631 555 1687 digna
576 1632 725 1673 nobis:
757 1642 971 1686 quartum,
990 1630 1261 1681 obscaenitas,
1282 1644 1366 1670 non
1386 1629 1523 1669 solum
1542 1642 1628 1672 non
1652 1627 1746 1669 foro

314 1687 460 1743 digna,
492 1689 562 1729 sed
599 1689 671 1730 vix
700 1689 929 1730 4convivio
963 1689 1207 1729 liberorum.

1270 1686 1486 1728 Detractis
1518 1685 1651 1742 igitur
1680 1692 1746 1725 tot

314 1746 439 1786 rebus
471 1759 524 1786 ex
549 1745 630 1786 hoc
662 1746 849 1787 oratorio
879 1746 988 1797 loco,
1020 1745 1186 1786 facetiae
1210 1744 1382 1799 reliquae
1406 1751 1518 1793 sunt,
1549 1757 1648 1798 quae
1669 1749 1745 1782 aut

314 1801 355 1842 in
391 1817 449 1853 re,
483 1812 529 1843 ut
554 1812 653 1844 ante
684 1803 825 1853 divisi,
859 1803 1008 1858 positae

1048 1803 1245 1855 videntur
1279 1815 1384 1851 esse,
1414 1812 1488 1841 aut
1521 1814 1564 1840 in
1599 1799 1767 1841 verbo..

314 1858 429 1900 Nam
466 1860 596 1915 quod,
625 1861 968 1918 quibuscumque
1001 1860 1139 1901 verbis
1173 1859 1348 1908 dixeris,
1378 1857 1564 1899 facetum
1601 1865 1745 1899 tamen

353 2025 392 2056 97
418 2022 473 2052 hoc
497 2023 675 2053 ridiculum
705 2023 765 2063 est]
798 2023 910 2054 Delevi
939 2025 1005 2054 hoc.

311 2064 483 2093 manifesto
498 2065 556 2094 sibi
573 2066 786 2105 respondent:
806 2068 1007 2106 proeelarum.

312 2110 343 2134 et,
363 2115 469 2142 grave
494 2112 561 2137 est.-
582 2108 665 2147 quod
692 2107 726 2138 C.
748 2109 787 2139 G.
803 2109 1006 2138 cl.—ridae'ca-

313 2148 381 2177 lum
397 2152 453 2178 est.

355 2192 395 2223 98
417 2200 439 2219 a
455 2195 486 2220 te
501 2191 742 2230 circumvenirz]
767 2191 915 2222 pean-ins
931 2203 1004 2223 vum

313 2232 481 2271 Stephano
495 2238 529 2262 et
542 2233 655 2263 Lamb.
669 2246 675 2262 2
699 2244 720 2263 (ι
742 2239 772 2263 te
786 2244 847 2263 non
862 2236 1006 2264 eonveni-

313 2275 357 2309 τέ,
379 2275 434 2304 sed
455 2276 531 2305 circ.
575 2275 637 2305 Sed
659 2275 774 2306 Lami).
798 2276 921 2306 fatetur
943 2277 971 2306 id
988 2287 1007 2307 a

313 2316 378 2345 suis
406 2316 485 2346 Mss.
515 2317 663 2347 abfuisse.
709 2318 820 2348 Potest
845 2318 1003 2357 intelligi:

313 2358 398 2388 unde
414 2359 449 2388 fit
467 2360 595 2390 acutius
608 2359 719 2390 etiam.
764 2360 826 2390 Pro
849 2371 900 2396 eo,
920 2361 1006 2400 quod

312 2399 450 2430 debebat
466 2401 583 2437 ‹lic-ere,
604 2402 695 2431 video
709 2413 759 2432 me
780 2413 800 2432 ct
817 2407 846 2432 te
861 2405 1006 2433 conveni·

313 2443 356 2478 ri,
371 2442 454 2472 dixit
468 2444 696 2473 circumveniri
706 2457 714 2472 .·
730 2445 814 2483 quod
825 2451 874 2475 est
890 2445 1006 2482 ridicu?

313 2483 380 2514 ΙΙΙῙΠ
398 2486 480 2527 Ταξὲ
495 2484 675 2528 τξοσδθκίαν.

354 2530 394 2559 99
417 2529 482 2566 ipso
496 2538 625 2567 corpore
638 2528 781 2567 ridetur]
799 2529 852 2558 Sic
867 2528 938 2559 edd.
955 2539 1002 2569 pr.

312 2568 389 2598 item
406 2569 468 2599 Ms.
487 2570 525 2600 E.
562 2569 662 2600 Aldus
675 2580 809 2609 εονρτννεἣ
818 2571 944 2600 ridetur
958 2573 1004 2611 ip-

310 2620 360 2641 so:
383 2612 468 2649 quod
493 2613 524 2642 in
554 2612 702 2642 oratione
729 2613 817 2650 gravi
845 2614 1005 2643 efficacius

311 2651 408 2687 foret.
453 2654 515 2683 Sed
530 2653 560 2683 id
575 2653 606 2683 h.
624 2654 646 2683 l.
664 2663 728 2683 non
746 2655 864 2691 agitur.
908 2656 1005 2685 Secus

311 2699 361 2723 est
376 2705 467 2724 mox:
493 2700 621 2725 natura>
640 2692 792 2726 ridentur
811 2698 904 2736 ipsoe:
927 2707 1003 2728 nam

312 2735 355 2765 ibi
369 2742 419 2766 est
434 2737 466 2766 in
483 2737 741 2777 reprehensione.

357 2781 415 2808 100
433 2779 564 2809 Salsum
581 2781 666 2809 hunc
675 2789 806 2818 possum
819 2780 938 2812 dicere:
955 2784 1006 2810 at-

310 2829 371 2858 que
397 2820 461 2860 ita]
486 2820 569 2852 Edd.
596 2830 645 2860 pr.
667 2829 702 2850 et
728 2821 792 2852 Ms.
819 2821 859 2852 E.
883 2821 1006 2852 habent

304 2871 429 2900 possem
441 2875 450 2891 .·
472 2862 584 2894 malim
599 2863 727 2901 possim.
771 2863 850 2894 Mox
865 2864 1006 2894 scriben-

310 2902 388 2934 dum
415 2909 509 2944 puto,
533 2909 569 2935 at
592 2906 651 2941 itu,
676 2915 734 2944 pro
757 2910 854 2946 atque
866 2907 934 2936 ita.-
956 2911 1007 2936 est

1049 2023 1137 2052 enim
1155 2022 1242 2061 quasi
1260 2022 1430 2058 correctio,
1451 2020 1502 2050 vel
1517 2019 1690 2061 explicatio
1705 2030 1743 2050 ac

1050 2064 1239 2102 distinoti03
1263 2064 1317 2093 ubi
1339 2073 1405 2094 non
1429 2063 1549 2093 dicitur
1569 2066 1667 2102 atque
1679 2062 1742 2099 ita,

1051 2117 1162 2136 verum
1177 2111 1225 2142 at,
1242 2106 1290 2135 vel
1305 2106 1361 2136 sed
1372 2107 1432 2136 ita.
1447 2105 1499 2136 hic
1513 2105 1595 2135 dixit
1603 2108 1652 2141 at,
1668 2103 1744 2143 quia

1048 2150 1161 2179 statim
1176 2149 1322 2187 sequitur
1335 2148 1401 2179 sed.

1096 2194 1106 2220 l
1134 2200 1195 2219 mm
1209 2195 1255 2220 est
1269 2189 1429 2229 nostrum]
1446 2198 1489 2223 sc,
1506 2192 1687 2224 oratorum,
1704 2186 1742 2218 de

1050 2233 1166 2271 quihus
1181 2233 1233 2263 hic
1254 2233 1401 2263 dicimus.
1446 2231 1673 2270 lutei-punctio
1689 2230 1742 2260 hie

1049 2276 1082 2305 in
1099 2275 1238 2314 vulgatis
1253 2284 1319 2304 non
1334 2274 1415 2304 bene
1430 2273 1540 2304 habet.

1090 2319 1109 2348 2
1130 2318 1367 2355 agitare—non
1393 2315 1563 2354 sustinere]
1596 2315 1741 2353 agitare,

1049 2360 1113 2389 ἷκε.
1131 2359 1244 2395 ridere,
1261 2368 1392 2396 vexare;
1409 2358 1494 2398 quod
1508 2357 1614 2389 fertur
1624 2357 1658 2386 in
1667 2365 1739 2386 ora·

1048 2407 1131 2437 tore,
1149 2411 1213 2432 non
1235 2402 1408 2433 metinere,·
1433 2409 1509 2431 nam
1525 2399 1586 2429 hoc
1607 2403 1658 2428 est
1678 2397 1741 2427 mi-

1049 2453 1192 2480 morum,
1220 2443 1274 2482 qui
1303 2442 1458 2473 dicuntur
1482 2450 1652 2482 personam
1681 2439 1740 2470 ali-

1047 2496 1143 2525 quam
1159 2486 1328 2515 sustinere.
1614 2506 1617 2509 .

1089 2530 1107 2558 3
1125 2529 1223 2558 aliter
1250 2528 1336 2557 enim
1361 2531 1408 2557 est
1434 2535 1477 2555 m.
1505 2524 1544 2564 l.]
1578 2525 1631 2555 Sic
1656 2525 1738 2555 bene

1048 2569 1211 2600 Pearcius:
1230 2569 1289 2599 nisi
1300 2569 1386 2608 quod
1396 2569 1482 2598 enim
1493 2571 1602 2607 posset
1616 2567 1736 2599 abesse.

1047 2612 1108 2641 Sed
1125 2612 1221 2650 vulgo
1235 2613 1378 2641 alterum
1392 2614 1438 2640 est
1453 2613 1510 2639 &1:-
1526 2608 1622 2639 male.
1649 2609 1736 2640 Nam

1047 2655 1188 2684 alterum
1207 2655 1278 2693 jam
1300 2657 1377 2683 ante
1401 2652 1542 2692 positum
1562 2656 1625 2688 est,
1641 2655 1674 2682 et
1687 2659 1736 2681 se-

1047 2697 1159 2734 quitur
1173 2706 1247 2725 mox
1261 2696 1405 2729 tertium.

1090 2741 1110 2768 4
1132 2738 1271 2768 convivio
1298 2734 1496 2774 liberorum]

1048 2779 1230 2810 delendum.
1273 2779 1436 2818 Quorsum
1463 2777 1551 2808 enim
1583 2776 1736 2807 additur?

1047 2822 1096 2851 An
1121 2822 1159 2852 de
1183 2822 1330 2851 convivio
1347 2829 1512 2851 servorum
1537 2819 1571 2849 in
1592 2822 1738 2849 mentem

1048 2864 1098 2893 cui
1114 2863 1222 2894 venire
1236 2863 1362 2903 potest?
1393 2862 1534 2892 Convivii
1548 2862 1637 2892 dicta
1655 2865 1739 2891 -nota

1047 2911 1126 2937 sunt
1138 2916 1157 2937 e
1169 2906 1337 2937 Cicerone.
1365 2904 1426 2936 Est
1439 2904 1556 2945 glossa.

1543 2734 1738 2765 Liberorum
