1914 3220
289 157 342 198 lix¹
805 156 1203 200 PRAEFATIO.

290 263 523 319 reperimus
556 262 741 305 inlibris
769 264 821 305 ad
858 264 1113 305 Herennium
1148 277 1275 319 saepe,
1308 261 1439 304 etiam
1479 261 1728 320 plerumque
1790 284 1810 302 ⁷.

291 332 412 382 benc,
434 332 650 373 discedere
673 348 697 372 a
721 333 985 388 superiorum
1009 331 1321 387 exemplorum,
1346 339 1392 371 ut
1427 329 1728 373 Mediolanen-

287 399 359 449 sis,
376 399 575 451 lectione,
600 399 729 441 libros
753 409 896 441 autem
915 399 963 440 de
984 400 1225 440 Inventione
1244 413 1376 455 prope
1396 399 1446 440 ad
1468 399 1645 440 verbum
1669 414 1725 441 ex

286 482 336 508 ea
366 467 519 509 ductos
550 482 655 509 esse.
719 467 769 508 Ei
802 468 980 508 editioni
1014 467 1190 523 przufuit
1223 466 1473 507 Laurentius
1506 465 1728 508 Romuleus

288 534 576 577 Florentinus.
637 535 794 576 Aldina
817 544 975 586 autem,
999 535 1108 576 sicut
1132 546 1174 577 ct
1198 536 1238 576 in
1263 535 1414 576 ceteris
1438 535 1556 575 libris
1581 534 1728 576 rheto-

286 603 400 654 ricis,
436 603 542 644 adeo
579 603 723 643 multis
756 603 860 644 locis
893 602 1095 645 lectiones
1136 611 1234 644 autc
1267 604 1460 655 usitatas,
1492 616 1606 658 saepe
1638 616 1726 643 non

289 672 413 720 benc,
437 670 636 721 mutavit,
660 680 707 710 ut
729 670 800 711 hic
833 671 1004 727 proprie
1035 671 1135 711 nori
1171 680 1314 712 textus
1337 671 1583 727 exemplum
1607 684 1729 727 repe-

284 739 430 789 riatur,
463 738 577 793 quod
609 738 763 779 deinde
796 749 969 794 propter
1000 739 1302 780 auctoritatem
1335 740 1522 780 officina:
1553 739 1724 782 Aldinae

284 821 361 862 pro
386 805 475 846 basi
500 804 582 846 fuit
604 805 670 855 iis,
687 806 759 861 qui
778 805 855 846 lios
875 806 1006 847 libros
1028 806 1091 848 vel
1112 807 1356 863 separatim,
1376 807 1440 848 vel
1456 807 1566 848 iuter
1579 816 1726 851 cetera

285 873 508 914 Ciceronis
531 888 675 930 opera,
700 873 856 914 vellent
874 874 1012 915 edere.

341 941 472 982 Haud
497 941 639 998 paullo
673 941 892 992 libentius,
915 950 1058 996 atque,
1082 950 1129 981 ut
1160 955 1394 997 speramus,
1417 942 1549 983 etiam
1572 942 1724 989 utilius,

281 1017 326 1050 et
346 1009 527 1059 felicius,
551 1008 840 1049 laboravimus
864 1009 908 1049 in
931 1008 1050 1049 libris
1073 1009 1250 1050 ceteris:
1285 1010 1471 1065 primum
1491 1010 1534 1052 in
1558 1011 1624 1062 iis,
1646 1011 1722 1067 qui

284 1086 384 1118 sunt
405 1076 453 1118 cle
477 1076 667 1127 Oratore,
690 1086 734 1117 et
764 1077 897 1118 altero
920 1077 994 1132 qui
1030 1075 1185 1118 Orator
1218 1076 1481 1119 inscribitur.
1541 1078 1657 1121 Nam
1683 1088 1728 1121 et

282 1145 376 1201 plus
400 1154 505 1196 erat,
524 1145 640 1201 quod
663 1144 707 1186 in
740 1144 791 1186 iis
824 1154 1038 1201 ageretur,
1071 1152 1114 1184 et
1148 1144 1287 1185 nullus
1318 1144 1439 1186 labor
1472 1154 1614 1202 potest
1635 1161 1731 1188 esse

285 1222 445 1263 tantm,
467 1213 540 1269 qui
563 1222 638 1254 aut
671 1227 758 1254 non
798 1214 906 1254 bene
941 1213 1176 1254 collocatus
1207 1212 1262 1253 sit
1296 1213 1338 1253 in
1373 1213 1465 1254 istis
1497 1213 1633 1266 libris,
1655 1222 1730 1256 aut

283 1296 370 1323 non
394 1281 615 1337 jucundus
638 1295 729 1322 esse
750 1281 906 1323 debeat
934 1290 1062 1336 atque
1085 1280 1191 1322 adeo
1216 1281 1270 1321 sit
1304 1281 1357 1332 ei,
1380 1282 1453 1337 qui
1488 1281 1566 1323 hos
1597 1282 1730 1325 libros

282 1350 499 1406 cognorit,
522 1364 630 1405 quos
659 1349 768 1390 iuter
798 1349 1112 1406 perfectissima
1141 1349 1244 1389 artis
1269 1348 1567 1393 Ciceronianae
1597 1365 1730 1407 opera

274 1419 374 1474 jure
398 1432 474 1459 suo
494 1432 782 1459 numeramus.
845 1417 985 1459 Nobis
1009 1426 1152 1458 autem
1184 1417 1253 1457 ille
1276 1417 1398 1458 labor
1419 1418 1550 1460 etiam
1571 1418 1653 1460 hac
1674 1419 1731 1461 de

280 1501 431 1528 caussa
455 1485 675 1542 jucundus
702 1485 797 1537 fuit,
819 1486 935 1541 quod
966 1485 1009 1526 in
1042 1485 1094 1526 iis
1128 1484 1250 1541 plura
1270 1486 1447 1542 egregia
1476 1486 1729 1542 adjumenta

279 1555 570 1612 contigerant,
613 1570 741 1610 quam
785 1554 938 1596 ceteris
978 1553 1362 1595 animadvertimus
1406 1555 1726 1611 suppeditasse:

279 1638 377 1678 quae
401 1623 527 1664 nobis
549 1636 600 1664 eo
624 1623 815 1679 gratiora
836 1636 1005 1674 venere,
1027 1621 1144 1677 quod
1175 1622 1250 1663 vix
1275 1621 1346 1663 alii
1371 1621 1596 1664 Ciceronis
1626 1622 1727 1664 libri

278 1691 417 1747 magis
441 1690 634 1732 criticam
663 1704 837 1746 operam
861 1690 987 1731 nobis
1008 1690 1264 1731 videbantur
1283 1690 1538 1732 desiderare.

339 1758 535 1799 Primum
553 1758 724 1799 oblatus
746 1768 811 1799 est
833 1758 958 1799 nobis
981 1757 1088 1799 liber
1111 1759 1295 1815 scriptus
1310 1759 1452 1814 operis
1468 1758 1517 1799 de
1533 1756 1726 1815 Oratore,

281 1836 328 1866 ut
351 1827 539 1882 primum
562 1826 790 1867 consilium
814 1836 1005 1867 nostrum
1031 1826 1084 1867 de
1114 1841 1228 1867 nova
1259 1826 1450 1867 editione
1474 1826 1727 1868 Ciceronia-

279 1909 433 1936 norum
456 1894 663 1935 librorum
686 1893 953 1950 patefactum
984 1902 1062 1945 est,
1086 1894 1159 1949 qui
1192 1894 1236 1935 in
1268 1893 1591 1935 Bibliothecam
1612 1892 1726 1935 Aca·

280 1962 434 2004 demiae
460 1961 735 2018 Erlangensis
757 1976 781 2003 e
803 1962 1066 2003 monasterio
1088 1961 1431 2004 Heilbronnensi
1456 1962 1587 2004 venit.
1634 1961 1729 2004 Au-

276 2040 373 2071 ctor
397 2029 595 2070 beneficii
622 2029 707 2071 fuit
727 2029 944 2071 Harlesias
969 2029 1021 2070 V.
1041 2029 1093 2070 C.
1116 2029 1336 2070 literarum
1354 2029 1658 2071 humaniorum
1681 2030 1727 2071 in

280 2097 351 2138 illa
371 2096 609 2138 Academia
633 2096 858 2139 Professor
880 2097 1211 2148 eruditissimus,
1233 2097 1306 2152 qui
1330 2097 1457 2145 nobis
1484 2111 1610 2138 usum
1631 2097 1727 2153 ejus

277 2165 542 2221 impetravit.
605 2164 683 2206 Est
705 2174 848 2207 autem
874 2164 1026 2206 Codex
1060 2164 1129 2206 ille
1159 2165 1343 2221 scriptus
1367 2164 1510 2207 seculo
1541 2165 1727 2208 decimo.

281 2231 408 2293 Clara
430 2247 494 2273 res
526 2240 591 2273 est
622 2247 709 2274 non
742 2232 872 2274 modo
904 2247 927 2273 e
958 2232 1184 2289 scriptura,
1219 2232 1290 2273 sed
1323 2233 1454 2274 etiam
1484 2247 1508 2273 e
1539 2232 1728 2274 subseri-

279 2301 429 2356 ptione
459 2300 657 2343 Codicis:
696 2299 934 2342 Venerando
971 2298 1173 2342 Gerberto
1206 2299 1375 2345 Abbate
1398 2299 1728 2356 philosophante,

278 2384 370 2410 suus
383 2368 550 2423 placens
567 2368 785 2425 Ayrardus
804 2368 978 2424 scripsit.
1039 2368 1154 2409 Nam
1176 2367 1248 2410 hic
1272 2377 1336 2409 est
1353 2366 1579 2410 Gerbertus
1595 2367 1728 2410 Otto-

278 2437 345 2478 nis
369 2435 458 2478 ΙΙΙ,
490 2437 697 2492 magister
718 2436 1040 2493 intelligenduS,
1065 2444 1109 2477 et
1131 2435 1350 2492 Ayrardus
1379 2435 1618 2478 monachus
1640 2435 1727 2490 ille,

279 2504 331 2546 ad
364 2519 492 2560 quem
519 2503 714 2546 Gerberti
746 2513 867 2546 extat
901 2504 1098 2561 epistola,
1121 2504 1232 2545 inter
1263 2503 1544 2545 Gerbertinas
1580 2518 1615 2545 s.
1639 2502 1726 2545 Sil-

276 2573 398 2614 vestri
422 2571 493 2613 II.
527 2570 696 2628 Pontis.
719 2571 786 2613 Μ.
818 2571 888 2626 (Τ.
915 2571 976 2612 ΙΙ.
999 2572 1166 2628 scriptt.
1201 2571 1314 2612 Gall.
1348 2571 1634 2623 Quercetani)
1659 2585 1726 2612 se-

276 2640 437 2696 ptima:
472 2640 515 2681 in
537 2655 623 2696 qua
644 2649 821 2697 rogatur
843 2655 869 2681 a
888 2638 1105 2688 Gerberto,
1120 2648 1168 2680 ut
1191 2637 1383 2680 Plinium
1401 2639 1721 2680 emendandum

275 2718 396 2750 curet
425 2710 505 2750 διο.
538 2709 659 2764 isque
691 2709 799 2750 adeo
829 2708 938 2749 liber
969 2708 1152 2763 scriptus
1191 2719 1256 2748 est
1289 2708 1343 2748 ab
1376 2706 1586 2763 Ayrardo,
1618 2721 1720 2749 cum

276 2774 499 2818 Gerbertus
540 2776 682 2818 adhuc
722 2775 909 2817 Abbatis
951 2775 1179 2816 Bobiensis
1217 2788 1393 2816 munere
1435 2773 1714 2831 fungebatur.

277 2844 446 2901 Agebat
474 2853 618 2887 autem
651 2844 736 2887 hoc
760 2842 985 2888 Gerbertus
1008 2842 1251 2900 diligenter,
1275 2842 1317 2886 id
1339 2842 1455 2900 quod
1486 2857 1540 2884 ex
1574 2842 1722 2886 multis
