1945 3235
668 143 951 184 ORATOR.
1459 147 1534 184 553

91 257 276 301 secutus,
298 248 454 304 quibus
477 248 606 291 etiam
630 249 674 292 in
698 249 893 292 oratione
915 256 1147 296 uteremur,
1169 262 1267 289 cum
1284 247 1537 304 jucundita-

89 307 144 348 tis
166 322 308 357 causa,
331 317 424 348 tum
445 316 492 348 ut
515 307 696 348 varietas
718 314 959 348 occurrelet
982 304 1185 344 satietati.
1239 307 1368 351 Quod
1391 307 1445 347 ab
1469 307 1534 347 his
1551 315 1624 355 175

89 377 190 404 vere
211 365 397 420 quadam
418 379 472 405 ex
496 374 630 428 parte,
653 379 740 406 non
763 373 919 412 totum,
941 362 1114 402 dicitur.
1176 361 1289 402 Nam
1320 364 1536 404 neminem

92 420 137 462 in
160 435 211 463 eo
234 436 389 478 genere
420 422 623 463 scientius
646 430 860 462 versatum
895 419 1099 470 Isocrate,
1122 418 1416 460 confitendum
1448 431 1537 463 est:

92 479 165 520 sed
206 480 405 536 princeps
440 479 685 520 inveniendi
721 478 804 518 fuit
835 476 1001 533 Thras)
1007 477 1209 527 machus
1240 475 1364 530 cujus
1394 479 1540 519 omnia

91 536 220 577 nimis
262 537 392 577 etiam
426 545 600 576 exstant
641 535 802 591 scripta
835 549 1073 575 numerose.
1138 509 1265 582 Nalm,
1305 542 1352 573 ut
1395 535 1538 588 paullo

92 603 192 634 ante
213 594 321 645 dixi,
344 594 459 658 paria
483 593 657 648 paribus
679 593 900 647 adjuncta,
919 603 963 633 et
986 591 1182 633 similiter
1199 590 1392 641 definita,
1413 591 1539 631 item-

91 665 176 706 que
197 651 422 692 contrariis
454 649 585 690 relata
605 650 835 700 contraria,
867 665 964 705 quae
996 665 1072 690 sua
1103 658 1270 705 sponte,
1293 658 1348 689 eti
1355 662 1462 689 111151
1494 649 1537 690 id

90 722 179 749 non
201 722 318 763 agas,
340 707 501 748 cadunt
523 707 774 772 plerumque
800 722 1042 758 numerose,
1067 706 1255 762 Gorgias
1279 706 1441 762 primus
1474 706 1539 747 in-

91 765 234 806 venit:
266 764 338 805 sed
363 764 427 805 his
450 773 515 805 est
537 780 636 806 usus
664 765 1035 821 intempeimantius
1058 764 1101 804 id
1124 774 1267 805 autem
1291 774 1356 803 est
1387 778 1538 819 genus,

89 832 139 863 ut
159 831 259 863 ante
279 822 445 863 dictum
467 832 547 873 est,
568 837 622 863 ex
647 823 783 864 tribus
808 823 1000 878 partibus
1023 821 1319 863 collocationis
1341 820 1563 863 alterum.

92 879 265 921 Horum
288 890 467 934 uterque
492 879 725 921 Isocratem
749 889 878 921 aetate
902 879 1151 936 praecurrit:
1184 888 1232 919 ut
1255 893 1327 919 eos
1352 878 1420 919 ille
1445 894 1538 920 mo-
1553 886 1626 925 176

91 936 327 988 delatione,
350 952 442 978 11011
459 937 709 979 inventione
731 937 898 978 vicerit.
960 936 1037 978 Est
1058 938 1188 987 enim,
1212 945 1260 977 ut
1292 936 1334 976 in
1360 947 1396 977 tr
1399 937 1539 978 ansfe-

89 995 232 1036 rendis
255 997 293 1025 58
309 994 602 1051 faciendisque
625 995 764 1037 verbis
789 995 1072 1050 tranquillior,
1095 995 1155 1035 sic
1186 994 1230 1034 in
1263 993 1365 1050 ipsis
1389 1009 1539 1035 nume-

90 1053 148 1092 ris
171 1051 373 1094 sedatior.
434 1052 620 1118 Gorgias
643 1061 784 1094 autem
809 1053 976 1094 avidior
996 1062 1061 1094 est
1089 1051 1258 1115 generis
1279 1066 1386 1106 ejus,
1409 1061 1453 1092 et
1474 1052 1540 1093 his

89 1108 402 1151 festivitatibus
433 1111 516 1163 (sic
550 1111 664 1152 enim
708 1111 807 1166 ipse
832 1112 998 1160 censet)
1031 1109 1284 1151 insolentius
1320 1109 1540 1152 abutitur:

92 1181 199 1222 quas
234 1166 445 1209 Isocrates
477 1173 596 1220 (cum
629 1178 774 1209 tamen
808 1168 1080 1209 audivisset
1072 1183 1114 1209 m
1144 1166 1366 1208 Thessalia
1398 1167 1542 1208 adole-

94 1239 216 1266 scens
240 1239 384 1266 senem
408 1225 503 1280 jam
527 1225 760 1282 Gorgiam)
783 1225 1044 1267 moderatius
1068 1224 1543 1282 tempe1·avit.Quiu-

93 1283 225 1324 etiam
257 1297 301 1323 se
334 1283 425 1338 ipse
457 1292 643 1335 tantum,
676 1294 886 1339 quantum
917 1294 1047 1325 aetate
1080 1282 1357 1347 procedebat,
1386 1287 1543 1347 (ρ1ορεε

92 1339 208 1381 enim
231 1350 404 1381 centum
428 1341 618 1382 confecit
649 1356 783 1381 annos
788 1343 818 1392 ,)
842 1340 1054 1381 relaxaiat
1084 1357 1108 1381 a
1129 1355 1264 1380 numa
1286 1341 1544 1382 necessitate

90 1411 394 1440 numerorum:
427 1399 543 1462 quod
566 1398 783 1439 declarat
775 1413 818 1438 111
841 1412 892 1438 eo
915 1398 1040 1449 libro,
1059 1412 1187 1453 quem
1211 1397 1263 1437 ad
1289 1397 1544 1454 Philippum

94 1454 385 1496 Macedonem
418 1456 604 1512 scripsit,
639 1471 736 1497 cum
764 1455 857 1520 jam
891 1456 1125 1496 admodum
1159 1465 1270 1495 esset
1309 1470 1465 1497 senex:
1499 1471 1544 1497 ln

91 1527 179 1568 quo
201 1512 308 1554 dicit
330 1527 420 1554 sese
442 1528 583 1554 minus
608 1513 702 1569 jam
728 1515 885 1554 servire
916 1514 1120 1563 numeris,
1142 1527 1272 1576 quam
1304 1513 1454 1554 solitus
1477 1527 1543 1554 es-

91 1579 169 1612 set.
231 1569 301 1611 Ita
330 1585 418 1612 non
447 1571 577 1612 modo
609 1571 863 1627 superiores,
895 1571 967 1612 sed
995 1571 1125 1611 etiam
1156 1584 1200 1610 se
1232 1585 1323 1627 lpse
1343 1585 1544 1612 correxe-

90 1637 171 1669 rat.

153 1684 372 1732 Quoniam
404 1685 537 1742 igitur
569 1685 777 1726 habemus
810 1694 924 1742 aptae
959 1685 1167 1726 orationis
1204 1700 1277 1726 eos
1299 1685 1541 1742 principes,
1556 1677 1626 1725 53

94 1753 393 1798 auctoresque,
428 1747 585 1808 59quos
611 1744 818 1794 diximus,
848 1754 889 1784 et
918 1744 1043 1800 origo
1078 1744 1255 1784 inventa
1286 1752 1372 1785 est:
1413 1758 1542 1784 causa
1559 1750 1632 1790 177

94 1810 328 1855 quaeratur.
354 1816 450 1856 quae
475 1802 535 1842 sic
558 1812 708 1866 aperta
728 1812 807 1852 est,
831 1811 877 1842 ut
902 1802 1042 1851 mir·‚e1
1083 1802 1124 1832 60
1140 1811 1302 1843 veteres
1336 1816 1423 1841 non
1451 1815 1542 1843 esse

94 1866 353 1909 commotos,
387 1859 627 1915 ψει-56111111
669 1874 784 1910 cum,
827 1868 874 1899 ut
909 1859 974 1910 fit,
1014 1858 1196 1899 fortuito
1234 1873 1348 1915 saepe
1378 1858 1542 1914 aliquid

95 1915 298 1956 concluse
330 1927 516 1972 apteque
553 1917 770 1958 dicerent:
816 1917 931 1972 quod
963 1931 1063 1958 cum
1097 1917 1264 1957 animos
1299 1916 1542 1969 hominum,

96 1987 305 2028 auresque
327 1974 577 2030 pepulisset,
600 1985 648 2015 ut
672 1974 853 2030 intelligi
891 1984 1047 2030 posset,
1072 1974 1128 2025 id,
1151 1975 1266 2030 quod
1290 1989 1413 2015 casus
1432 1974 1542 2015 effu-

96 2031 243 2082 disset,
267 2031 473 2072 cecidisse
489 2031 709 2087 jucunde:
743 2032 979 2073 notandum
1004 2040 1120 2072 certe
1142 2041 1436 2088 genus,atque
1459 2031 1543 2087 ipsi

96 2090 176 2129 sibi
197 2088 395 2130 imitandi
411 2088 599 2130 fuerunt.
642 2089 779 2130 Aures
795 2090 926 2140 enim,
944 2089 1007 2130 vel
1021 2089 1190 2130 animus
1204 2090 1370 2130 aurium
1386 2090 1542 2131 nuntio

96 2146 335 2188 naturalem
359 2148 575 2202 quandam
596 2148 637 2188 in
665 2162 708 2187 se
726 2147 924 2188 continet
949 2162 1103 2188 vocum
1129 2148 1324 2188 omnium
1352 2147 1541 2188 mensio-

96 2218 210 2244 nem.
273 2203 425 2259 Itaque
446 2214 489 2245 et
507 2204 705 2260 longiora
725 2216 768 2246 et
793 2205 988 2246 breviora
1003 2204 1190 2260 judicat,
1213 2214 1256 2245 et
1276 2204 1467 2261 perfecta
1489 2220 1539 2246 ac

96 2261 320 2302 moderata
334 2276 502 2318 semper
520 2272 762 2319 exspectat.
797 2262 960 2304 Mutila
973 2262 1106 2303 sentit
1123 2263 1338 2317 quaedam,
1356 2273 1400 2303 et
1414 2263 1533 2317 quasi
1554 2265 1627 2304 178

96 2319 343 2361 decurtata:
376 2320 548 2375 quibus,
584 2330 802 2375 tamquam
837 2321 985 2361 debito
1017 2320 1254 2371 fraudetur,
1276 2319 1582 2362 offenditur-:b-

93 2376 374 2442 productiora
402 2377 499 2428 alia,
529 2387 574 2418 et
607 2377 729 2432 quasi
758 2377 1082 2419 immoderatius
1113 2378 1402 2428 excurrentia,
1440 2391 1537 2432 quae

95 2434 236 2491 magis
278 2434 410 2476 etiam
446 2445 729 2501 aspernantur
761 2450 904 2477 au1·:es
951 2435 1066 2492 quod
1101 2449 1199 2475 cum
1231 2435 1273 2475 in
1311 2435 1541 2492 plerisque,

98 2500 191 2533 tum
214 2492 258 2533 111
280 2491 366 2533 hoc
389 2506 546 2549 genere
576 2493 759 2535 nimium
782 2494 897 2548 quod
920 2502 999 2544 est,
1022 2492 1205 2533 offendit
1231 2493 1543 2543 vehementius,

95 2564 223 2613 quam
248 2549 306 2601 id,
329 2550 444 2605 quod
470 2550 640 2591 videtur
668 2565 835 2615 parurn.
896 2550 958 2592 Ut
980 2551 1114 2607 igitur
1135 2550 1311 2606 poetica
1332 2562 1376 2591 et
1398 2564 1545 2591 versus

98 2607 299 2648 inventus
319 2618 384 2648 est
399 2607 704 2649 teiminatione
721 2608 904 2665 aurium,
919 2585 1223 2650 observatione
1243 2608 1548 2675 prudentium:

137 2734 177 2763 58
189 2731 434 2773 faciendisque]
454 2733 554 2764 Abest
569 2734 619 2764 ed.
633 2733 718 2764 Ven.
884 2734 925 2764 60
947 2738 1069 2764 veteres
1083 2743 1147 2764 non
1161 2743 1225 2764 esse
1237 2733 1421 2773 commotos]
1440 2733 1549 2764 Possit

140 2777 180 2809 59
214 2785 290 2815 quos
318 2776 474 2816 diximus]
514 2777 568 2807 Sic
603 2783 692 2807 recte
727 2775 800 2806 edd.
843 2775 941 2806 alicui
965 2777 1000 2806 in
1020 2780 1168 2807 mentem
1189 2777 1301 2806 venire
1323 2778 1529 2806 commonitos
1539 2788 1549 2806 .-

96 2816 187 2848 Med.
204 2818 275 2848 Asc.
291 2817 391 2848 Aldus
406 2819 555 2850 dicimus.
587 2819 674 2859 quod
687 2823 802 2849 tamen
845 2820 900 2858 qui
915 2829 983 2849 esse
995 2828 1108 2849 sensus
1130 2819 1163 2849 h.
1179 2819 1202 2849 l.
1225 2819 1334 2855 debet,
1357 2824 1390 2848 et
1412 2827 1479 2848 non
1502 2818 1550 2850 ita

96 2866 131 2890 ot
148 2861 213 2890 Ms.
228 2860 298 2891 Vit.
311 2865 345 2891 et
359 2860 410 2891 ed.
424 2860 508 2892 Ven.
523 2861 658 2894 habent.
703 2861 804 2894 Dici-
843 2861 953 2892 multo
967 2866 1040 2902 post
1056 2867 1105 2892 est
1125 2866 1251 2892 ‘natura
1274 2862 1478 2891 admonente.
1494 2860 1550 2892 sed

98 2913 172 2934 mm
186 2904 326 2938 servavit
342 2903 394 2935 Fr.
412 2903 536 2946 Gryph.
845 2904 947 2935 etiam
961 2914 1087 2936 movere
1101 2905 1147 2936 sic
1162 2904 1295 2943 dicitur,
1312 2910 1349 2935 ut
1361 2904 1438 2936 infr.
1451 2914 1480 2935 c.
1498 2906 1550 2935 51.
