1945 3235
0 3091 12 3235 ..ιτα-Α,

558 118 746 158 LIBER
788 117 1082 158 QUARTUS.
1473 123 1524 158 99

94 241 189 269 sum
218 226 413 278 illudens,
434 229 620 281 ‘parcum
653 230 698 262 et
725 221 977 277 diligentem
1008 218 1208 275 appellet.
1270 220 1326 261 Et
1355 221 1399 261 in
1437 220 1522 263 hoc

93 293 327 338 postremo,
359 282 474 339 quod
519 295 574 321 ex
607 279 824 320 contrario
855 278 1062 327 sumitur,
1105 286 1149 316 et
1178 276 1223 316 in
1256 277 1326 318 illo
1367 278 1521 333 primo,

91 342 210 396 quod
242 357 268 383 a
297 338 574 382 similitudine
607 337 793 386 ducitur,
816 350 891 390 per
924 334 1246 376 translationem
1266 346 1520 389 argumento

90 399 328 454 poterimus
355 397 432 438 uti.
494 395 577 436 Per
599 392 940 443 similitudinem,
964 393 1049 432 sic:
1084 390 1203 437 Quid
1236 390 1297 430 ait
1327 391 1398 431 hic
1428 406 1521 443 rex,

91 465 223 511 atque
255 455 556 506 Agamemnon
593 460 753 501 noster,
786 450 890 500 sive,
924 458 973 490 ut
1005 447 1234 490 crudelitas
1267 457 1345 498 est,
1376 449 1521 503 potius

91 512 278 555 Atreus?
299 501 376 552 ἙΧ
406 510 637 559 contrario,
669 508 703 547 si
734 522 863 562 quem
895 507 1091 562 impium,
1121 505 1195 560 qui
1228 514 1396 560 patrem
1429 519 1522 545 ver-

92 569 318 620 beraverit,
348 567 530 609 AEneam
556 579 779 607 vocemus:
812 564 1172 620 intemperantem
1201 572 1245 603 et
1265 561 1522 613 adulterum,

93 626 386 683 Hippolytum
420 624 706 665 nominemus
769 621 883 663 Haec
916 633 1017 662 sunt
1058 620 1160 672 fere,
1202 635 1298 675 quae
1341 619 1525 660 dicenda

91 685 348 726 videbantur
376 682 428 722 de
460 682 689 723 verborum
715 679 1089 720 exornationibus.
1163 678 1293 718 Nunc
1331 691 1396 718 res
1430 677 1524 732 ipsa

91 749 253 792 monet,
291 749 340 781 ut
373 739 575 795 deinceps
617 738 671 778 ad
707 737 1016 778 sententiarum
1048 735 1353 776 exornationes
1386 743 1524 774 trans-

89 812 251 839 eamus.

147 854 412 896 Distributio
442 864 521 904 est,
551 868 650 895 cum
685 853 729 893 in
763 852 903 908 plures
936 866 1016 902 reS,
1051 853 1092 884 74
1106 858 1181 891 aut
1209 864 1426 906 personas,
1448 864 1522 891 ne·
1535 851 1607 900 35

87 912 210 968 gotia
238 912 438 968 quaedam
461 911 787 967 dispertiuntur,
810 910 894 950 hoc
932 909 1085 950 modo:
1120 908 1209 954 Qui
1230 907 1521 963 vestrum,ju-
1532 925 1584 964 47

87 969 219 1022 dices,
241 983 399 1011 nomen
431 979 603 1009 senatus
631 967 790 1023 diligit,
818 967 934 1008 hunc
968 965 1109 1008 oderit
1142 980 1315 1007 necesse
1337 975 1416 1007 est.
1448 980 1523 1021 pe-

86 1026 373 1068 tulantissime
404 1027 518 1068 enim
551 1039 718 1081 semper
750 1025 829 1065 iste
861 1024 1132 1080 oppugnavit
1162 1033 1372 1064 senatum.
1435 1023 1524 1070 Qui

85 1095 328 1140 equestrem
350 1084 508 1135 locum,
528 1082 922 1139 splendidissimum
943 1082 1066 1137 cupit
1095 1094 1186 1121 esse
1208 1081 1252 1121 in
1272 1081 1465 1131 civitate,
1488 1081 1524 1121 is

85 1151 260 1198 oportet
280 1143 411 1183 istum
432 1142 644 1182 maximas
663 1154 817 1195 poenas
837 1139 1004 1179 dedisse
1027 1138 1144 1189 velit,
1167 1152 1220 1178 ne
1241 1138 1320 1179 iste
1339 1153 1416 1179 sua
1435 1148 1525 1178 tur-

85 1200 284 1255 pitudine
321 1199 462 1240 ordini
495 1197 799 1239 honestissimo
832 1196 1014 1237 maculae
1056 1204 1186 1251 atque
1218 1195 1420 1236 dedecori
1452 1196 1522 1235 sit.

89 1257 179 1304 Qui
209 1266 405 1313 parentes
437 1255 622 1306 habetis,
642 1253 857 1295 ostendite
891 1254 1013 1294 istius
1044 1252 1272 1308 suppliciO,
1296 1253 1420 1293 vobis
1445 1253 1523 1293 ho-

84 1314 223 1356 mines
245 1315 401 1370 impios
422 1328 509 1354 non
532 1313 714 1369 placere.
778 1311 949 1357 Quibus
972 1310 1096 1352 liberi
1116 1319 1229 1361 sunt,
1250 1311 1426 1351 statuite
1447 1325 1524 1350 ex—

84 1371 288 1427 emplum,
311 1380 485 1426 quantae
509 1385 654 1426 poenae
679 1371 722 1409 in
743 1369 920 1410 civitate
942 1369 1029 1409 sint
1050 1367 1300 1408 hominibus
1322 1367 1522 1408 75istius-

83 1428 203 1470 modi
225 1437 502 1484 comparatae.
564 1427 691 1478 Item,
715 1427 898 1481 Senatus
931 1426 1125 1467 officium
1157 1434 1236 1476 est,
1259 1425 1441 1466 consilio
1463 1426 1524 1466 ci-

85 1485 265 1527 vitatem
280 1486 460 1541 juvare:
493 1485 772 1541 magistratus
803 1484 998 1525 officium
1020 1492 1099 1533 est,
1122 1497 1254 1538 opera
1275 1492 1319 1524 et
1340 1483 1525 1539 diligen-

86 1542 147 1583 tia
179 1543 386 1599 consequi
421 1543 692 1584 voluntatem
728 1551 925 1583 senatus:
959 1541 1109 1597 populi
1131 1540 1325 1581 officium
1349 1551 1429 1592 est,
1460 1555 1525 1581 res

81 1600 285 1656 optimas,
308 1611 352 1642 et
377 1601 574 1642 homines
608 1600 786 1641 idoneos
809 1599 1014 1650 maxime,
1039 1598 1124 1639 suis
1149 1598 1373 1639 sententiis
1397 1598 1526 1638 Tb'de-

82 1657 217 1714 ligere
236 1668 281 1699 et
303 1659 510 1715 probare:
533 1657 795 1700 accusatoris
820 1657 1016 1697 officium
1037 1666 1116 1707 est,
1137 1655 1294 1696 inferre
1317 1655 1526 1706 crimina3

82 1715 334 1766 defensoris,
364 1716 526 1757 diluere
559 1727 603 1756 et
636 1715 906 1771 propulsare:
956 1714 1077 1754 testis
1119 1722 1199 1764 est,
1234 1713 1391 1764 dicere,
1423 1728 1522 1768 quae

83 1773 206 1824 sciat,
227 1782 303 1814 aut
324 1774 529 1815 audierit:
562 1773 806 1829 quaesitoris
829 1782 907 1821 est,
930 1785 1283 1826 unumquemque
1308 1771 1461 1811 horum
1481 1771 1526 1810 in

83 1829 230 1872 officio
258 1845 335 1872 suo
378 1832 613 1872 continere.
688 1830 848 1880 Quare,
884 1829 932 1870 L.
967 1828 1105 1880 Cassi,
1141 1829 1175 1869 si
1211 1839 1380 1877 testem,
1413 1843 1525 1883 prae-

83 1897 280 1943 terquam
318 1889 435 1944 quod
470 1889 592 1939 sciat,
621 1897 696 1929 aut
726 1887 924 1937 audierit,
957 1887 1267 1942 argumentari,
1299 1895 1342 1926 et
1373 1885 1525 1940 conje-

81 1954 206 1986 ctura
235 1946 436 2002 prosequi
472 1945 674 2002 patieris;
719 1946 794 2000 jus
837 1945 1101 1985 accusatoris
1136 1959 1236 1985 cum
1261 1943 1362 1998 jure
1401 1942 1525 1982 testi-

81 2003 217 2044 monii
240 2004 558 2054 commiscebis,
572 2002 695 2043 testis
715 2002 902 2059 improbi
924 2001 1210 2058 cupiditatem
1226 2000 1522 2050 confirmabis,

79 2073 153 2100 reo
195 2060 414 2117 duplicem
449 2061 746 2102 defensionem
788 2059 976 2115 parabis.
1040 2058 1118 2099 Est
1161 2059 1256 2099 haec
1290 2057 1520 2098 exornatio

80 2117 272 2173 copiosa.
334 2118 678 2174 Comprehendit
696 2118 812 2158 enim
836 2117 955 2158 brevi
976 2117 1125 2167 multa,
1149 2126 1192 2157 et
1215 2130 1340 2156 suum
1363 2115 1521 2170 cuique

81 2174 272 2216 tribuens
295 2176 504 2228 officium,
528 2175 759 2233 separatim
780 2189 845 2215 res
867 2174 1027 2215 dividit
1050 2174 1206 2230 plures,

138 2232 336 2275 Licentia
357 2243 435 2286 est,
458 2249 558 2275 cum
580 2234 695 2289 apud
718 2247 806 2283 eos,
829 2246 937 2288 quos
960 2241 1036 2272 aut
1058 2232 1208 2281 vereri,
1232 2239 1306 2271 aut
1328 2240 1521 2270 metuere
1533 2218 1606 2270 36

80 2290 301 2342 debemus,
325 2301 470 2333 tamen
503 2291 666 2347 aliquid
697 2305 775 2347 pro
791 2289 891 2345 jure
913 2299 1063 2330 nostro
1093 2289 1293 2340 dicimus,
1311 2288 1429 2343 quod
1447 2302 1520 2328 eos
1533 2296 1582 2328 48

78 2348 257 2390 minime
279 2349 486 2402 offendat,
507 2343 585 2389 'aut
603 2364 711 2404 quos
735 2348 763 2388 ii
795 2347 999 2403 diligunt,
1024 2362 1124 2388 cum
1147 2347 1191 2386 in
1214 2346 1359 2400 aliquo
1379 2355 1520 2386 errato

77 2419 176 2447 vere
205 2407 460 2463 reprehendi
505 2421 631 2463 posse
669 2406 911 2455 videantur,
950 2405 1035 2445 hoc
1074 2404 1228 2445 modo:
1279 2403 1565 2452 b‘liramian.

81 2463 290 2516 Quirites,
327 2464 444 2520 quod
485 2465 539 2506 ab
577 2464 780 2505 omnibus
825 2472 978 2504 vestrae
1019 2462 1207 2502 rationes
1245 2460 1534 2502 deserantur?v

118 2611 161 2643 '74
180 2610 249 2641 Aut
270 2620 439 2650 personas,
467 2622 541 2651 neg.
577 2611 621 2651 q.]
658 2609 775 2641 Delevi
860 2611 901 2642 75
930 2607 1120 2639 Istiusmodi
1150 2607 1267 2647 comp]
1293 2606 1346 2637 Sic
1371 2607 1444 2637 dedi
1465 2617 1525 2647 pro

73 2656 199 2682 certas.-
232 2653 318 2692 quod
344 2655 491 2694 personis
516 2663 583 2685 non
609 2652 775 2684 convenit.
821 2651 964 2692 hujusne.
975 2661 991 2681 θ
1005 2651 1084 2681 Mss.
1101 2654 1136 2680 et
1148 2650 1220 2680 edd.
1235 2655 1316 2680 vett.
1330 2652 1419 2683 1474.
1435 2649 1524 2680 Med.

75 2693 279 2733 Intelligitur
296 2696 385 2727 enim
408 2698 442 2727 in
459 2698 498 2727 iis
507 2698 632 2737 plures.
648 2697 728 2726 Mss.
743 2700 777 2725 et
820 2704 869 2736 pr.
886 2698 1000 2732 estque
1013 2694 1082 2723 sine
1097 2692 1196 2723 dubio
1214 2692 1342 2722 melius.

73 2735 144 2766 cdd.
159 2746 208 2776 pr.
220 2737 342 2768 habent
356 2739 431 2770 dein
443 2741 573 2778 negotia
588 2743 677 2769 certa
694 2747 778 2778 quoe-
864 2739 881 2769 T
886 2736 905 2766 6
911 2736 1105 2774 Defigere&
1113 2734 1277 2775 probare]
1294 2733 1379 2764 Dedi
1389 2734 1450 2764 del.
1464 2744 1524 2774 pro

73 2777 153 2808 dam
164 2791 173 2807 .·
195 2778 250 2810 sed
277 2780 409 2819 quidam
434 2783 536 2813 etiam
565 2785 655 2811 certa
675 2781 774 2811 omit·
819 2780 951 2817 eligere,
962 2778 1158 2817 jubentibus
1172 2777 1276 2813 libris,
1292 2777 1354 2807 etsi
1370 2776 1453 2806 nihil
1469 2775 1524 2807 ad-

72 2824 165 2858 tunt,
200 2826 239 2851 ut
261 2822 348 2853 Med.
381 2824 500 2864 prima,
529 2834 608 2863 quos
644 2829 775 2855 secutus
820 2821 956 2852 modum
971 2822 1123 2850 interest:
1142 2830 1218 2850 mox
1230 2818 1342 2849 eadem
1359 2818 1397 2850 de
1411 2828 1524 2849 caussa

74 2871 165 2893 sum:
191 2870 290 2902 recte,
306 2866 367 2896 nisi
382 2866 473 2897 valde
487 2866 593 2898 fallor.
821 2865 903 2895 sciat
913 2874 970 2902 pro
979 2864 1144 2900 scierit‚ut
1156 2868 1205 2892 est
1212 2862 1312 2892 etiam
1320 2860 1431 2902 paullo
1439 2868 1522 2902 post.

869 2923 947 2958 HQ
