1945 3235
574 92 1122 141 URBE-SECUNDUS
1500 96 1576 143 3'35

128 206 433 249 commodandi
455 207 636 248 favetur.
697 204 1031 260 Videndumque
1051 205 1136 247 hoc
1157 193 1253 248 loco
1275 213 1354 259 est,
1377 223 1444 261 ne,
1466 224 1575 265 quos
1587 224 1665 258 208

130 265 186 305 ob
211 265 437 307 benefacta
467 264 589 320 diligi
621 261 828 314 volemus,
846 276 994 303 eorum
1026 262 1195 304 laudem
1218 264 1348 319 atque
1379 265 1575 321 gloriam,

128 322 197 363 cui
220 323 411 364 maxime
441 321 621 363 invideri
650 320 771 371 solet,
794 318 922 361 nimis
952 319 1103 362 efferre
1134 321 1371 362 videamur.
1432 323 1578 380 Atque

127 379 279 421 iisdem
305 381 369 421 his
397 394 452 420 ex
475 378 579 420 locis
601 389 645 419 et
666 353 846 419 odiu'm
836 393 879 418 in
913 377 1019 419 alios
1051 388 1225 418 str·uere
1235 374 1465 431 discemus,
1488 391 1531 422 et
1552 398 1578 423 a

127 439 253 479 nobis
299 453 350 479 ac
385 437 541 477 nostris
582 436 834 477 demovere:
878 435 1113 490 eademque
1158 435 1252 476 liaec
1295 447 1453 492 genera
1492 447 1578 479 tra-

125 496 283 537 ctanda
304 503 403 536 sunt
426 495 467 534 in
492 492 712 534 iracundia
736 492 800 534 vel
821 493 1068 544 excitanda,
1091 493 1157 534 vel
1180 469 1382 535 sedanda.
1403 509 1501 535 nam
1525 496 1576 546 si,

128 553 244 608 quod
277 552 394 608 ipsis,
425 550 498 606 qui
530 550 726 601 audiunt,
758 550 1049 606 perniciosum
1080 559 1154 591 aut
1187 550 1339 592 inutile
1377 551 1446 603 sit,
1478 554 1513 582 5¹
1533 553 1575 594 id

126 610 290 651 factum
312 622 484 665 auoreas,
497 608 645 648 odium
669 618 857 650 creatur:
892 608 955 649 sin
961 608 1101 664 ‚quod
1125 617 1199 649 aut
1216 609 1258 649 in
1284 609 1421 650 bonos
1444 610 1574 662 viros,
1587 625 1619 654 p.
1640 617 1710 647 128,

124 676 200 709 aut
221 667 263 708 in
287 681 374 717 eos,
393 666 437 707 in
459 680 566 720 quos
590 665 772 721 quisque
795 667 972 706 minime
1002 666 1216 717 debuerit,
1238 677 1313 707 aut
1335 667 1378 707 in
1403 667 1617 724 r³·empu—

125 724 303 776 blicam3
338 732 426 764 tum
458 724 689 774 exe-itanu,
723 738 757 764 Sl
787 739 873 764 non
898 733 984 765 tam
1018 724 1220 764 acerbum
1244 724 1407 776 odium,
1431 734 1576 767 tamen

123 792 196 822 aut
225 781 416 832 invidiae,
451 789 526 821 aut
546 781 635 822 odii
670 796 756 822 non
790 781 1009 822 dissimilis
1042 781 1240 823 offensio.
1302 781 1411 823 Item
1447 791 1666 832 t1m01909

122 839 331 880 incutitur
352 849 426 880 aut
444 853 499 879 ex
523 839 715 895 ipsorum
739 839 955 894 periculis,
973 848 1049 880 aut
1069 854 1123 880 ex
1156 841 1477 882 communibus.
1510 840 1576 882 in-

122 897 253 938 terior
273 905 338 938 est
360 896 430 937 ille
449 896 670 953 proprius:
693 897 765 937 sed
785 896 856 938 hic
872 911 1044 952 quoque
1056 898 1300 938 communis
1319 898 1372 940 ad
1395 899 1576 939 eandem

122 954 450 996 similitudinem
479 962 545 994 est
574 954 886 1014 perducendus,
962 955 1046 996 Par
1078 964 1207 1009 atque
1246 970 1330 996 una
1363 956 1473 996 ratio
1512 965 1576 997 est
1590 955 1659 1007 52

123 1013 228 1077 spei,
248 1012 429 1063 laetitiae,
451 1011 684 1054 molestiae:
718 1010 803 1054 sed
814 1012 925 1054 haud
950 1013 1098 1062 sciam,
1116 1028 1168 1053 an
1192 1013 1424 1054 acerrimus
1447 1014 1579 1071 longe

121 1070 177 1111 sit
198 1071 393 1111 omnium
415 1080 559 1111 motus
582 1070 773 1111 invidiae
796 1084 876 1111 nec
899 1071 1038 1111 minus
1060 1071 1216 1111 virium
1248 1086 1357 1127 opus
1381 1072 1436 1113 sit
1459 1072 1503 1113 in
1526 1086 1578 1113 ea

120 1128 460 1184 comprimenda,
479 1142 606 1183 quam
625 1128 668 1167 in
688 1127 933 1168 excitmda.
987 1127 1190 1170 Invident
1212 1138 1355 1170 autem
1378 1129 1576 1170 homines

120 1188 323 1227 maxime
342 1186 531 1242 paribus,
552 1193 626 1226 aut
649 1184 939 1237 inferioribus,
963 1201 1060 1226 cum
1096 1200 1139 1226 se
1174 1187 1344 1228 relictos
1368 1188 1577 1239 sentiunt,

118 1243 214 1284 illos
237 1253 380 1285 autem
404 1243 550 1284 dolent
572 1243 783 1285 evolasse:
817 1243 888 1284 sed
920 1244 1050 1284 etiam
1086 1244 1378 1300 superioribus
1411 1244 1576 1286 invide-

120 1311 190 1342 tur
211 1316 326 1358 saepe
349 1300 639 1352 vehementer,
662 1310 704 1341 et
727 1315 778 1341 eo
792 1302 946 1357 ningi5‚
965 1302 997 1342 si
1015 1301 1316 1343 intolerantius
1336 1301 1575 1357 sejactant,

121 1368 165 1399 et
195 1361 235 1391 52
246 1358 587 1414 aequabilitatem
605 1358 732 1414 juriS‚
766 1359 1017 1414 praestantia
1037 1360 1265 1416 dignitatis
1289 1370 1364 1401 aut
1386 1360 1574 1402 fortunae

119 1431 206 1458 suae
230 1425 472 1458 transeunt:
506 1419 545 1447 53
558 1431 655 1472 quae
680 1417 714 1456 si
734 1417 1043 1459 inflammanda
1074 1428 1188 1469 sunt,
1210 1419 1402 1459 maxime
1424 1418 1576 1459 dicen-

118 1475 219 1516 dum
243 1483 322 1526 est,
345 1489 431 1515 non
464 1488 555 1515 esse
589 1474 746 1515 virtute
769 1485 917 1530 parta3
949 1475 1104 1516 deinde
1135 1475 1266 1516 etiam
1300 1476 1416 1517 vitiis
1439 1485 1572 1532 atque

119 1533 330 1588 peccatis:
371 1540 479 1582 tum,
511 1533 545 1573 si
576 1541 703 1572 erunt
733 1532 982 1573 honestiora
1017 1544 1146 1588 atque
1177 1533 1391 1589 graviora,
1425 1542 1570 1575 tamen

118 1592 158 1621 54
170 1604 258 1631 non
289 1604 381 1631 esse
418 1598 541 1630 tanta
580 1589 666 1630 ulla
695 1590 863 1640 merita,
894 1600 1056 1645 quanta
1098 1591 1327 1632 insolentia
1365 1591 1571 1642 hominis,

116 1657 413 1703 quantumque
449 1647 687 1688 fastidium.
747 1647 817 1689 Ad
851 1648 1087 1690 sedandum
1118 1658 1279 1700 autem,
1303 1663 1465 1705 magno
1499 1648 1664 1695 illamo

117 1704 278 1757 labore,
311 1705 481 1761 magnis
512 1705 711 1762 periculis
739 1720 831 1747 esse
863 1715 1000 1762 parta,
1030 1721 1108 1747 nec
1141 1706 1192 1747 ad
1227 1721 1351 1748 suum
1374 1721 1570 1748 commo-

118 1762 236 1815 dum,
260 1763 333 1804 sed
355 1763 408 1804 ad
431 1763 610 1804 aliorum
633 1777 725 1804 esse
753 1763 923 1815 collata,
945 1778 1135 1829 seseque,
1159 1763 1193 1804 si
1224 1779 1354 1820 quam
1386 1764 1571 1821 gloriam

119 1821 333 1877 peperisse
354 1820 566 1872 videatur,
588 1824 626 1852 55
640 1822 719 1862 etsi
751 1836 787 1862 e·
789 1838 802 1862 ι
832 1836 918 1862 non
942 1822 998 1862 sit
1019 1822 1168 1877 iniqua
1187 1837 1351 1863 merces
1374 1797 1570 1878 periculi,

117 1888 262 1921 tamen
283 1893 332 1921 ea
363 1894 450 1920 non
472 1879 690 1930 delectari,
713 1889 938 1934 totamque
968 1879 1157 1935 abjicere
1175 1890 1305 1935 atque
1327 1880 1569 1937 deponere.

860 2015 913 2046 dia
928 2015 1183 2046 inflammandos
1197 2015 1384 2055 adhibenda
1398 2020 1477 2046 sunt
1490 2021 1568 2046 tan-

156 2018 192 2046 51
218 2016 395 2056 idfactum
417 2015 556 2055 augeas]
584 2016 684 2046 Plane
709 2024 817 2046 assen-

860 2068 958 2098 quam
979 2059 1078 2095 faceS,
1103 2064 1139 2088 ut
1155 2069 1227 2099 cap.
1243 2068 1351 2099 super.
1374 2059 1449 2090 init.
1472 2058 1566 2090 dixit.

112 2059 180 2088 tior
194 2057 469 2098 Pearciosactum
485 2059 517 2088 h.
534 2059 556 2089 l.
571 2058 708 2095 delenti,
730 2057 817 2097 quod

113 2109 191 2131 sane
227 2100 422 2140 diligentem
458 2101 616 2132 lectorem
654 2110 817 2140 quemque

113 2142 298 2174 offenderit.
349 2143 412 2174 Sed
448 2143 534 2174 idem
569 2143 713 2174 arbitror
747 2153 815 2173 esse

113 2186 377 2216 transferendum
405 2186 446 2217 ad
472 2187 654 2226 sequentia,
677 2192 710 2217 et
737 2187 815 2216 scri-

113 2228 202 2266 bam,
218 2229 303 2268 quod
317 2233 378 2259 aut
399 2230 434 2259 in
448 2230 541 2260 bonos
563 2230 649 2259 viros
660 2228 814 2270 factum,

112 2275 172 2301 aut
194 2272 229 2302 in
243 2282 293 2302 eos
307 2272 366 2302 ἃς.
383 2281 460 2302 nain
484 2272 527 2303 ibi
551 2271 634 2303 nihil
648 2278 711 2308 est,
728 2271 815 2302 unde

109 2314 146 2343 in
160 2314 186 2343 b.
201 2324 230 2344 υ.
247 2314 398 2354 pendeat.

155 2358 195 2387 52
231 2357 486 2396 aequabilitatem
503 2355 611 2397 juris]
651 2357 716 2394 Sic,
743 2358 814 2388 sine

111 2401 301 2437 eommunis,
316 2399 403 2439 quod
418 2407 467 2429 est
483 2398 516 2428 in
532 2399 673 2439 vulgatis
685 2399 760 2430 inde
772 2399 814 2430 ab

111 2440 194 2472 Aldo
208 2448 242 2472 et
255 2442 374 2479 Junta,
389 2447 439 2472 est
452 2442 485 2472 in
497 2441 569 2472 edd.
586 2452 635 2481 pr.
680 2442 750 2472 Nec
762 2448 813 2473 est

113 2489 230 2515 contra
262 2484 466 2516 latinitatem
503 2485 706 2524 aequabilitas
733 2484 811 2525 jur.

113 2535 227 2557 comm.
243 2527 298 2558 sed
320 2533 437 2559 eontra
459 2527 694 2558 concinnitatis
720 2527 812 2558 Cice—

114 2568 397 2607 ronianaelegem:
421 2570 514 2600 tollit
535 2571 624 2601 enim
648 2570 812 2601 membro-

115 2619 186 2640 rum
199 2594 429 2650 aequalitatem.
466 2612 526 2643 Ed.
542 2624 568 2643 5.
584 2612 607 2643 l.
621 2617 655 2643 et
670 2624 699 2644 a.
712 2612 811 2643 habet

114 2654 348 2692 (equalitatem,
363 2655 449 2694 quod
469 2665 557 2696 saepe
573 2656 606 2685 in
624 2655 716 2686 libris
731 2661 810 2686 vett

114 2703 188 2724 cum
202 2695 258 2726 illo
273 2703 502 2737 permutatum
528 2708 586 2729 nee
598 2699 706 2739 ipsum
721 2697 762 2729 ab
778 2698 809 2728 h

111 2734 135 2766 i.
152 2742 201 2767 est
216 2738 370 2770 alienum.
386 2750 415 2770 v.
432 2741 523 2771 Clav.

155 2781 194 2810 53
217 2789 286 2820 quoe
304 2783 332 2812 si
355 2781 598 2824 inflammanda
623 2784 715 2823 sunt]
748 2784 812 2814 Ex-

112 2822 231 2860 quisite
247 2823 384 2862 dictum,
401 2835 499 2865 pro,
487 2826 512 2856 zi
530 2826 569 2857 ad
584 2826 713 2857 animos
729 2827 811 2859 iuvi

860 2102 911 2131 Sic
926 2101 983 2132 Or.
1000 2104 1051 2132 28.
1066 2101 1279 2143 inflammare
1294 2111 1375 2131 rem.

902 2146 943 2175 54
957 2154 1020 2174 non
1035 2154 1099 2175 esse
1113 2149 1211 2175 tanta
1225 2145 1298 2174 ulla
1311 2145 1446 2181 merita,
1461 2153 1568 2183 quan-

858 2186 908 2225 ta]
926 2187 1063 2227 Vulgati
1079 2188 1166 2218 tanti
1174 2201 1185 2220 ;
1211 2186 1301 2226 quod
1314 2187 1470 2217 vitiosum
1483 2196 1566 2224 esse,

858 2229 908 2259 vel
924 2230 1122 2270 respondens
1136 2231 1164 2260 ei
1176 2234 1303 2270 quanta
1315 2229 1439 2260 indicat
1449 2228 1568 2260 leviter

858 2272 1058 2303 attendenti.
1089 2273 1204 2311 Itaque
1217 2276 1313 2303 tanta
1331 2271 1565 2311 rescripsimus.

860 2313 898 2343 In
922 2314 986 2345 ΜΒ.
1011 2325 1092 2352 uno,
1117 2325 1155 2345 ex
1183 2325 1248 2354 quo
1272 2321 1404 2345 secutus
1429 2313 1566 2344 Lambi-

857 2366 951 2393 nuni,
976 2357 1061 2388 idem
1078 2359 1202 2398 recepit
1225 2357 1389 2393 Peareius,
1405 2360 1456 2386 est
1477 2357 1566 2397 pari-

856 2404 908 2432 ter
920 2401 1079 2430 correctio
1103 2410 1207 2437 mera,
1222 2399 1278 2430 sed
1287 2400 1393 2439 justa,

899 2444 938 2472 55
953 2444 1011 2473 etsi
1024 2453 1062 2473 ea
1075 2453 1138 2473 non
1150 2442 1362 2482 sit—tamen]
1382 2440 1464 2472 Edd.
1479 2445 1564 2472 vett.

855 2484 980 2515 habent
1005 2490 1117 2516 tamen
1140 2486 1212 2521 etsi,
1235 2491 1274 2514 ut
1297 2484 1361 2516 Ms.
1381 2484 1422 2514 E.
1459 2482 1564 2514 Aldus

855 2533 889 2557 et
911 2527 1007 2559 Junt.
1037 2528 1193 2559 induxere
1216 2528 1361 2565 tametsi,
1389 2526 1564 2557 molliendi

856 2579 980 2600 caussa.
1034 2571 1208 2607 Gruterus,
1237 2574 1276 2600 ut
1298 2569 1439 2608 solebat,
1465 2568 1563 2599 illum

857 2617 998 2643 veterem
1027 2613 1213 2652 squalorem
1241 2612 1424 2643 revocavit:
1464 2611 1565 2642 Pear-

855 2656 924 2685 cius
938 2657 1078 2686 tametsi.
1124 2656 1202 2687 Sine
1217 2655 1316 2685 dubio
1329 2660 1441 2686 tamen
1455 2654 1490 2684 in
1504 2663 1564 2689 an,-

854 2698 947 2737 tiqua
961 2698 1104 2729 lectione
1119 2709 1136 2729 e
1152 2707 1246 2729 versu
1269 2702 1425 2736 sequente
1436 2701 1564 2727 temere

855 2739 920 2770 hue
942 2742 1046 2779 venit,
1069 2747 1103 2772 et
1127 2751 1169 2772 ne
1196 2741 1327 2771 tametsi
1351 2739 1483 2780 quidem
1508 2738 1563 2769 Ci-

856 2790 974 2814 cerone
1003 2782 1142 2824 dignum
1170 2784 1204 2813 in
1229 2782 1429 2818 hac,vieinia
1450 2782 1489 2811 τῦ
1510 2785 1564 2811 ta—

856 2835 941 2856 men,
