1945 3235
304 162 381 201 462
883 153 1176 204 BRUTUS.‘
1229 168 1232 169 ⁷

304 273 376 314 illa
406 286 535 314 eausa
564 272 823 324 vertebatur,
856 274 1190 329 paratissimum,
1229 275 1430 317 obrueret
1469 282 1749 331 argumento-

304 345 398 371 rum
432 329 814 387 exemplorumque
845 333 996 388 copia:
1030 344 1158 388 atque
1190 333 1250 373 ita
1274 344 1362 374 tum
1386 333 1441 373 ab
1465 331 1529 373 his
1554 333 1744 389 patronis

304 388 556 443 aequalibus,
587 388 716 428 etiam
756 390 1066 441 consularibus,
1097 405 1225 432 causa
1261 391 1332 431 illa
1372 390 1489 431 dieta
1526 400 1605 442 est,
1647 405 1748 443 cum

304 456 484 501 uterque
506 460 560 486 ex
583 446 799 486 contraria
823 457 940 501 parte
957 448 1030 502 jus
1050 448 1176 489 civile
1198 447 1460 497 defenderet,
1477 456 1522 488 ut
1543 447 1748 503 eloquen-

302 503 825 559 tiumjurisperitissimus
851 503 1043 556 Crassus,
1067 506 1417 561 jurisperitorum
1446 504 1747 560 eloquentissi-

301 575 396 602 mus
428 561 623 602 Scaevola
660 570 899 615 putaretur:
931 562 1004 616 qui
1039 564 1211 617 quidem
1246 578 1343 603 cum
1378 572 1606 619 peracutus
1634 572 1748 605 esset

302 619 355 660 ad
394 618 749 674 excogitandum,
788 618 889 673 quid
925 619 968 658 in
1001 619 1115 674 jure,
1146 631 1220 661 aut
1254 621 1295 661 in
1331 635 1456 675 aequo
1491 634 1638 661 verum
1672 630 1748 661 aut

302 687 427 726 esset,
449 687 523 717 aut
555 691 638 716 non
672 685 797 724 esset,
824 684 912 716 tum
951 677 1089 717 verbis
1117 687 1207 718 erat
1239 678 1290 719 ad
1325 693 1415 718 rem
1448 692 1547 719 eum
1580 692 1748 719 summa

216 741 290 775 146
306 734 514 775 brevitate
546 732 798 773 mirabiliter
820 744 961 788 aptus.
1023 734 1168 780 Quare
1197 736 1252 776 sit
1275 736 1398 776 nobis
1421 746 1564 776 orator
1586 735 1630 776 in
1661 735 1748 776 hoe

304 791 629 847 interpretandi,
649 791 1010 846 explanandique,
1027 801 1070 832 et
1088 791 1320 833 disserendi
1345 807 1499 848 genere
1523 792 1748 844 mirabilis,

304 850 365 890 sic
396 859 442 889 ut
474 848 610 889 simile
634 848 741 889 nihil
765 848 941 889 viderim
963 866 971 890 :
1005 849 1046 889 in
1081 850 1295 905 augendo,
1318 849 1359 890 in
1383 851 1591 902 ornando,
1614 851 1656 892 in
1680 865 1745 891 re-

305 906 489 947 fellendo
523 906 661 961 magis
699 905 971 946 existimator
1001 907 1271 958 metuendus,
1301 921 1430 962 quain
1471 908 1746 961 admirandus

219 961 290 1010 4-0
304 974 460 1004 orator.
509 963 667 1004 Verum
692 963 744 1003 ad
766 962 967 1004 Crassum
993 975 1268 1005 revertamur.
1318 964 1428 1005 Tum
1453 964 1628 1016 Brutus,
1651 964 1746 1007 Etsi

216 1034 285 1072 147
304 1021 419 1071 satis,
451 1021 605 1076 inquit,
631 1021 734 1061 mihi
762 1021 934 1062 videbar
971 1021 1126 1063 habere
1158 1022 1383 1078 cognitum
1417 1022 1656 1063 Scaevolam
1687 1037 1744 1064 ex

302 1079 352 1119 iis
377 1080 516 1129 rebus,
536 1094 641 1134 quas
664 1078 890 1119 audiebam
916 1094 1031 1136 saepe
1065 1094 1118 1121 ex
1153 1079 1204 1121 C.
1231 1080 1413 1131 Rutilio,
1435 1093 1521 1134 quo
1544 1081 1745 1122 utebatur

299 1148 475 1192 propter
498 1137 831 1177 familiaritatem
851 1138 1059 1178 Scaevolae
1083 1138 1233 1188 nostri,
1252 1148 1394 1178 tamen
1419 1138 1500 1178 ista
1522 1136 1626 1178 mihi
1650 1137 1744 1193 ejus

298 1195 469 1235 dicendi
493 1205 612 1235 tanta
639 1194 744 1243 laus,
766 1204 867 1234 nota
890 1209 975 1235 nou
999 1205 1104 1236 erat.
1165 1195 1319 1250 Itaque
1341 1195 1436 1250 cepi
1461 1194 1744 1250 voluptatem,

300 1261 386 1292 tam
417 1262 614 1292 ornatum
652 1251 804 1301 virum,
836 1262 1009 1307 tamque
1040 1252 1253 1293 excellens
1285 1253 1505 1307 ingenium
1537 1251 1668 1293 fuisse
1698 1253 1743 1293 in

212 1311 285 1347 148
300 1321 444 1350 nostra
475 1308 707 1365 republica.
774 1309 858 1350 Hic
896 1325 993 1366 ego,
1029 1309 1146 1365 Noli,
1181 1311 1370 1365 inquam,
1411 1310 1559 1360 Brute,
1593 1309 1743 1350 existi-

297 1382 428 1417 mare,
462 1367 526 1408 his
558 1367 726 1408 duobus
757 1367 992 1421 quidquam
1027 1366 1157 1408 fuisse
1192 1367 1233 1408 in
1268 1377 1413 1408 nostra
1433 1367 1611 1408 civitate
1634 1382 1744 1423 prae-

298 1426 496 1465 stantius.
530 1439 643 1475 nam,
685 1434 732 1464 ut
765 1425 907 1479 paullo
945 1435 1044 1465 ante
1081 1425 1189 1475 dixi,
1222 1425 1519 1466 consultorum
1561 1425 1745 1467 alterum

295 1482 641 1532 disertissimum,
671 1482 927 1522 disertorum
960 1482 1142 1522 alterum
1184 1482 1550 1523 consultissimum
1586 1482 1744 1536 fuisse3

297 1540 359 1581 sic
382 1541 423 1580 in
449 1540 620 1594 reliquis
652 1539 778 1579 rebus
811 1539 871 1579 ita
902 1539 1131 1579 dissimiles
1157 1549 1279 1579 erant
1301 1540 1412 1580 inter
1434 1553 1539 1590 sese,
1559 1549 1746 1580 statuere

296 1607 345 1637 ut
368 1607 509 1638 tamen
536 1612 620 1638 non
649 1610 809 1652 posses,
843 1597 977 1636 utrius
1003 1607 1043 1637 te
1067 1596 1213 1637 malles
1237 1597 1501 1637 similiorem.
1563 1595 1745 1638 Crassus

298 1665 389 1695 erat
419 1655 679 1711 elegantium
714 1653 1003 1709 parcissimus,
1030 1653 1227 1694 Scaevola
1256 1668 1482 1710 parcorum
1513 1652 1744 1711 elegantis-

298 1712 446 1753 simus.
510 1711 688 1753 Crassus
722 1711 766 1751 in
798 1726 966 1752 summa
987 1711 1193 1752 comitate
1214 1711 1405 1752 habebat
1435 1710 1566 1752 etiam
1585 1713 1741 1753 severi-

300 1769 399 1810 tatis
423 1770 540 1821 satis‚
564 1769 772 1810 Seaevolae
805 1769 942 1809 multa
974 1769 1018 1809 in
1050 1769 1277 1810 severitate
1309 1784 1394 1809 non
1425 1768 1572 1809 deerat
1594 1777 1742 1810 tamen

211 1832 284 1867 149
297 1828 494 1868 comitas.
553 1830 594 1860 90
611 1827 733 1868 Licet
768 1827 915 1867 omnia
949 1825 1032 1867 hoc
1063 1827 1220 1868 modo:
1253 1828 1324 1867 sed
1360 1840 1522 1877 vereor,
1547 1840 1601 1867 ne
1634 1826 1742 1884 fingi

298 1885 524 1927 videantur
554 1884 664 1936 haec,
686 1888 722 1918 91
741 1894 789 1924 ut
821 1884 1020 1925 dicantur
1053 1899 1078 1924 a
1109 1898 1177 1924 me
1207 1884 1394 1940 quodam
1425 1884 1582 1936 1n0d03
1613 1898 1679 1925 res
1698 1899 1742 1926 se

297 1951 440 1984 tamen
464 1945 524 1984 sic
555 1942 700 1983 habet.
762 1942 874 1983 Cum
907 1943 1046 1983 omnis
1071 1941 1204 1982 virtus
1236 1942 1306 1993 sit,
1331 1951 1378 1982 ut
1404 1950 1558 1993 vestra,
1590 1941 1739 1994 Brute,

297 2010 418 2041 vetus
441 2000 677 2042 Academia
693 1999 820 2050 dixit,
839 1999 1142 2051 mediocritas;
1174 2009 1351 2056 uterque
1372 1999 1528 2040 horum
1549 2000 1741 2041 medium

163 2067 192 2099 P·
213 2059 281 2091 178.
295 2059 500 2112 quiddam
525 2058 696 2099 volebat
715 2053 836 2113 'sequi
857 2075 866 2100 :
900 2057 972 2098 sed
996 2057 1056 2098 ita
1077 2058 1274 2109 cadebat,
1300 2067 1346 2098 ut
1363 2058 1469 2098 alter
1489 2071 1544 2098 ex
1567 2057 1739 2098 alterius

208 2110 283 2180 152·
296 2114 419 2156 laude
451 2126 631 2172 partem,
663 2125 842 2170 uterque
871 2125 1013 2155 autem
1049 2130 1169 2156 suam
1205 2124 1340 2156 totam
1373 2115 1564 2156 haberet.
1623 2114 1736 2156 Tum

296 2171 472 2223 Brutus,
508 2173 620 2214 Cum
654 2187 709 2213 ex
743 2182 818 2213 tua
858 2173 1053 2213 oratione
1090 2172 1196 2213 mihi
1237 2173 1399 2223 videor,
1438 2172 1593 2228 inquit,
1629 2172 1739 2213 bene

295 2229 498 2271 Crassum
522 2239 565 2271 et
589 2230 828 2271 Scaevolam
852 2230 1124 2286 cognovisse,
1145 2240 1236 2271 tum
1255 2230 1307 2271 de
1330 2238 1372 2270 te
1391 2239 1434 2270 et
1455 2231 1508 2271 de
1532 2229 1622 2270 Ser.
1643 2229 1739 2270 Sul-

292 2287 409 2344 picio
441 2289 653 2345 cogitans,
673 2302 763 2328 esse
787 2288 1003 2343 quandam
1027 2288 1149 2328 vobis
1173 2302 1272 2329 cum
1308 2287 1388 2328 illis
1412 2287 1737 2328 similitudinem

284 2346 456 2402 judico.
519 2347 736 2397 Quonam,
760 2345 951 2401 iuquam,
985 2345 1096 2386 istuc
1118 2346 1280 2387 modo?
1323 2345 1440 2392 Quia
1471 2345 1579 2386 mihi
1609 2355 1653 2386 et
1690 2354 1738 2385 tu

292 2403 465 2455 videris,
489 2403 645 2460 inquit,
667 2414 835 2444 tautum
860 2403 972 2458 juris
1004 2402 1142 2444 civilis
1175 2403 1283 2444 scire
1305 2402 1504 2453 voluisse,
1526 2410 1737 2458 quantum

292 2461 395 2501 satis
415 2471 526 2503 esset
548 2462 730 2512 oratori3
753 2470 795 2502 et
816 2461 988 2502 Servius
1007 2460 1265 2516 eloquentiae
1284 2470 1451 2502 tantum
1473 2460 1737 2510 assumsisse,

292 2527 342 2559 ut
359 2518 434 2573 jus
464 2519 590 2560 civile
617 2518 742 2560 facile
775 2519 911 2575 possit
939 2518 1073 2560 tueri:
1106 2528 1341 2573 aetatesque
1363 2526 1531 2568 vestrae,
1563 2527 1609 2557 ut
1642 2516 1737 2558 illo-

208 2559 277 2608 41
295 2590 404 2626 rum,
426 2576 548 2627 nihil,
567 2587 641 2618 aut
664 2591 748 2617 non
773 2577 859 2617 fere
882 2576 1065 2617 multum
1085 2576 1305 2617 differunt.
1367 2574 1423 2615 Et
1441 2589 1538 2629 eg0‚
1560 2573 1628 2615 De
1653 2589 1736 2626 me,

205 2634 484 2689 151inquam,
518 2634 659 2675 dicere
691 2634 797 2675 nihil
830 2643 895 2675 est
925 2647 1121 2676 neeesse:
1165 2633 1218 2674 de
1250 2633 1399 2674 Servio
1437 2641 1581 2672 autem
1612 2641 1656 2672 et
1687 2641 1734 2673 tu

328 2750 370 2781 90
393 2748 488 2778 Licet
514 2747 623 2777 omnia
650 2749 706 2777 hoc
730 2747 834 2787 modo]
863 2748 926 2778 int.
950 2748 989 2779 de
1034 2751 1177 2788 eaptem,
1194 2751 1228 2777 et
1242 2748 1310 2786 ejus
1332 2745 1465 2776 laudem
1481 2751 1590 2785 petam
1607 2754 1665 2785 per
1679 2744 1737 2776 illa

285 2789 374 2830 ipsis,
390 2799 568 2829 eorumque
585 2790 760 2819 virtutibus
776 2791 820 2820 sie
836 2790 952 2821 dicere.
1032 2790 1183 2830 σχήματα
1211 2790 1337 2829 parium
1374 2789 1504 2828 paribus
1539 2788 1732 2818 relatorum.

327 2835 363 2866 91
389 2837 427 2862 ut
449 2833 604 2863 dicantur
618 2842 638 2862 (ι
657 2842 706 2861 me
722 2828 867 2871 quodam'
879 2832 983 2871 modo]
1031 2833 1093 2863 Sed
1111 2833 1176 2863 Ms.
1194 2833 1304 2871 Cujac.
1325 2831 1466 2861 habebat
1491 2830 1592 2861 etiam
1615 2830 1651 2859 ni
1670 2830 1732 2861 dic.

284 2874 338 2905 Sic
358 2874 483 2905 divisim
506 2875 645 2915 quodam
668 2875 758 2904 modo
779 2874 986 2905 scribendum
1031 2875 1088 2906 &c.
1105 2875 1193 2915 quod
1207 2880 1321 2916 aptum
1338 2873 1368 2904 h.
1384 2872 1409 2905 l.
1427 2882 1493 2905 non
1507 2872 1647 2904 videtur.

282 2916 379 2949 facile
393 2923 487 2960 patet
500 2929 507 2947 ι
531 2922 658 2958 estque,
672 2922 712 2949 ut
726 2917 987 2948 concinnitatem
