1945 3235
705 116 961 155 romeli.
1486 119 1563 155 583

106 220 355 277 subjeetum
387 230 468 272 est,
500 221 672 263 62cert0
705 221 857 273 efficit,
886 229 935 263 ut
962 219 1077 277 ignis
1109 220 1330 265 accendit:
1362 220 1562 272 alterum,

103 280 222 336 quod
246 281 497 322 63naturam
518 279 737 322 efficiendi
759 294 845 320 non
861 278 1007 329 habet,
1021 277 1096 318 sed
1113 277 1204 319 sine
1226 294 1312 334 quo
1334 280 1447 321 effici
1471 293 1561 321 non

105 338 269 396 possit:
302 347 366 390 ut,
385 338 419 379 si
443 336 539 394 quis
562 353 621 379 aes
643 352 818 379 causam
837 344 993 378 statuae
1013 334 1117 376 velit
1146 335 1304 388 dicere,
1327 338 1443 392 quod
1466 337 1560 379 sine

103 409 158 438 eo
190 411 279 438 non
311 395 450 453 possit
479 395 609 437 effici.
673 394 820 450 Hujus
854 393 1024 450 generis
1059 407 1303 444 causarum,
1340 395 1432 436 sine
1469 409 1555 450 quo
1570 398 1620 433 59

104 468 194 496 non
216 454 420 504 efficitur,
450 452 535 494 alia
570 461 670 494 sunt
699 451 862 507 quieta,
895 451 1005 493 nihil
1035 450 1225 516 agentia,
1256 450 1412 492 stolida
1449 466 1559 507 quo-

103 512 339 554 dammodo
355 529 365 564 3
397 521 445 552 ut
464 510 598 559 locus,
622 518 809 565 tempu5‚
827 509 1036 560 materiae,
1060 513 1336 559 ferramenta,
1354 518 1397 549 et
1416 520 1560 552 cetera

103 569 275 626 generis
297 569 515 625 ejusdem3
547 567 630 608 alia
652 576 798 609 autem
820 567 862 598 64
878 566 1217 624 praecursioncm
1241 566 1460 622 quandam
1483 567 1559 608 ad·

102 627 258 670 hibent
274 628 329 669 ad
350 623 648 676 efficiendum,
667 633 712 666 et
742 625 944 681 quaedam
967 625 1154 667 afferunt
1187 639 1262 680 per
1284 638 1328 664 se
1349 623 1562 679 adjuvan-

102 685 180 738 tia,
198 685 280 727 etsi
301 699 390 726 non
412 682 668 735 necessaria,
691 692 739 724 ut
759 683 897 725 amori
920 682 1171 740 congressio
1199 697 1374 724 causam
1405 681 1561 722 attule-

101 743 173 796 rit,
195 756 317 785 amor
338 741 525 799 flagitio.
587 739 654 782 Ex
679 741 764 783 hoc
786 756 944 798 genere
965 755 1208 791 causarum,
1230 755 1285 782 cx
1317 740 1563 781 aeternitate

101 800 403 858 pendentium,
435 799 575 840 fatum
618 814 642 840 a
683 800 844 842 Stoicis
883 799 1087 842 nectitur.
1147 797 1295 853 Atque
1332 809 1379 839 ut
1413 812 1561 839 earum

101 873 345 909 causarum,
378 857 470 899 sine
501 857 660 913 quibus
683 857 798 899 effici
829 872 916 899 non
950 866 1110 916 potest,
1132 871 1292 913 genera
1312 855 1469 908 divisi;
1500 856 1561 898 sic

100 916 233 958 etiam
264 916 550 958 efficientium
574 915 708 958 dividi
744 924 939 972 possunt.
1003 915 1114 956 Sunt
1143 914 1260 955 enirn
1282 914 1378 955 aliae
1401 929 1562 965 causae,

100 990 202 1031 quae
225 974 352 1032 plane
373 974 581 1025 efficiant,
604 973 721 1015 nulla
743 988 787 1015 re
809 973 1072 1030 adjuvante:
1105 971 1218 1022 aliae,
1240 987 1338 1028 quae
1361 971 1558 1028 adjuvari

102 1032 264 1075 velint:
298 1042 348 1074 ut
379 1032 594 1089 sapientia
626 1031 763 1073 efficit
800 1031 1016 1088 sapientes
1056 1031 1146 1072 sola
1186 1046 1261 1088 per
1290 1046 1359 1072 se:
1409 1030 1559 1071 beatos

100 1090 279 1143 efficiat,
303 1105 452 1142 necne,
477 1089 567 1131 sola
589 1104 664 1146 per
686 1104 744 1141 se,
763 1090 949 1146 quaestio
970 1100 1050 1131 est.
1113 1089 1260 1136 Quare
1282 1103 1382 1130 cum
1405 1088 1449 1129 in
1472 1088 1558 1129 dis-
1571 1103 1623 1139 60

100 1150 376 1206 putationem
399 1148 602 1190 inciderit
623 1163 754 1189 causa
776 1148 969 1189 efficiens
999 1147 1164 1204 aliquid
1188 1146 1444 1198 necessario,
1469 1147 1559 1188 sine

100 1207 379 1249 dubitatione
402 1206 566 1256 licebit,
589 1206 705 1261 quod
729 1206 917 1248 efficitur
947 1206 1002 1247 ab
1031 1221 1082 1248 ea
1116 1220 1262 1256 causa,
1285 1205 1558 1246 concludere.

99 1264 219 1307 Cum
242 1274 388 1307 autem
410 1264 493 1306 erit
523 1264 618 1305 talis
643 1279 786 1316 causa,
811 1275 858 1306 ut
888 1266 932 1306 in
967 1279 1019 1306 ea
1050 1279 1137 1305 non
1162 1263 1218 1304 sit
1244 1263 1460 1305 efficiendi
1485 1278 1558 1304 ne·
1577 1273 1645 1328 16

98 1324 306 1376 cessitas;
348 1322 590 1364 necessaria
621 1322 845 1364 conclusio
878 1337 963 1364 non
997 1322 1206 1378 sequitur.
1266 1323 1416 1378 Atque·
1454 1321 1559 1364 illud

99 1382 276 1437 quidem
299 1396 438 1438 genus
471 1395 714 1431 causarum,
735 1381 853 1436 quod
883 1380 1016 1422 habet
1049 1381 1136 1422 vim
1169 1379 1387 1422 efficiendi
1410 1394 1558 1422 neces·
1571 1409 1683 1448 ΜΝ

100 1439 272 1491 sariam,
307 1453 497 1480 errorem
527 1438 681 1480 afferre
711 1454 799 1480 non
832 1438 921 1480 fere
943 1438 1076 1481 solet:
1109 1439 1150 1470 65
1165 1437 1248 1479 hoc
1282 1448 1443 1490 autem,
1466 1439 1599 1483 sinen,
1685 1432 1691 1440 ⁶

97 1512 185 1553 quo
207 1512 297 1539 non
318 1497 522 1548 efficitur,
545 1511 663 1552 saepe
693 1498 944 1539 conturbat.
1007 1497 1110 1538 Non
1142 1496 1275 1547 enim,
1300 1496 1334 1537 si
1368 1497 1460 1537 sine
1483 1511 1559 1553 pa-

97 1556 295 1598 rentibus
319 1555 394 1597 filii
417 1569 511 1596 esse
533 1569 621 1596 non
656 1565 854 1611 possunt,
878 1564 1109 1612 propterea
1141 1569 1272 1596 causa
1302 1553 1386 1595 fuit
1412 1555 1454 1595 in
1485 1570 1560 1611 pa-

94 1613 293 1656 rentibus
316 1612 528 1671 gignendi
551 1614 806 1655 necessaria.
869 1613 972 1656 Hoc
994 1613 1144 1669 igitur,
1167 1613 1260 1654 sine
1281 1627 1368 1668 quo
1388 1628 1474 1655 non
1496 1613 1620 1677 {inm

97 1672 153 1713 ab
184 1686 251 1723 eo,
284 1687 310 1712 a
342 1686 429 1728 quo
462 1680 582 1714 certo
613 1670 678 1722 fit,
711 1671 948 1729 diligenter
977 1682 1043 1712 est
1082 1670 1386 1728 separandum.
1448 1670 1562 1713 Illud

95 1730 215 1772 enim
236 1738 304 1771 est
327 1739 566 1786 tamquam,

371 1805 521 1842 Utinam
535 1818 580 1841 ne
598 1807 636 1842 in
654 1818 800 1842 nemore
820 1806 926 1842 Pelio
940 1806 1124 1842 securibus

361 1859 462 1895 Caesa
481 1860 669 1895 cecidisset
683 1859 839 1907 abiegna
857 1861 907 1895 ad
926 1863 1065 1895 terram
1083 1858 1228 1896 trabes!

97 1926 197 1970 Nisi
229 1926 346 1968 enim
383 1927 613 1969 cecidisset
651 1928 840 1985 abiegna
870 1927 923 1969 ad
959 1936 1117 1968 terram
1150 1927 1310 1977 trabes,
1333 1925 1457 1983 Argo
1494 1925 1565 1968 illa

95 1984 215 2027 facta
253 1999 342 2028 non
377 1995 503 2027 esset.
537 2000 616 2027 nec
651 1995 795 2027 tamen
827 1985 912 2027 fuit
943 1986 985 2026 in
1016 1985 1083 2026 his
1117 1985 1314 2026 trabibus
1343 1984 1563 2027 efficiendi

96 2043 162 2084 vis
199 2044 455 2086 necessaria.
530 2043 592 2085 At
633 2058 732 2085 cum
777 2044 821 2085 in
859 2043 1009 2099 Ajucis
1041 2044 1188 2085 navim
1228 2041 1564 2098 66c2·ispis11lcans

96 2100 444 2159 igneumfulmen
473 2101 683 2158 injectum
719 2110 800 2154 est,
830 2102 1128 2144 inflammatur
1149 2101 1271 2142 navis
1301 2100 1560 2142 necessario.

95 2159 246 2216 Atque
267 2160 398 2202 etiam
419 2170 487 2202 est
505 2175 732 2202 causarum
756 2160 1081 2212 dissimilitudo,
1104 2160 1222 2216 qnod
1254 2159 1349 2201 aliae
1373 2169 1489 2210 sunt,
1511 2169 1561 2200 ut
1598 2184 1602 2187 -

98 2217 192 2259 sine
216 2217 303 2260 ulla
323 2218 595 2276 appetitione
627 2218 777 2271 animi,
811 2219 904 2261 sine
937 2219 1177 2271 voluntate,
1210 2218 1302 2259 sine
1336 2217 1559 2274 opinione,

849 2356 923 2377 cere
945 2345 1117 2384 debuisse;
1152 2356 1184 2376 v.
1208 2356 1238 2376 c.
1259 2346 1318 2375 hoe
1337 2348 1462 2381 autem,
1476 2343 1562 2384 quod

136 2345 179 2377 62
201 2350 288 2376 certo
316 2344 431 2386 efficit]
456 2344 567 2386 Vulgo
592 2344 680 2377 male
708 2349 805 2377 certe.

848 2398 913 2419 non
939 2390 1036 2420 habet
1055 2388 1217 2431 efficiendi
1239 2389 1306 2418 vim
1329 2388 1561 2424 neeessariam,

92 2387 150 2419 sed
164 2389 211 2418 sic
224 2394 259 2419 et
274 2399 302 2419 c.
321 2389 370 2420 16.

137 2431 178 2462 63
211 2436 374 2462 natura-m
408 2430 571 2473 ffciendi
597 2441 662 2462 mm
690 2431 802 2471 habet]

93 2474 150 2505 Sic
173 2474 248 2505 edd.
273 2485 322 2515 pr.
346 2484 415 2505 non
438 2473 671 2514 habeat‚quod
693 2474 804 2505 locum

97 2526 164 2548 non
188 2517 301 2549 habet.
346 2517 434 2558 Quia
457 2518 492 2548 in
526 2516 632 2548 altero
660 2517 810 2548 membro

94 2567 145 2589 est
177 2561 291 2600 possit,
322 2561 412 2601 prius
438 2561 468 2591 ei
499 2560 807 2592 accommodaverez

96 2602 155 2632 sed
179 2602 214 2633 in
238 2603 344 2634 altero
369 2613 438 2634 non
464 2603 513 2634 ita
535 2613 595 2644 pro
619 2608 710 2634 certo
733 2612 809 2644 pro-

96 2645 295 2676 nunciatur:
312 2650 362 2677 est
371 2647 564 2677 Graecorum
580 2647 619 2676 ἐκ
635 2646 670 2676 ἔν
683 2645 808 2677 δύναμιν.

136 2689 178 2718 64
187 2690 444 2728 parem-sionem
453 2701 480 2730 q.
496 2690 664 2729 adhibent]
683 2690 807 2729 Exqui-

93 2731 156 2761 nite
170 2731 204 2761 in
219 2730 252 2762 h.
270 2730 293 2762 l.
316 2742 376 2772 pro
397 2734 529 2769 habent,
550 2733 628 2771 quia
650 2732 709 2763 illa
723 2742 805 2774 prae-

95 2774 204 2804 cursio
222 2773 368 2814 adjuvat.
398 2775 479 2806 Mox
494 2785 554 2817 pro
570 2773 722 2817 afferunt
736 2775 804 2807 Ms.

93 2817 133 2847 V.
147 2815 305 2857 qff'erunt.

135 2859 176 2890 65
200 2861 258 2890 lwc
278 2865 406 2898 autem,
432 2861 502 2891 sine
531 2871 594 2901 quo
619 2861 693 2901 ἄτῃ]
719 2861 805 2891 Βοὲ-

89 2901 182 2933 thius
197 2908 308 2944 putat,
320 2904 515 2936 Ciceronem
529 2904 600 2935 haee
614 2904 743 2945 plenius
757 2903 805 2934 di-

849 2434 902 2462 vel
913 2433 983 2463 sine
997 2443 1058 2473 quo
1073 2442 1137 2462 non
1152 2432 1308 2473 efficitur,
1324 2440 1406 2469 ssepe
1429 2435 1563 2460 coutur-

850 2475 918 2506 but.
965 2476 1123 2506 Ceterum
1136 2476 1182 2505 sic
1195 2484 1263 2505 esse
1280 2484 1299 2504 a
1312 2474 1470 2503 Cicerone
1483 2473 1562 2503 scri-

853 2522 964 2558 ptum,
990 2524 1028 2548 ut
1042 2518 1165 2554 editur,
1189 2520 1283 2558 patet
1298 2527 1315 2546 e
1335 2516 1561 2555 sequentibus,

853 2561 909 2591 ubi
923 2561 1048 2601 pariter
1062 2570 1178 2600 genus,
1193 2560 1264 2590 sine
1281 2570 1345 2599 quo
1359 2569 1425 2588 non
1444 2560 1496 2595 fit,
1511 2569 1548 2588 so

852 2602 922 2634 lum
937 2605 1084 2644 ponitur.
1121 2603 1200 2633 Post
1215 2604 1320 2643 proin
1334 2611 1396 2642 quo
1410 2606 1497 2632 certe
1509 2601 1549 2631 ed

853 2645 936 2677 vem
951 2646 1024 2677 Ald.
1043 2646 1168 2677 habent
1183 2647 1224 2676 ab
1236 2656 1283 2684 eo,
1295 2655 1318 2675 α
1332 2655 1393 2684 quo
1407 2650 1494 2674 certo
1500 2645 1547 2686 fit

851 2689 948 2728 dilig.
960 2700 992 2720 e⁴
1005 2701 1032 2720 s.
1048 2689 1143 2720 bene.

892 2732 934 2762 66
945 2731 1196 2773 crispisulcans]
1217 2729 1378 2762 Boethius
1393 2728 1494 2758 divise
1507 2739 1562 2759 ac-

849 2774 944 2815 cipit,
968 2780 1006 2805 et
1029 2776 1130 2815 crispi
1155 2775 1257 2806 refert
1285 2772 1326 2803 nd
1352 2770 1475 2812 Ajaci&
1524 2771 1561 2802 ln

849 2816 956 2856 Ajaeis
968 2817 1077 2859 Crispi
1095 2818 1206 2848 navim
1231 2816 1361 2846 fulmen
1379 2815 1438 2844 ἃς.
1461 2814 1560 2844 Favet

848 2860 914 2891 Me.
928 2860 972 2891 V.
995 2862 1052 2901 qui
1079 2861 1169 2892 inter
1191 2860 1289 2898 erispa·
1311 2862 1343 2888 et
1361 2857 1493 2888 sulcam
1512 2857 1561 2888 in-

846 2903 1027 2935 termnum
1040 2903 1154 2942 habet,
1171 2909 1208 2934 ut
1223 2903 1288 2934 duo
1306 2904 1403 2933 vet-na
1416 2901 1496 2931 sint.

784 2953 907 3004 Pp4
