<?xml version="1.0" encoding="UTF-8"?>
<!DOCTYPE html PUBLIC "-//W3C//DTD XHTML 1.0 Transitional//EN"
    "http://www.w3.org/TR/xhtml1/DTD/xhtml1-transitional.dtd">
<html xmlns="http://www.w3.org/1999/xhtml" xml:lang="en" lang="en">
 <head>
  <title>
</title>
<meta http-equiv="Content-Type" content="text/html;charset=utf-8" />
  <meta name='ocr-system' content='tesseract 3.04.00' />
  <meta name='ocr-capabilities' content='ocr_page ocr_carea ocr_par ocr_line ocrx_word'/>
</head>
<body>
  <div class='ocr_page' id='page_1' title='image "./operaomnia01ciceuoft_0289.png"; bbox 0 0 1945 3235; ppageno 0'>
   <div class='ocr_carea' id='block_1_1' title="bbox 138 116 1685 2116">
    <p class='ocr_par' dir='ltr' id='par_1_1' title="bbox 138 116 1685 2116">
     <span class='ocr_line' id='line_1_1' title="bbox 546 116 1571 162; baseline 0 -6"><span class='ocrx_word' id='word_1_1' title='bbox 546 116 730 156; x_wconf 84' lang='lat' dir='ltr'><strong>LIBER</strong></span> <span class='ocrx_word' id='word_1_2' title='bbox 757 116 1082 157; x_wconf 88' lang='lat' dir='ltr'><strong>SECUNDUS.</strong></span> <span class='ocrx_word' id='word_1_3' title='bbox 1493 121 1571 162; x_wconf 67' lang='lat'>521?</span> 
     </span>
     <span class='ocr_line' id='line_1_2' title="bbox 143 217 1573 283; baseline -0.002 -17"><span class='ocrx_word' id='word_1_4' title='bbox 143 231 243 283; x_wconf 87' lang='lat' dir='ltr'>post</span> <span class='ocrx_word' id='word_1_5' title='bbox 263 222 521 280; x_wconf 87' lang='lat' dir='ltr'>supplicium</span> <span class='ocrx_word' id='word_1_6' title='bbox 543 221 737 263; x_wconf 86' lang='lat' dir='ltr'><strong>sumitur.</strong></span> <span class='ocrx_word' id='word_1_7' title='bbox 797 219 916 263; x_wconf 88' lang='lat' dir='ltr'><strong>Inter</strong></span> <span class='ocrx_word' id='word_1_8' title='bbox 937 234 1024 271; x_wconf 88' lang='lat' dir='ltr'>eos,</span> <span class='ocrx_word' id='word_1_9' title='bbox 1056 219 1131 274; x_wconf 90' lang='lat' dir='ltr'>qui</span> <span class='ocrx_word' id='word_1_10' title='bbox 1155 217 1328 261; x_wconf 83' lang='lat' dir='ltr'>heredes</span> <span class='ocrx_word' id='word_1_11' title='bbox 1347 221 1390 262; x_wconf 87' lang='lat' dir='ltr'>in</span> <span class='ocrx_word' id='word_1_12' title='bbox 1412 222 1573 269; x_wconf 78' lang='lat' dir='ltr'>tabulis</span> 
     </span>
     <span class='ocr_line' id='line_1_3' title="bbox 142 276 1568 339; baseline -0.002 -15"><span class='ocrx_word' id='word_1_13' title='bbox 142 281 291 339; x_wconf 85' lang='lat' dir='ltr'>scripti</span> <span class='ocrx_word' id='word_1_14' title='bbox 314 291 427 331; x_wconf 87' lang='lat' dir='ltr'>sunt,</span> <span class='ocrx_word' id='word_1_15' title='bbox 445 288 488 321; x_wconf 89' lang='lat' dir='ltr'>et</span> <span class='ocrx_word' id='word_1_16' title='bbox 508 279 618 320; x_wconf 85' lang='lat' dir='ltr'>inter</span> <span class='ocrx_word' id='word_1_17' title='bbox 636 286 831 335; x_wconf 83' lang='lat' dir='ltr'>agnatos,</span> <span class='ocrx_word' id='word_1_18' title='bbox 844 278 897 319; x_wconf 86' lang='lat' dir='ltr'>de</span> <span class='ocrx_word' id='word_1_19' title='bbox 918 276 1156 318; x_wconf 85' lang='lat' dir='ltr'>hereditate</span> <span class='ocrx_word' id='word_1_20' title='bbox 1178 279 1467 319; x_wconf 81' lang='lat' dir='ltr'>controversia</span> <span class='ocrx_word' id='word_1_21' title='bbox 1489 290 1568 321; x_wconf 81' lang='lat' dir='ltr'>est.</span> 
     </span>
     <span class='ocr_line' id='line_1_4' title="bbox 143 334 1569 392; baseline -0.003 -11"><span class='ocrx_word' id='word_1_22' title='bbox 143 339 233 381; x_wconf 87' lang='lat' dir='ltr'>Hic</span> <span class='ocrx_word' id='word_1_23' title='bbox 264 347 381 381; x_wconf 86' lang='lat' dir='ltr'>certa</span> <span class='ocrx_word' id='word_1_24' title='bbox 409 337 493 388; x_wconf 87' lang='lat' dir='ltr'>lex,</span> <span class='ocrx_word' id='word_1_25' title='bbox 522 352 619 392; x_wconf 87' lang='lat' dir='ltr'>quae</span> <span class='ocrx_word' id='word_1_26' title='bbox 651 336 895 377; x_wconf 83' lang='lat' dir='ltr'>testamenti</span> <span class='ocrx_word' id='word_1_27' title='bbox 924 334 1110 375; x_wconf 83' lang='lat' dir='ltr'>faciendi</span> <span class='ocrx_word' id='word_1_28' title='bbox 1140 334 1207 384; x_wconf 84' lang='lat' dir='ltr'>iis,</span> <span class='ocrx_word' id='word_1_29' title='bbox 1230 335 1303 389; x_wconf 90' lang='lat' dir='ltr'>qui</span> <span class='ocrx_word' id='word_1_30' title='bbox 1334 335 1378 375; x_wconf 90' lang='lat' dir='ltr'>in</span> <span class='ocrx_word' id='word_1_31' title='bbox 1400 350 1450 376; x_wconf 92' lang='lat' dir='ltr'>eo</span> <span class='ocrx_word' id='word_1_32' title='bbox 1475 336 1569 377; x_wconf 89' lang='lat' dir='ltr'>loco</span> 
     </span>
     <span class='ocr_line' id='line_1_5' title="bbox 143 390 1570 449; baseline -0.004 -10"><span class='ocrx_word' id='word_1_33' title='bbox 143 398 243 449; x_wconf 88' lang='lat' dir='ltr'>sint,</span> <span class='ocrx_word' id='word_1_34' title='bbox 273 395 434 437; x_wconf 84' lang='lat' dir='ltr'>adimat</span> <span class='ocrx_word' id='word_1_35' title='bbox 455 402 727 449; x_wconf 86' lang='lat' dir='ltr'>potestatem,</span> <span class='ocrx_word' id='word_1_36' title='bbox 750 392 865 434; x_wconf 84' lang='lat' dir='ltr'>nulla</span> <span class='ocrx_word' id='word_1_37' title='bbox 894 392 1122 448; x_wconf 88' lang='lat' dir='ltr'>profertur.</span> <span class='ocrx_word' id='word_1_38' title='bbox 1184 390 1251 432; x_wconf 81' lang='lat' dir='ltr'>Ex</span> <span class='ocrx_word' id='word_1_39' title='bbox 1283 392 1433 432; x_wconf 87' lang='lat' dir='ltr'>ceteris</span> <span class='ocrx_word' id='word_1_40' title='bbox 1464 393 1570 448; x_wconf 80' lang='lat' dir='ltr'>legi-</span> 
     </span>
     <span class='ocr_line' id='line_1_6' title="bbox 138 449 1572 508; baseline -0.004 -12"><span class='ocrx_word' id='word_1_41' title='bbox 138 455 238 507; x_wconf 86' lang='lat' dir='ltr'>bus,</span> <span class='ocrx_word' id='word_1_42' title='bbox 260 462 304 495; x_wconf 91' lang='lat' dir='ltr'>et</span> <span class='ocrx_word' id='word_1_43' title='bbox 321 467 415 508; x_wconf 87' lang='lat' dir='ltr'>quae</span> <span class='ocrx_word' id='word_1_44' title='bbox 445 451 561 493; x_wconf 92' lang='lat' dir='ltr'>hunc</span> <span class='ocrx_word' id='word_1_45' title='bbox 592 452 733 507; x_wconf 87' lang='lat' dir='ltr'>ipsum</span> <span class='ocrx_word' id='word_1_46' title='bbox 767 450 978 506; x_wconf 88' lang='lat' dir='ltr'>supplicio</span> <span class='ocrx_word' id='word_1_47' title='bbox 1010 449 1257 504; x_wconf 80' lang='lat' dir='ltr'>hujusmodi</span> <span class='ocrx_word' id='word_1_48' title='bbox 1288 449 1496 500; x_wconf 85' lang='lat' dir='ltr'>afficiunt,</span> <span class='ocrx_word' id='word_1_49' title='bbox 1527 459 1572 491; x_wconf 84' lang='lat' dir='ltr'>et</span> 
     </span>
     <span class='ocr_line' id='line_1_7' title="bbox 146 506 1571 568; baseline -0.006 -15"><span class='ocrx_word' id='word_1_50' title='bbox 146 527 244 568; x_wconf 84' lang='lat' dir='ltr'>quae</span> <span class='ocrx_word' id='word_1_51' title='bbox 267 511 320 552; x_wconf 86' lang='lat' dir='ltr'>ad</span> <span class='ocrx_word' id='word_1_52' title='bbox 351 508 594 550; x_wconf 81' lang='lat' dir='ltr'>testamenti</span> <span class='ocrx_word' id='word_1_53' title='bbox 625 507 810 549; x_wconf 88' lang='lat' dir='ltr'>faciendi</span> <span class='ocrx_word' id='word_1_54' title='bbox 842 516 1100 563; x_wconf 89' lang='lat' dir='ltr'>potestatem</span> <span class='ocrx_word' id='word_1_55' title='bbox 1136 506 1366 562; x_wconf 86' lang='lat' dir='ltr'>pertinent,</span> <span class='ocrx_word' id='word_1_56' title='bbox 1402 519 1475 561; x_wconf 91' lang='lat' dir='ltr'>per</span> <span class='ocrx_word' id='word_1_57' title='bbox 1506 521 1571 546; x_wconf 83' lang='lat' dir='ltr'>ra-</span> 
     </span>
     <span class='ocr_line' id='line_1_8' title="bbox 146 563 1572 619; baseline -0.006 -8"><span class='ocrx_word' id='word_1_58' title='bbox 146 568 470 610; x_wconf 84' lang='lat' dir='ltr'>tiocinationem</span> <span class='ocrx_word' id='word_1_59' title='bbox 508 566 766 607; x_wconf 78' lang='lat' dir='ltr'>veniendum</span> <span class='ocrx_word' id='word_1_60' title='bbox 807 574 872 605; x_wconf 90' lang='lat' dir='ltr'>est</span> <span class='ocrx_word' id='word_1_61' title='bbox 913 564 966 605; x_wconf 85' lang='lat' dir='ltr'>ad</span> <span class='ocrx_word' id='word_1_62' title='bbox 1007 563 1220 619; x_wconf 85' lang='lat' dir='ltr'>ejusmodi</span> <span class='ocrx_word' id='word_1_63' title='bbox 1257 563 1482 614; x_wconf 85' lang='lat' dir='ltr'>rationem,</span> <span class='ocrx_word' id='word_1_64' title='bbox 1524 572 1572 604; x_wconf 89' lang='lat' dir='ltr'>ut</span> 
     </span>
     <span class='ocr_line' id='line_1_9' title="bbox 145 620 1661 682; baseline -0.004 -16"><span class='ocrx_word' id='word_1_65' title='bbox 145 634 374 682; x_wconf 87' lang='lat' dir='ltr'>quaeratur,</span> <span class='ocrx_word' id='word_1_66' title='bbox 396 623 648 664; x_wconf 82' lang='lat' dir='ltr'>habueritne</span> <span class='ocrx_word' id='word_1_67' title='bbox 663 623 907 663; x_wconf 80' lang='lat' dir='ltr'>testamenti</span> <span class='ocrx_word' id='word_1_68' title='bbox 930 622 1114 663; x_wconf 83' lang='lat' dir='ltr'>faciendi</span> <span class='ocrx_word' id='word_1_69' title='bbox 1134 630 1406 677; x_wconf 85' lang='lat' dir='ltr'>potestatem.</span> <span class='ocrx_word' id='word_1_70' title='bbox 1436 624 1476 655; x_wconf 79' lang='lat'>75</span> <span class='ocrx_word' id='word_1_71' title='bbox 1489 620 1571 661; x_wconf 94' lang='lat' dir='ltr'>Lo-</span> <span class='ocrx_word' id='word_1_72' title='bbox 1586 623 1661 658; x_wconf 84' lang='lat'>150</span> 
     </span>
     <span class='ocr_line' id='line_1_10' title="bbox 145 677 1574 736; baseline -0.004 -11"><span class='ocrx_word' id='word_1_73' title='bbox 145 699 219 725; x_wconf 88' lang='lat' dir='ltr'>cos</span> <span class='ocrx_word' id='word_1_74' title='bbox 251 690 394 723; x_wconf 90' lang='lat' dir='ltr'>autem</span> <span class='ocrx_word' id='word_1_75' title='bbox 422 695 670 721; x_wconf 85' lang='lat' dir='ltr'>communes</span> <span class='ocrx_word' id='word_1_76' title='bbox 700 680 783 722; x_wconf 89' lang='lat' dir='ltr'>hoc</span> <span class='ocrx_word' id='word_1_77' title='bbox 805 680 849 720; x_wconf 93' lang='lat' dir='ltr'>in</span> <span class='ocrx_word' id='word_1_78' title='bbox 872 694 1027 736; x_wconf 84' lang='lat' dir='ltr'>genere</span> <span class='ocrx_word' id='word_1_79' title='bbox 1048 678 1391 735; x_wconf 85' lang='lat' dir='ltr'>argumentandi,</span> <span class='ocrx_word' id='word_1_80' title='bbox 1413 677 1507 729; x_wconf 86' lang='lat' dir='ltr'>hos,</span> <span class='ocrx_word' id='word_1_81' title='bbox 1529 687 1574 719; x_wconf 84' lang='lat' dir='ltr'>et</span> 
     </span>
     <span class='ocr_line' id='line_1_11' title="bbox 146 735 1574 795; baseline -0.004 -14"><span class='ocrx_word' id='word_1_82' title='bbox 146 738 394 795; x_wconf 87' lang='lat' dir='ltr'>hujusmodi</span> <span class='ocrx_word' id='word_1_83' title='bbox 413 738 620 793; x_wconf 86' lang='lat' dir='ltr'>quosdam</span> <span class='ocrx_word' id='word_1_84' title='bbox 643 752 734 778; x_wconf 83' lang='lat' dir='ltr'>esse</span> <span class='ocrx_word' id='word_1_85' title='bbox 756 738 1036 779; x_wconf 85' lang='lat' dir='ltr'>arbitramur:</span> <span class='ocrx_word' id='word_1_86' title='bbox 1070 737 1272 792; x_wconf 89' lang='lat' dir='ltr'>primum,</span> <span class='ocrx_word' id='word_1_87' title='bbox 1294 735 1386 791; x_wconf 85' lang='lat' dir='ltr'>ejus</span> <span class='ocrx_word' id='word_1_88' title='bbox 1409 735 1574 791; x_wconf 88' lang='lat' dir='ltr'>scripti,</span> 
     </span>
     <span class='ocr_line' id='line_1_12' title="bbox 143 792 1574 855; baseline -0.003 -17"><span class='ocrx_word' id='word_1_89' title='bbox 143 797 259 855; x_wconf 87' lang='lat' dir='ltr'>quod</span> <span class='ocrx_word' id='word_1_90' title='bbox 282 795 485 853; x_wconf 81' lang='lat' dir='ltr'>proferaS,</span> <span class='ocrx_word' id='word_1_91' title='bbox 507 795 797 836; x_wconf 85' lang='lat' dir='ltr'>laudationem</span> <span class='ocrx_word' id='word_1_92' title='bbox 814 804 858 836; x_wconf 88' lang='lat' dir='ltr'>et</span> <span class='ocrx_word' id='word_1_93' title='bbox 879 794 1275 837; x_wconf 82' lang='lat' dir='ltr'>confirmationem:</span> <span class='ocrx_word' id='word_1_94' title='bbox 1308 793 1461 834; x_wconf 89' lang='lat' dir='ltr'>deinde</span> <span class='ocrx_word' id='word_1_95' title='bbox 1482 792 1574 847; x_wconf 79' lang='lat' dir='ltr'>ejus</span> 
     </span>
     <span class='ocr_line' id='line_1_13' title="bbox 145 850 1578 909; baseline -0.002 -14"><span class='ocrx_word' id='word_1_96' title='bbox 145 855 220 906; x_wconf 90' lang='lat' dir='ltr'>rei,</span> <span class='ocrx_word' id='word_1_97' title='bbox 242 869 327 909; x_wconf 85' lang='lat' dir='ltr'>qua</span> <span class='ocrx_word' id='word_1_98' title='bbox 349 853 400 894; x_wconf 91' lang='lat' dir='ltr'>de</span> <span class='ocrx_word' id='word_1_99' title='bbox 423 862 653 908; x_wconf 78' lang='lat' dir='ltr'>quaeratur,</span> <span class='ocrx_word' id='word_1_100' title='bbox 683 868 782 894; x_wconf 90' lang='lat' dir='ltr'>cum</span> <span class='ocrx_word' id='word_1_101' title='bbox 812 867 877 903; x_wconf 89' lang='lat' dir='ltr'>eo,</span> <span class='ocrx_word' id='word_1_102' title='bbox 896 852 949 893; x_wconf 87' lang='lat' dir='ltr'>de</span> <span class='ocrx_word' id='word_1_103' title='bbox 979 866 1064 907; x_wconf 90' lang='lat' dir='ltr'>quo</span> <span class='ocrx_word' id='word_1_104' title='bbox 1094 859 1278 902; x_wconf 85' lang='lat' dir='ltr'>constat,</span> <span class='ocrx_word' id='word_1_105' title='bbox 1301 850 1578 892; x_wconf 81' lang='lat' dir='ltr'>collationem</span> 
     </span>
     <span class='ocr_line' id='line_1_14' title="bbox 147 907 1578 968; baseline -0.003 -15"><span class='ocrx_word' id='word_1_106' title='bbox 147 910 375 968; x_wconf 81' lang='lat' dir='ltr'>ejusmodi,</span> <span class='ocrx_word' id='word_1_107' title='bbox 397 918 445 951; x_wconf 88' lang='lat' dir='ltr'>ut</span> <span class='ocrx_word' id='word_1_108' title='bbox 463 911 521 963; x_wconf 90' lang='lat' dir='ltr'>id,</span> <span class='ocrx_word' id='word_1_109' title='bbox 544 910 596 951; x_wconf 91' lang='lat' dir='ltr'>de</span> <span class='ocrx_word' id='word_1_110' title='bbox 618 925 704 965; x_wconf 88' lang='lat' dir='ltr'>quo</span> <span class='ocrx_word' id='word_1_111' title='bbox 726 910 948 966; x_wconf 79' lang='lat' dir='ltr'>quaeritur,</span> <span class='ocrx_word' id='word_1_112' title='bbox 971 909 1045 961; x_wconf 88' lang='lat' dir='ltr'>rei,</span> <span class='ocrx_word' id='word_1_113' title='bbox 1059 909 1113 950; x_wconf 86' lang='lat' dir='ltr'>de</span> <span class='ocrx_word' id='word_1_114' title='bbox 1130 923 1215 964; x_wconf 86' lang='lat' dir='ltr'>qua</span> <span class='ocrx_word' id='word_1_115' title='bbox 1235 918 1418 958; x_wconf 88' lang='lat' dir='ltr'>constet,</span> <span class='ocrx_word' id='word_1_116' title='bbox 1441 907 1578 952; x_wconf 70' lang='lat' dir='ltr'>simile,</span> 
     </span>
     <span class='ocr_line' id='line_1_15' title="bbox 146 965 1579 1024; baseline -0.003 -13"><span class='ocrx_word' id='word_1_117' title='bbox 146 984 237 1011; x_wconf 89' lang='lat' dir='ltr'>esse</span> <span class='ocrx_word' id='word_1_118' title='bbox 272 968 485 1010; x_wconf 86' lang='lat' dir='ltr'>videatur:</span> <span class='ocrx_word' id='word_1_119' title='bbox 518 977 669 1024; x_wconf 88' lang='lat' dir='ltr'>postea</span> <span class='ocrx_word' id='word_1_120' title='bbox 706 967 1033 1009; x_wconf 86' lang='lat' dir='ltr'>admirationem</span> <span class='ocrx_word' id='word_1_121' title='bbox 1072 967 1113 1001; x_wconf 78' lang='lat'>76</span> <span class='ocrx_word' id='word_1_122' title='bbox 1128 980 1203 1022; x_wconf 90' lang='lat' dir='ltr'>per</span> <span class='ocrx_word' id='word_1_123' title='bbox 1242 965 1579 1017; x_wconf 82' lang='lat' dir='ltr'>contentionem,</span> 
     </span>
     <span class='ocr_line' id='line_1_16' title="bbox 148 1022 1580 1083; baseline -0.003 -16"><span class='ocrx_word' id='word_1_124' title='bbox 148 1027 222 1083; x_wconf 87' lang='lat' dir='ltr'>qui</span> <span class='ocrx_word' id='word_1_125' title='bbox 256 1026 347 1067; x_wconf 89' lang='lat' dir='ltr'>fieri</span> <span class='ocrx_word' id='word_1_126' title='bbox 382 1026 532 1081; x_wconf 84' lang='lat' dir='ltr'>possit,</span> <span class='ocrx_word' id='word_1_127' title='bbox 564 1034 625 1076; x_wconf 90' lang='lat' dir='ltr'>ut,</span> <span class='ocrx_word' id='word_1_128' title='bbox 658 1026 732 1081; x_wconf 94' lang='lat' dir='ltr'>qui</span> <span class='ocrx_word' id='word_1_129' title='bbox 765 1025 849 1066; x_wconf 83' lang='lat' dir='ltr'>hoe</span> <span class='ocrx_word' id='word_1_130' title='bbox 881 1039 1053 1079; x_wconf 86' lang='lat' dir='ltr'>aequum</span> <span class='ocrx_word' id='word_1_131' title='bbox 1083 1038 1173 1064; x_wconf 87' lang='lat' dir='ltr'>esse</span> <span class='ocrx_word' id='word_1_132' title='bbox 1212 1023 1436 1074; x_wconf 83' lang='lat' dir='ltr'>concedat,</span> <span class='ocrx_word' id='word_1_133' title='bbox 1475 1022 1580 1063; x_wconf 87' lang='lat' dir='ltr'>illud</span> 
     </span>
     <span class='ocr_line' id='line_1_17' title="bbox 148 1080 1582 1141; baseline -0.003 -16"><span class='ocrx_word' id='word_1_134' title='bbox 148 1093 293 1141; x_wconf 87' lang='lat' dir='ltr'>neget,</span> <span class='ocrx_word' id='word_1_135' title='bbox 315 1083 431 1139; x_wconf 84' lang='lat' dir='ltr'>quod</span> <span class='ocrx_word' id='word_1_136' title='bbox 461 1092 535 1124; x_wconf 86' lang='lat' dir='ltr'>aut</span> <span class='ocrx_word' id='word_1_137' title='bbox 557 1083 736 1138; x_wconf 85' lang='lat' dir='ltr'>aequius,</span> <span class='ocrx_word' id='word_1_138' title='bbox 768 1091 842 1123; x_wconf 85' lang='lat' dir='ltr'>aut</span> <span class='ocrx_word' id='word_1_139' title='bbox 872 1082 1024 1123; x_wconf 88' lang='lat' dir='ltr'>eodem</span> <span class='ocrx_word' id='word_1_140' title='bbox 1058 1081 1113 1122; x_wconf 87' lang='lat' dir='ltr'>sit</span> <span class='ocrx_word' id='word_1_141' title='bbox 1143 1081 1187 1122; x_wconf 90' lang='lat' dir='ltr'>in</span> <span class='ocrx_word' id='word_1_142' title='bbox 1218 1095 1394 1137; x_wconf 83' lang='lat' dir='ltr'>genere:</span> <span class='ocrx_word' id='word_1_143' title='bbox 1427 1080 1582 1121; x_wconf 82' lang='lat' dir='ltr'>deinde</span> 
     </span>
     <span class='ocr_line' id='line_1_18' title="bbox 148 1137 1583 1195; baseline -0.003 -12"><span class='ocrx_word' id='word_1_144' title='bbox 148 1142 309 1183; x_wconf 87' lang='lat' dir='ltr'>idcirco</span> <span class='ocrx_word' id='word_1_145' title='bbox 345 1141 425 1182; x_wconf 87' lang='lat' dir='ltr'>hac</span> <span class='ocrx_word' id='word_1_146' title='bbox 454 1141 506 1182; x_wconf 90' lang='lat' dir='ltr'>de</span> <span class='ocrx_word' id='word_1_147' title='bbox 540 1155 583 1180; x_wconf 86' lang='lat' dir='ltr'>re</span> <span class='ocrx_word' id='word_1_148' title='bbox 616 1140 723 1181; x_wconf 89' lang='lat' dir='ltr'>nihil</span> <span class='ocrx_word' id='word_1_149' title='bbox 755 1154 845 1181; x_wconf 83' lang='lat' dir='ltr'>esse</span> <span class='ocrx_word' id='word_1_150' title='bbox 879 1139 1103 1195; x_wconf 82' lang='lat' dir='ltr'>scriptum,</span> <span class='ocrx_word' id='word_1_151' title='bbox 1133 1139 1264 1193; x_wconf 90' lang='lat' dir='ltr'>quod,</span> <span class='ocrx_word' id='word_1_152' title='bbox 1294 1153 1393 1179; x_wconf 90' lang='lat' dir='ltr'>cum</span> <span class='ocrx_word' id='word_1_153' title='bbox 1425 1138 1477 1179; x_wconf 93' lang='lat' dir='ltr'>de</span> <span class='ocrx_word' id='word_1_154' title='bbox 1511 1137 1583 1178; x_wconf 88' lang='lat' dir='ltr'>illa</span> 
     </span>
     <span class='ocr_line' id='line_1_19' title="bbox 147 1195 1581 1254; baseline -0.003 -14"><span class='ocrx_word' id='word_1_155' title='bbox 147 1208 261 1240; x_wconf 86' lang='lat' dir='ltr'>esset</span> <span class='ocrx_word' id='word_1_156' title='bbox 279 1199 500 1254; x_wconf 86' lang='lat' dir='ltr'>scriptum,</span> <span class='ocrx_word' id='word_1_157' title='bbox 523 1197 575 1238; x_wconf 89' lang='lat' dir='ltr'>de</span> <span class='ocrx_word' id='word_1_158' title='bbox 596 1197 677 1239; x_wconf 90' lang='lat' dir='ltr'>hac</span> <span class='ocrx_word' id='word_1_159' title='bbox 699 1211 744 1238; x_wconf 89' lang='lat' dir='ltr'>re</span> <span class='ocrx_word' id='word_1_160' title='bbox 774 1197 823 1247; x_wconf 88' lang='lat' dir='ltr'>is,</span> <span class='ocrx_word' id='word_1_161' title='bbox 846 1196 919 1252; x_wconf 92' lang='lat' dir='ltr'>qui</span> <span class='ocrx_word' id='word_1_162' title='bbox 951 1196 1180 1246; x_wconf 84' lang='lat' dir='ltr'>scribebat,</span> <span class='ocrx_word' id='word_1_163' title='bbox 1204 1195 1434 1245; x_wconf 87' lang='lat' dir='ltr'>neminem,</span> <span class='ocrx_word' id='word_1_164' title='bbox 1456 1195 1581 1236; x_wconf 90' lang='lat' dir='ltr'>dubi-</span> 
     </span>
     <span class='ocr_line' id='line_1_20' title="bbox 152 1252 1668 1311; baseline -0.003 -14"><span class='ocrx_word' id='word_1_165' title='bbox 152 1265 342 1297; x_wconf 87' lang='lat' dir='ltr'>taturum</span> <span class='ocrx_word' id='word_1_166' title='bbox 364 1256 593 1297; x_wconf 81' lang='lat' dir='ltr'>arbitratus</span> <span class='ocrx_word' id='word_1_167' title='bbox 613 1254 690 1296; x_wconf 89' lang='lat' dir='ltr'>sit:</span> <span class='ocrx_word' id='word_1_168' title='bbox 723 1263 873 1311; x_wconf 81' lang='lat' dir='ltr'>postea</span> <span class='ocrx_word' id='word_1_169' title='bbox 895 1253 1040 1295; x_wconf 86' lang='lat' dir='ltr'>multis</span> <span class='ocrx_word' id='word_1_170' title='bbox 1072 1253 1115 1294; x_wconf 91' lang='lat' dir='ltr'>in</span> <span class='ocrx_word' id='word_1_171' title='bbox 1146 1253 1313 1309; x_wconf 88' lang='lat' dir='ltr'>legibus</span> <span class='ocrx_word' id='word_1_172' title='bbox 1334 1252 1471 1294; x_wconf 88' lang='lat' dir='ltr'>multa</span> <span class='ocrx_word' id='word_1_173' title='bbox 1491 1259 1668 1293; x_wconf 32' lang='lat' dir='ltr'>esse151*</span> 
     </span>
     <span class='ocr_line' id='line_1_21' title="bbox 150 1309 1581 1371; baseline -0.003 -17"><span class='ocrx_word' id='word_1_174' title='bbox 150 1313 382 1371; x_wconf 72' lang='lat' dir='ltr'>praeterita,</span> <span class='ocrx_word' id='word_1_175' title='bbox 400 1328 496 1369; x_wconf 84' lang='lat' dir='ltr'>quae</span> <span class='ocrx_word' id='word_1_176' title='bbox 517 1312 678 1353; x_wconf 84' lang='lat' dir='ltr'>idcirco</span> <span class='ocrx_word' id='word_1_177' title='bbox 701 1312 919 1368; x_wconf 61' lang='lat' dir='ltr'>praeterita</span> <span class='ocrx_word' id='word_1_178' title='bbox 949 1325 1075 1352; x_wconf 90' lang='lat' dir='ltr'>nemo</span> <span class='ocrx_word' id='word_1_179' title='bbox 1106 1311 1359 1361; x_wconf 82' lang='lat' dir='ltr'>arbitretur3</span> <span class='ocrx_word' id='word_1_180' title='bbox 1390 1309 1506 1366; x_wconf 92' lang='lat' dir='ltr'>quod</span> <span class='ocrx_word' id='word_1_181' title='bbox 1527 1324 1581 1351; x_wconf 86' lang='lat' dir='ltr'>ex</span> 
     </span>
     <span class='ocr_line' id='line_1_22' title="bbox 153 1367 1585 1425; baseline -0.003 -13"><span class='ocrx_word' id='word_1_182' title='bbox 153 1371 319 1422; x_wconf 83' lang='lat' dir='ltr'>ceteris,</span> <span class='ocrx_word' id='word_1_183' title='bbox 353 1370 405 1411; x_wconf 88' lang='lat' dir='ltr'>de</span> <span class='ocrx_word' id='word_1_184' title='bbox 443 1370 598 1425; x_wconf 87' lang='lat' dir='ltr'>quibus</span> <span class='ocrx_word' id='word_1_185' title='bbox 631 1371 838 1425; x_wconf 87' lang='lat' dir='ltr'>scriptum</span> <span class='ocrx_word' id='word_1_186' title='bbox 873 1369 942 1420; x_wconf 85' lang='lat' dir='ltr'>sit,</span> <span class='ocrx_word' id='word_1_187' title='bbox 983 1367 1165 1424; x_wconf 85' lang='lat' dir='ltr'>intelligi</span> <span class='ocrx_word' id='word_1_188' title='bbox 1201 1368 1389 1423; x_wconf 87' lang='lat' dir='ltr'>possint:</span> <span class='ocrx_word' id='word_1_189' title='bbox 1430 1367 1585 1408; x_wconf 81' lang='lat' dir='ltr'>deinde</span> 
     </span>
     <span class='ocr_line' id='line_1_23' title="bbox 151 1424 1587 1484; baseline -0.003 -15"><span class='ocrx_word' id='word_1_190' title='bbox 151 1428 332 1484; x_wconf 86' lang='lat' dir='ltr'>aequitas</span> <span class='ocrx_word' id='word_1_191' title='bbox 361 1427 421 1469; x_wconf 88' lang='lat' dir='ltr'>rei</span> <span class='ocrx_word' id='word_1_192' title='bbox 454 1427 787 1468; x_wconf 82' lang='lat' dir='ltr'>demonstranda</span> <span class='ocrx_word' id='word_1_193' title='bbox 817 1435 895 1478; x_wconf 88' lang='lat' dir='ltr'>est,</span> <span class='ocrx_word' id='word_1_194' title='bbox 927 1434 975 1467; x_wconf 91' lang='lat' dir='ltr'>ut</span> <span class='ocrx_word' id='word_1_195' title='bbox 995 1430 1034 1460; x_wconf 82' lang='lat'>77</span> <span class='ocrx_word' id='word_1_196' title='bbox 1050 1425 1094 1466; x_wconf 92' lang='lat' dir='ltr'>in</span> <span class='ocrx_word' id='word_1_197' title='bbox 1110 1424 1345 1481; x_wconf 84' lang='lat' dir='ltr'>juridiciali</span> <span class='ocrx_word' id='word_1_198' title='bbox 1375 1424 1587 1466; x_wconf 84' lang='lat' dir='ltr'>absoluta.</span> 
     </span>
     <span class='ocr_line' id='line_1_24' title="bbox 154 1482 1586 1540; baseline -0.001 -14"><span class='ocrx_word' id='word_1_199' title='bbox 154 1485 319 1527; x_wconf 87' lang='lat' dir='ltr'>Contra</span> <span class='ocrx_word' id='word_1_200' title='bbox 349 1494 492 1525; x_wconf 85' lang='lat' dir='ltr'>autem</span> <span class='ocrx_word' id='word_1_201' title='bbox 522 1485 595 1540; x_wconf 89' lang='lat' dir='ltr'>qui</span> <span class='ocrx_word' id='word_1_202' title='bbox 628 1484 756 1536; x_wconf 86' lang='lat' dir='ltr'>dicet,</span> <span class='ocrx_word' id='word_1_203' title='bbox 789 1482 1115 1525; x_wconf 86' lang='lat' dir='ltr'>similitudinem</span> <span class='ocrx_word' id='word_1_204' title='bbox 1148 1483 1362 1523; x_wconf 84' lang='lat' dir='ltr'>infirmare</span> <span class='ocrx_word' id='word_1_205' title='bbox 1384 1483 1586 1525; x_wconf 86' lang='lat' dir='ltr'>debebit:</span> 
     </span>
     <span class='ocr_line' id='line_1_25' title="bbox 152 1540 1590 1598; baseline -0.003 -14"><span class='ocrx_word' id='word_1_206' title='bbox 152 1543 268 1598; x_wconf 89' lang='lat' dir='ltr'>quod</span> <span class='ocrx_word' id='word_1_207' title='bbox 290 1542 434 1594; x_wconf 85' lang='lat' dir='ltr'>faciet,</span> <span class='ocrx_word' id='word_1_208' title='bbox 466 1543 499 1583; x_wconf 86' lang='lat' dir='ltr'>si</span> <span class='ocrx_word' id='word_1_209' title='bbox 523 1541 852 1592; x_wconf 84' lang='lat' dir='ltr'>demonstrabit,</span> <span class='ocrx_word' id='word_1_210' title='bbox 876 1541 992 1594; x_wconf 88' lang='lat' dir='ltr'>illud,</span> <span class='ocrx_word' id='word_1_211' title='bbox 1015 1540 1131 1595; x_wconf 91' lang='lat' dir='ltr'>quod</span> <span class='ocrx_word' id='word_1_212' title='bbox 1153 1540 1414 1591; x_wconf 81' lang='lat' dir='ltr'>conferatur,</span> <span class='ocrx_word' id='word_1_213' title='bbox 1445 1541 1499 1581; x_wconf 85' lang='lat' dir='ltr'>ab</span> <span class='ocrx_word' id='word_1_214' title='bbox 1522 1555 1590 1592; x_wconf 89' lang='lat' dir='ltr'>eo,</span> 
     </span>
     <span class='ocr_line' id='line_1_26' title="bbox 154 1598 1589 1654; baseline -0.001 -13"><span class='ocrx_word' id='word_1_215' title='bbox 154 1601 224 1642; x_wconf 87' lang='lat' dir='ltr'>cui</span> <span class='ocrx_word' id='word_1_216' title='bbox 247 1599 508 1651; x_wconf 84' lang='lat' dir='ltr'>conferatur,</span> <span class='ocrx_word' id='word_1_217' title='bbox 535 1600 751 1641; x_wconf 83' lang='lat' dir='ltr'>diversum</span> <span class='ocrx_word' id='word_1_218' title='bbox 781 1613 873 1640; x_wconf 86' lang='lat' dir='ltr'>esse</span> <span class='ocrx_word' id='word_1_219' title='bbox 905 1613 1074 1654; x_wconf 85' lang='lat' dir='ltr'>genere,</span> <span class='ocrx_word' id='word_1_220' title='bbox 1099 1607 1267 1649; x_wconf 84' lang='lat' dir='ltr'>natura,</span> <span class='ocrx_word' id='word_1_221' title='bbox 1290 1598 1347 1649; x_wconf 89' lang='lat' dir='ltr'>vi,</span> <span class='ocrx_word' id='word_1_222' title='bbox 1370 1598 1589 1653; x_wconf 84' lang='lat' dir='ltr'>magnitu-</span> 
     </span>
     <span class='ocr_line' id='line_1_27' title="bbox 152 1656 1590 1713; baseline -0.003 -14"><span class='ocrx_word' id='word_1_223' title='bbox 152 1657 268 1710; x_wconf 90' lang='lat' dir='ltr'>dine,</span> <span class='ocrx_word' id='word_1_224' title='bbox 292 1667 499 1713; x_wconf 87' lang='lat' dir='ltr'>tempore,</span> <span class='ocrx_word' id='word_1_225' title='bbox 522 1656 632 1708; x_wconf 87' lang='lat' dir='ltr'>loco,</span> <span class='ocrx_word' id='word_1_226' title='bbox 665 1671 862 1713; x_wconf 81' lang='lat' dir='ltr'>persona,</span> <span class='ocrx_word' id='word_1_227' title='bbox 884 1656 1114 1712; x_wconf 83' lang='lat' dir='ltr'>opinione:</span> <span class='ocrx_word' id='word_1_228' title='bbox 1147 1656 1196 1706; x_wconf 84' lang='lat' dir='ltr'>si,</span> <span class='ocrx_word' id='word_1_229' title='bbox 1220 1670 1305 1710; x_wconf 87' lang='lat' dir='ltr'>quo</span> <span class='ocrx_word' id='word_1_230' title='bbox 1337 1656 1382 1695; x_wconf 89' lang='lat' dir='ltr'>in</span> <span class='ocrx_word' id='word_1_231' title='bbox 1411 1669 1590 1696; x_wconf 88' lang='lat' dir='ltr'>numero</span> 
     </span>
     <span class='ocr_line' id='line_1_28' title="bbox 155 1712 1589 1771; baseline -0.001 -15"><span class='ocrx_word' id='word_1_232' title='bbox 155 1715 274 1767; x_wconf 90' lang='lat' dir='ltr'>illud,</span> <span class='ocrx_word' id='word_1_233' title='bbox 297 1715 413 1770; x_wconf 84' lang='lat' dir='ltr'>quod</span> <span class='ocrx_word' id='word_1_234' title='bbox 437 1728 510 1771; x_wconf 87' lang='lat' dir='ltr'>per</span> <span class='ocrx_word' id='word_1_235' title='bbox 533 1715 858 1756; x_wconf 85' lang='lat' dir='ltr'>similitudinem</span> <span class='ocrx_word' id='word_1_236' title='bbox 889 1713 1081 1765; x_wconf 79' lang='lat' dir='ltr'>affertur,</span> <span class='ocrx_word' id='word_1_237' title='bbox 1111 1722 1155 1754; x_wconf 86' lang='lat' dir='ltr'>et</span> <span class='ocrx_word' id='word_1_238' title='bbox 1177 1728 1262 1768; x_wconf 89' lang='lat' dir='ltr'>quo</span> <span class='ocrx_word' id='word_1_239' title='bbox 1287 1713 1330 1754; x_wconf 88' lang='lat' dir='ltr'>in</span> <span class='ocrx_word' id='word_1_240' title='bbox 1352 1712 1447 1753; x_wconf 91' lang='lat' dir='ltr'>loco</span> <span class='ocrx_word' id='word_1_241' title='bbox 1471 1712 1589 1765; x_wconf 86' lang='lat' dir='ltr'>illud,</span> 
     </span>
     <span class='ocr_line' id='line_1_29' title="bbox 155 1770 1592 1828; baseline -0.003 -14"><span class='ocrx_word' id='word_1_242' title='bbox 155 1773 280 1828; x_wconf 79' lang='lat' dir='ltr'>cujus</span> <span class='ocrx_word' id='word_1_243' title='bbox 310 1787 438 1813; x_wconf 82' lang='lat' dir='ltr'>causa</span> <span class='ocrx_word' id='word_1_244' title='bbox 468 1771 656 1824; x_wconf 86' lang='lat' dir='ltr'>affertur,</span> <span class='ocrx_word' id='word_1_245' title='bbox 678 1772 827 1813; x_wconf 87' lang='lat' dir='ltr'>haberi</span> <span class='ocrx_word' id='word_1_246' title='bbox 851 1772 1094 1821; x_wconf 85' lang='lat' dir='ltr'>conveniat,</span> <span class='ocrx_word' id='word_1_247' title='bbox 1118 1770 1390 1812; x_wconf 81' lang='lat' dir='ltr'>ostendetur:</span> <span class='ocrx_word' id='word_1_248' title='bbox 1422 1770 1592 1821; x_wconf 86' lang='lat' dir='ltr'>deinde,</span> 
     </span>
     <span class='ocr_line' id='line_1_30' title="bbox 155 1827 1592 1885; baseline -0.002 -15"><span class='ocrx_word' id='word_1_249' title='bbox 155 1830 261 1885; x_wconf 84' lang='lat' dir='ltr'>quid</span> <span class='ocrx_word' id='word_1_250' title='bbox 280 1843 344 1870; x_wconf 86' lang='lat' dir='ltr'>res</span> <span class='ocrx_word' id='word_1_251' title='bbox 363 1844 461 1870; x_wconf 87' lang='lat' dir='ltr'>cum</span> <span class='ocrx_word' id='word_1_252' title='bbox 481 1843 525 1870; x_wconf 90' lang='lat' dir='ltr'>re</span> <span class='ocrx_word' id='word_1_253' title='bbox 543 1829 726 1881; x_wconf 82' lang='lat' dir='ltr'>differat,</span> <span class='ocrx_word' id='word_1_254' title='bbox 749 1829 1127 1879; x_wconf 81' lang='lat' dir='ltr'>demonstrabitur,</span> <span class='ocrx_word' id='word_1_255' title='bbox 1146 1837 1193 1868; x_wconf 85' lang='lat' dir='ltr'>ut</span> <span class='ocrx_word' id='word_1_256' title='bbox 1211 1843 1297 1869; x_wconf 87' lang='lat' dir='ltr'>uon</span> <span class='ocrx_word' id='word_1_257' title='bbox 1312 1828 1425 1869; x_wconf 88' lang='lat' dir='ltr'>idem</span> <span class='ocrx_word' id='word_1_258' title='bbox 1446 1827 1592 1868; x_wconf 78' lang='lat' dir='ltr'>videa-</span> 
     </span>
     <span class='ocr_line' id='line_1_31' title="bbox 157 1885 1685 1942; baseline 0.001 -15"><span class='ocrx_word' id='word_1_259' title='bbox 157 1896 227 1928; x_wconf 89' lang='lat' dir='ltr'>tur</span> <span class='ocrx_word' id='word_1_260' title='bbox 248 1887 300 1928; x_wconf 89' lang='lat' dir='ltr'>de</span> <span class='ocrx_word' id='word_1_261' title='bbox 323 1896 502 1942; x_wconf 88' lang='lat' dir='ltr'>utraque</span> <span class='ocrx_word' id='word_1_262' title='bbox 521 1887 759 1928; x_wconf 82' lang='lat' dir='ltr'>existimari</span> <span class='ocrx_word' id='word_1_263' title='bbox 783 1895 997 1942; x_wconf 85' lang='lat' dir='ltr'>oportere.</span> <span class='ocrx_word' id='word_1_264' title='bbox 1047 1885 1128 1936; x_wconf 90' lang='lat' dir='ltr'>Ac,</span> <span class='ocrx_word' id='word_1_265' title='bbox 1152 1886 1185 1925; x_wconf 88' lang='lat' dir='ltr'>si</span> <span class='ocrx_word' id='word_1_266' title='bbox 1209 1886 1299 1941; x_wconf 87' lang='lat' dir='ltr'>ipse</span> <span class='ocrx_word' id='word_1_267' title='bbox 1320 1899 1492 1940; x_wconf 85' lang='lat' dir='ltr'>quoque</span> <span class='ocrx_word' id='word_1_268' title='bbox 1515 1900 1591 1942; x_wconf 84' lang='lat' dir='ltr'>po·</span> <span class='ocrx_word' id='word_1_269' title='bbox 1606 1894 1685 1929; x_wconf 64' lang='lat'>152</span> 
     </span>
     <span class='ocr_line' id='line_1_32' title="bbox 157 1942 1591 1998; baseline -0.001 -13"><span class='ocrx_word' id='word_1_270' title='bbox 157 1945 257 1985; x_wconf 86' lang='lat' dir='ltr'>terit</span> <span class='ocrx_word' id='word_1_271' title='bbox 278 1943 680 1985; x_wconf 81' lang='lat' dir='ltr'>ratiocinationibus</span> <span class='ocrx_word' id='word_1_272' title='bbox 710 1945 789 1995; x_wconf 88' lang='lat' dir='ltr'>uti,</span> <span class='ocrx_word' id='word_1_273' title='bbox 812 1944 966 1986; x_wconf 87' lang='lat' dir='ltr'>iisdem</span> <span class='ocrx_word' id='word_1_274' title='bbox 986 1942 1406 1994; x_wconf 81' lang='lat' dir='ltr'>ratiocinationibus,</span> <span class='ocrx_word' id='word_1_275' title='bbox 1435 1943 1591 1998; x_wconf 87' lang='lat' dir='ltr'>quibus</span> 
     </span>
     <span class='ocr_line' id='line_1_33' title="bbox 157 2001 1594 2057; baseline -0.001 -14"><span class='ocrx_word' id='word_1_276' title='bbox 157 2013 256 2043; x_wconf 86' lang='lat' dir='ltr'>ante</span> <span class='ocrx_word' id='word_1_277' title='bbox 286 2002 451 2043; x_wconf 88' lang='lat' dir='ltr'>dictum</span> <span class='ocrx_word' id='word_1_278' title='bbox 480 2011 557 2045; x_wconf 87' lang='lat' dir='ltr'>est,</span> <span class='ocrx_word' id='word_1_279' title='bbox 591 2010 760 2043; x_wconf 85' lang='lat' dir='ltr'>utetur:</span> <span class='ocrx_word' id='word_1_280' title='bbox 794 2002 831 2047; x_wconf 52' lang='lat' dir='ltr'>si,</span> <span class='ocrx_word' id='word_1_281' title='bbox 862 2016 949 2042; x_wconf 88' lang='lat' dir='ltr'>non</span> <span class='ocrx_word' id='word_1_282' title='bbox 983 2001 1157 2057; x_wconf 87' lang='lat' dir='ltr'>poterit,</span> <span class='ocrx_word' id='word_1_283' title='bbox 1188 2001 1366 2056; x_wconf 79' lang='lat' dir='ltr'>negabit</span> <span class='ocrx_word' id='word_1_284' title='bbox 1396 2009 1594 2056; x_wconf 82' lang='lat' dir='ltr'>oportere</span> 
     </span>
     <span class='ocr_line' id='line_1_34' title="bbox 157 2057 1596 2116; baseline -0.001 -16"><span class='ocrx_word' id='word_1_285' title='bbox 157 2059 408 2116; x_wconf 86' lang='lat' dir='ltr'>quidquam,</span> <span class='ocrx_word' id='word_1_286' title='bbox 426 2059 507 2100; x_wconf 87' lang='lat' dir='ltr'>nisi</span> <span class='ocrx_word' id='word_1_287' title='bbox 535 2059 651 2114; x_wconf 88' lang='lat' dir='ltr'>quod</span> <span class='ocrx_word' id='word_1_288' title='bbox 684 2059 892 2115; x_wconf 87' lang='lat' dir='ltr'>scriptum</span> <span class='ocrx_word' id='word_1_289' title='bbox 923 2058 993 2109; x_wconf 82' lang='lat' dir='ltr'>sit,</span> <span class='ocrx_word' id='word_1_290' title='bbox 1024 2058 1318 2101; x_wconf 86' lang='lat' dir='ltr'>considerare:</span> <span class='ocrx_word' id='word_1_291' title='bbox 1350 2062 1389 2093; x_wconf 76' lang='lat'>78</span> <span class='ocrx_word' id='word_1_292' title='bbox 1405 2057 1596 2115; x_wconf 88' lang='lat' dir='ltr'>[pericli-</span> 
     </span>
    </p>
   </div>
   <div class='ocr_carea' id='block_1_2' title="bbox 155 2199 858 2748">
    <p class='ocr_par' dir='ltr' id='par_1_2' title="bbox 155 2199 858 2452">
     <span class='ocr_line' id='line_1_35' title="bbox 197 2199 857 2239; baseline -0.003 -8"><span class='ocrx_word' id='word_1_293' title='bbox 197 2203 238 2234; x_wconf 76' lang='lat'>75</span> <span class='ocrx_word' id='word_1_294' title='bbox 266 2199 366 2230; x_wconf 80' lang='lat' dir='ltr'>Locos</span> <span class='ocrx_word' id='word_1_295' title='bbox 378 2199 633 2239; x_wconf 78' lang='lat' dir='ltr'>a.commmzes.]</span> <span class='ocrx_word' id='word_1_296' title='bbox 667 2200 857 2231; x_wconf 78' lang='lat' dir='ltr'>Communes</span> 
     </span>
     <span class='ocr_line' id='line_1_36' title="bbox 155 2241 857 2282; baseline 0 -10"><span class='ocrx_word' id='word_1_297' title='bbox 155 2242 250 2276; x_wconf 80' lang='lat' dir='ltr'>abest</span> <span class='ocrx_word' id='word_1_298' title='bbox 261 2242 304 2272; x_wconf 86' lang='lat' dir='ltr'>ab</span> <span class='ocrx_word' id='word_1_299' title='bbox 319 2242 381 2272; x_wconf 89' lang='lat' dir='ltr'>Ms.</span> <span class='ocrx_word' id='word_1_300' title='bbox 395 2242 486 2273; x_wconf 88' lang='lat' dir='ltr'>Leid.</span> <span class='ocrx_word' id='word_1_301' title='bbox 501 2244 531 2273; x_wconf 71' lang='grc'>9.</span> <span class='ocrx_word' id='word_1_302' title='bbox 547 2247 581 2272; x_wconf 91' lang='lat' dir='ltr'>et</span> <span class='ocrx_word' id='word_1_303' title='bbox 599 2241 669 2272; x_wconf 87' lang='lat' dir='ltr'>edd.</span> <span class='ocrx_word' id='word_1_304' title='bbox 684 2253 735 2282; x_wconf 81' lang='lat' dir='ltr'>pr.</span> <span class='ocrx_word' id='word_1_305' title='bbox 779 2242 804 2272; x_wconf 89' lang='lat' dir='ltr'>F</span> <span class='ocrx_word' id='word_1_306' title='bbox 806 2252 857 2272; x_wconf 88' lang='grc'><strong>01·-</strong></span> 
     </span>
     <span class='ocr_line' id='line_1_37' title="bbox 156 2284 858 2326; baseline 0.001 -11"><span class='ocrx_word' id='word_1_307' title='bbox 156 2288 242 2316; x_wconf 84' lang='lat' dir='ltr'>tasse</span> <span class='ocrx_word' id='word_1_308' title='bbox 261 2284 355 2315; x_wconf 87' lang='lat' dir='ltr'>bene.</span> <span class='ocrx_word' id='word_1_309' title='bbox 378 2294 454 2315; x_wconf 88' lang='lat' dir='ltr'>nam</span> <span class='ocrx_word' id='word_1_310' title='bbox 483 2285 517 2315; x_wconf 91' lang='lat' dir='ltr'>hi</span> <span class='ocrx_word' id='word_1_311' title='bbox 541 2293 609 2315; x_wconf 88' lang='lat' dir='ltr'>non</span> <span class='ocrx_word' id='word_1_312' title='bbox 629 2289 708 2314; x_wconf 87' lang='lat' dir='ltr'>sunt</span> <span class='ocrx_word' id='word_1_313' title='bbox 729 2286 858 2326; x_wconf 75' lang='lat' dir='ltr'>proprie</span> 
     </span>
     <span class='ocr_line' id='line_1_38' title="bbox 157 2325 858 2367; baseline 0 -10"><span class='ocrx_word' id='word_1_314' title='bbox 157 2325 222 2360; x_wconf 84' lang='lat' dir='ltr'>loci</span> <span class='ocrx_word' id='word_1_315' title='bbox 246 2336 452 2363; x_wconf 82' lang='lat' dir='ltr'>cominuneS,</span> <span class='ocrx_word' id='word_1_316' title='bbox 477 2327 532 2358; x_wconf 90' lang='lat' dir='ltr'>sed</span> <span class='ocrx_word' id='word_1_317' title='bbox 556 2326 620 2357; x_wconf 79' lang='lat' dir='ltr'>loci</span> <span class='ocrx_word' id='word_1_318' title='bbox 647 2333 858 2367; x_wconf 83' lang='lat' dir='ltr'>argumento-</span> 
     </span>
     <span class='ocr_line' id='line_1_39' title="bbox 160 2369 857 2411; baseline 0.001 -12"><span class='ocrx_word' id='word_1_319' title='bbox 160 2379 252 2400; x_wconf 85' lang='lat' dir='ltr'>rum:</span> <span class='ocrx_word' id='word_1_320' title='bbox 276 2369 330 2409; x_wconf 91' lang='lat' dir='ltr'>qui</span> <span class='ocrx_word' id='word_1_321' title='bbox 352 2373 466 2400; x_wconf 79' lang='lat' dir='ltr'>tamen</span> <span class='ocrx_word' id='word_1_322' title='bbox 488 2375 523 2400; x_wconf 89' lang='lat' dir='ltr'>et</span> <span class='ocrx_word' id='word_1_323' title='bbox 543 2369 605 2410; x_wconf 85' lang='lat' dir='ltr'>ipsi</span> <span class='ocrx_word' id='word_1_324' title='bbox 627 2369 673 2400; x_wconf 87' lang='lat' dir='ltr'>sie</span> <span class='ocrx_word' id='word_1_325' title='bbox 699 2370 857 2411; x_wconf 84' lang='lat' dir='ltr'>appellari</span> 
     </span>
     <span class='ocr_line' id='line_1_40' title="bbox 160 2416 308 2452; baseline -0.007 -10"><span class='ocrx_word' id='word_1_326' title='bbox 160 2416 308 2452; x_wconf 83' lang='lat' dir='ltr'>possunt.</span> 
     </span>
    </p>

    <p class='ocr_par' dir='ltr' id='par_1_3' title="bbox 155 2453 858 2620">
     <span class='ocr_line' id='line_1_41' title="bbox 203 2453 858 2494; baseline 0 -10"><span class='ocrx_word' id='word_1_327' title='bbox 203 2453 244 2487; x_wconf 82' lang='lat'>76</span> <span class='ocrx_word' id='word_1_328' title='bbox 266 2453 337 2484; x_wconf 82' lang='lat' dir='ltr'>Per</span> <span class='ocrx_word' id='word_1_329' title='bbox 351 2454 609 2494; x_wconf 69' lang='lat' dir='ltr'>contentionem]</span> <span class='ocrx_word' id='word_1_330' title='bbox 636 2454 687 2485; x_wconf 80' lang='lat' dir='ltr'>Sic</span> <span class='ocrx_word' id='word_1_331' title='bbox 700 2453 785 2484; x_wconf 83' lang='lat' dir='ltr'>edidi</span> <span class='ocrx_word' id='word_1_332' title='bbox 798 2464 858 2494; x_wconf 85' lang='lat' dir='ltr'>pro</span> 
     </span>
     <span class='ocr_line' id='line_1_42' title="bbox 155 2497 858 2537; baseline 0.001 -12"><span class='ocrx_word' id='word_1_333' title='bbox 155 2497 407 2537; x_wconf 71' lang='lat' dir='ltr'>percontatione,</span> <span class='ocrx_word' id='word_1_334' title='bbox 422 2508 439 2527; x_wconf 85' lang='lat' dir='ltr'>e</span> <span class='ocrx_word' id='word_1_335' title='bbox 458 2497 536 2527; x_wconf 81' lang='lat' dir='ltr'>Mss.</span> <span class='ocrx_word' id='word_1_336' title='bbox 553 2497 616 2528; x_wconf 89' lang='lat' dir='ltr'>Gu.</span> <span class='ocrx_word' id='word_1_337' title='bbox 639 2500 663 2527; x_wconf 92' lang='lat'>1.</span> <span class='ocrx_word' id='word_1_338' title='bbox 680 2499 711 2527; x_wconf 72' lang='lat'>2.</span> <span class='ocrx_word' id='word_1_339' title='bbox 725 2501 760 2527; x_wconf 85' lang='lat' dir='ltr'>et</span> <span class='ocrx_word' id='word_1_340' title='bbox 774 2497 858 2526; x_wconf 81' lang='lat' dir='ltr'>Gru-</span> 
     </span>
     <span class='ocr_line' id='line_1_43' title="bbox 159 2538 858 2586; baseline 0.003 -19"><span class='ocrx_word' id='word_1_341' title='bbox 159 2538 307 2586; x_wconf 63' lang='lat' dir='ltr'>ter-umis,</span> <span class='ocrx_word' id='word_1_342' title='bbox 330 2539 411 2569; x_wconf 84' lang='lat' dir='ltr'>item</span> <span class='ocrx_word' id='word_1_343' title='bbox 433 2539 559 2570; x_wconf 85' lang='lat' dir='ltr'>duobus</span> <span class='ocrx_word' id='word_1_344' title='bbox 586 2550 639 2580; x_wconf 86' lang='lat' dir='ltr'>ap.</span> <span class='ocrx_word' id='word_1_345' title='bbox 665 2539 858 2570; x_wconf 80' lang='lat' dir='ltr'>Oudendor-</span> 
     </span>
     <span class='ocr_line' id='line_1_44' title="bbox 161 2589 371 2620; baseline 0 -10"><span class='ocrx_word' id='word_1_346' title='bbox 161 2589 265 2620; x_wconf 84' lang='lat' dir='ltr'>plum.</span> <span class='ocrx_word' id='word_1_347' title='bbox 368 2602 371 2604; x_wconf 88' lang='lat'><em>-</em></span> 
     </span>
    </p>

    <p class='ocr_par' dir='ltr' id='par_1_4' title="bbox 158 2623 858 2748">
     <span class='ocr_line' id='line_1_45' title="bbox 205 2623 855 2664; baseline -0.002 -9"><span class='ocrx_word' id='word_1_348' title='bbox 205 2625 244 2656; x_wconf 71' lang='lat'>77</span> <span class='ocrx_word' id='word_1_349' title='bbox 269 2623 531 2664; x_wconf 76' lang='lat' dir='ltr'>Injuridieiali.]</span> <span class='ocrx_word' id='word_1_350' title='bbox 550 2624 629 2655; x_wconf 78' lang='lat' dir='ltr'>Mss.</span> <span class='ocrx_word' id='word_1_351' title='bbox 645 2624 732 2655; x_wconf 81' lang='lat' dir='ltr'>cass.</span> <span class='ocrx_word' id='word_1_352' title='bbox 748 2624 811 2654; x_wconf 91' lang='lat' dir='ltr'>Gu.</span> <span class='ocrx_word' id='word_1_353' title='bbox 828 2627 855 2654; x_wconf 89' lang='lat' dir='ltr'>l.</span> 
     </span>
     <span class='ocr_line' id='line_1_46' title="bbox 165 2666 858 2705; baseline 0.004 -11"><span class='ocrx_word' id='word_1_354' title='bbox 165 2668 200 2694; x_wconf 85' lang='lat' dir='ltr'>et</span> <span class='ocrx_word' id='word_1_355' title='bbox 213 2674 297 2695; x_wconf 86' lang='lat' dir='ltr'>unus</span> <span class='ocrx_word' id='word_1_356' title='bbox 311 2676 363 2705; x_wconf 79' lang='lat' dir='ltr'>ap.</span> <span class='ocrx_word' id='word_1_357' title='bbox 374 2666 458 2696; x_wconf 86' lang='lat' dir='ltr'>Oud.</span> <span class='ocrx_word' id='word_1_358' title='bbox 478 2668 633 2705; x_wconf 71' lang='lat' dir='ltr'>negotiali</span> <span class='ocrx_word' id='word_1_359' title='bbox 644 2679 653 2696; x_wconf 89' lang='lat'>.·</span> <span class='ocrx_word' id='word_1_360' title='bbox 667 2666 764 2697; x_wconf 84' lang='lat' dir='ltr'>male.</span> <span class='ocrx_word' id='word_1_361' title='bbox 779 2676 858 2698; x_wconf 87' lang='lat' dir='ltr'>nam</span> 
     </span>
     <span class='ocr_line' id='line_1_47' title="bbox 158 2706 858 2748; baseline 0.006 -13"><span class='ocrx_word' id='word_1_362' title='bbox 158 2706 352 2745; x_wconf 85' lang='lat' dir='ltr'>juridicialis</span> <span class='ocrx_word' id='word_1_363' title='bbox 375 2718 495 2747; x_wconf 82' lang='lat' dir='ltr'>genera</span> <span class='ocrx_word' id='word_1_364' title='bbox 516 2709 580 2739; x_wconf 89' lang='lat' dir='ltr'>duo</span> <span class='ocrx_word' id='word_1_365' title='bbox 605 2714 696 2745; x_wconf 85' lang='lat' dir='ltr'>sunt,</span> <span class='ocrx_word' id='word_1_366' title='bbox 719 2718 858 2748; x_wconf 78' lang='lat' dir='ltr'>quorum</span> 
     </span>
    </p>
   </div>
   <div class='ocr_carea' id='block_1_3' title="bbox 163 2747 862 2791">
    <p class='ocr_par' dir='ltr' id='par_1_5' title="bbox 163 2747 862 2791">
     <span class='ocr_line' id='line_1_48' title="bbox 163 2747 862 2791; baseline 0.006 -13"><span class='ocrx_word' id='word_1_367' title='bbox 163 2747 305 2779; x_wconf 83' lang='lat' dir='ltr'>alterum</span> <span class='ocrx_word' id='word_1_368' title='bbox 326 2751 513 2782; x_wconf 81' lang='lat' dir='ltr'>absolutum</span> <span class='ocrx_word' id='word_1_369' title='bbox 538 2756 600 2789; x_wconf 86' lang='lat' dir='ltr'>est,</span> <span class='ocrx_word' id='word_1_370' title='bbox 623 2761 691 2781; x_wconf 88' lang='lat' dir='ltr'>non</span> <span class='ocrx_word' id='word_1_371' title='bbox 714 2752 862 2791; x_wconf 84' lang='lat' dir='ltr'>negotia·-</span> 
     </span>
    </p>
   </div>
   <div class='ocr_carea' id='block_1_4' title="bbox 166 2789 218 2821">
    <p class='ocr_par' dir='ltr' id='par_1_6' title="bbox 166 2789 218 2821">
     <span class='ocr_line' id='line_1_49' title="bbox 166 2789 218 2821; baseline -0.019 0"><span class='ocrx_word' id='word_1_372' title='bbox 166 2789 218 2821; x_wconf 84' lang='lat' dir='ltr'>lis.</span> 
     </span>
    </p>
   </div>
   <div class='ocr_carea' id='block_1_5' title="bbox 897 2198 1608 2832">
    <p class='ocr_par' dir='ltr' id='par_1_7' title="bbox 897 2198 1608 2832">
     <span class='ocr_line' id='line_1_50' title="bbox 897 2198 1597 2239; baseline 0 -8"><span class='ocrx_word' id='word_1_373' title='bbox 897 2198 991 2231; x_wconf 81' lang='lat' dir='ltr'>Voss.</span> <span class='ocrx_word' id='word_1_374' title='bbox 1020 2198 1060 2230; x_wconf 90' lang='lat' dir='ltr'>In</span> <span class='ocrx_word' id='word_1_375' title='bbox 1074 2199 1137 2231; x_wconf 87' lang='lat' dir='ltr'>Gu.</span> <span class='ocrx_word' id='word_1_376' title='bbox 1158 2202 1183 2231; x_wconf 78' lang='lat'>1,</span> <span class='ocrx_word' id='word_1_377' title='bbox 1199 2204 1277 2230; x_wconf 85' lang='lat' dir='ltr'>sunt</span> <span class='ocrx_word' id='word_1_378' title='bbox 1291 2199 1325 2230; x_wconf 86' lang='lat' dir='ltr'>in</span> <span class='ocrx_word' id='word_1_379' title='bbox 1340 2200 1500 2239; x_wconf 81' lang='lat' dir='ltr'>margine,</span> <span class='ocrx_word' id='word_1_380' title='bbox 1516 2201 1597 2231; x_wconf 86' lang='lat' dir='ltr'>item</span> 
     </span>
     <span class='ocr_line' id='line_1_51' title="bbox 898 2241 1598 2279; baseline 0.001 -6"><span class='ocrx_word' id='word_1_381' title='bbox 898 2242 934 2273; x_wconf 82' lang='lat' dir='ltr'>in</span> <span class='ocrx_word' id='word_1_382' title='bbox 953 2243 1014 2273; x_wconf 93' lang='lat' dir='ltr'>Gu.</span> <span class='ocrx_word' id='word_1_383' title='bbox 1038 2245 1069 2275; x_wconf 74' lang='lat'>2.</span> <span class='ocrx_word' id='word_1_384' title='bbox 1093 2241 1169 2279; x_wconf 86' lang='lat' dir='ltr'>alia,</span> <span class='ocrx_word' id='word_1_385' title='bbox 1193 2242 1396 2279; x_wconf 83' lang='lat' dir='ltr'>Scholiastae,</span> <span class='ocrx_word' id='word_1_386' title='bbox 1420 2251 1521 2273; x_wconf 86' lang='lat' dir='ltr'>manu</span> <span class='ocrx_word' id='word_1_387' title='bbox 1543 2243 1598 2274; x_wconf 89' lang='lat' dir='ltr'>ad—</span> 
     </span>
     <span class='ocr_line' id='line_1_52' title="bbox 900 2283 1598 2326; baseline 0 -10"><span class='ocrx_word' id='word_1_388' title='bbox 900 2286 1031 2326; x_wconf 83' lang='lat' dir='ltr'>scripta.</span> <span class='ocrx_word' id='word_1_389' title='bbox 1076 2283 1121 2315; x_wconf 87' lang='lat' dir='ltr'>Et</span> <span class='ocrx_word' id='word_1_390' title='bbox 1132 2294 1222 2322; x_wconf 81' lang='lat' dir='ltr'>sane,</span> <span class='ocrx_word' id='word_1_391' title='bbox 1236 2286 1261 2315; x_wconf 85' lang='lat' dir='ltr'>si</span> <span class='ocrx_word' id='word_1_392' title='bbox 1277 2285 1340 2315; x_wconf 81' lang='lat' dir='ltr'>ista</span> <span class='ocrx_word' id='word_1_393' title='bbox 1351 2288 1429 2314; x_wconf 87' lang='lat' dir='ltr'>sunt</span> <span class='ocrx_word' id='word_1_394' title='bbox 1443 2285 1598 2325; x_wconf 82' lang='lat' dir='ltr'>genuina,</span> 
     </span>
     <span class='ocr_line' id='line_1_53' title="bbox 902 2327 1599 2367; baseline 0 -9"><span class='ocrx_word' id='word_1_395' title='bbox 902 2327 988 2358; x_wconf 87' lang='lat' dir='ltr'>idem</span> <span class='ocrx_word' id='word_1_396' title='bbox 1001 2328 1049 2358; x_wconf 85' lang='lat' dir='ltr'>bis</span> <span class='ocrx_word' id='word_1_397' title='bbox 1067 2327 1196 2358; x_wconf 80' lang='lat' dir='ltr'>dicitur.</span> <span class='ocrx_word' id='word_1_398' title='bbox 1211 2337 1301 2364; x_wconf 78' lang='lat' dir='ltr'>nani,</span> <span class='ocrx_word' id='word_1_399' title='bbox 1317 2327 1402 2358; x_wconf 74' lang='lat' dir='ltr'>nihil</span> <span class='ocrx_word' id='word_1_400' title='bbox 1420 2337 1483 2357; x_wconf 79' lang='lat' dir='ltr'>esse</span> <span class='ocrx_word' id='word_1_401' title='bbox 1491 2337 1599 2367; x_wconf 77' lang='lat' dir='ltr'>poene,</span> 
     </span>
     <span class='ocr_line' id='line_1_54' title="bbox 901 2369 1601 2410; baseline 0.001 -10"><span class='ocrx_word' id='word_1_402' title='bbox 901 2371 986 2410; x_wconf 79' lang='lat' dir='ltr'>quod</span> <span class='ocrx_word' id='word_1_403' title='bbox 1005 2380 1068 2400; x_wconf 77' lang='lat' dir='ltr'>non</span> <span class='ocrx_word' id='word_1_404' title='bbox 1090 2371 1188 2410; x_wconf 69' lang='lat' dir='ltr'>alteri</span> <span class='ocrx_word' id='word_1_405' title='bbox 1206 2371 1311 2400; x_wconf 75' lang='lat' dir='ltr'>simile</span> <span class='ocrx_word' id='word_1_406' title='bbox 1329 2369 1494 2407; x_wconf 70' lang='lat' dir='ltr'>videatur,</span> <span class='ocrx_word' id='word_1_407' title='bbox 1516 2370 1601 2402; x_wconf 83' lang='lat' dir='ltr'>nihil</span> 
     </span>
     <span class='ocr_line' id='line_1_55' title="bbox 901 2411 1601 2452; baseline 0.003 -10"><span class='ocrx_word' id='word_1_408' title='bbox 901 2412 1057 2443; x_wconf 79' lang='lat' dir='ltr'>differunt</span> <span class='ocrx_word' id='word_1_409' title='bbox 1072 2412 1118 2443; x_wconf 53' lang='lat' dir='ltr'>ab*</span> <span class='ocrx_word' id='word_1_410' title='bbox 1132 2411 1360 2451; x_wconf 86' lang='lat' dir='ltr'>sequentibus:</span> <span class='ocrx_word' id='word_1_411' title='bbox 1384 2413 1494 2442; x_wconf 76' lang='lat' dir='ltr'>omnia</span> <span class='ocrx_word' id='word_1_412' title='bbox 1508 2422 1601 2452; x_wconf 72' lang='lat' dir='ltr'>posse</span> 
     </span>
     <span class='ocr_line' id='line_1_56' title="bbox 901 2454 1601 2486; baseline 0.003 -2"><span class='ocrx_word' id='word_1_413' title='bbox 901 2455 988 2485; x_wconf 71' lang='lat' dir='ltr'>inter</span> <span class='ocrx_word' id='word_1_414' title='bbox 995 2465 1028 2485; x_wconf 76' lang='lat' dir='ltr'>se</span> <span class='ocrx_word' id='word_1_415' title='bbox 1037 2456 1087 2485; x_wconf 76' lang='lat' dir='ltr'>vel</span> <span class='ocrx_word' id='word_1_416' title='bbox 1097 2455 1220 2485; x_wconf 77' lang='lat' dir='ltr'>similia</span> <span class='ocrx_word' id='word_1_417' title='bbox 1229 2456 1278 2485; x_wconf 78' lang='lat' dir='ltr'>vel</span> <span class='ocrx_word' id='word_1_418' title='bbox 1290 2454 1462 2484; x_wconf 77' lang='lat' dir='ltr'>dissimilia</span> <span class='ocrx_word' id='word_1_419' title='bbox 1471 2454 1601 2486; x_wconf 80' lang='lat' dir='ltr'>demon-</span> 
     </span>
     <span class='ocr_line' id='line_1_57' title="bbox 899 2497 1601 2528; baseline 0.001 -1"><span class='ocrx_word' id='word_1_420' title='bbox 899 2498 1012 2528; x_wconf 71' lang='lat' dir='ltr'>strari.</span> <span class='ocrx_word' id='word_1_421' title='bbox 1057 2497 1216 2528; x_wconf 78' lang='lat' dir='ltr'>Monendi</span> <span class='ocrx_word' id='word_1_422' title='bbox 1237 2497 1369 2527; x_wconf 83' lang='lat' dir='ltr'>lectoris</span> <span class='ocrx_word' id='word_1_423' title='bbox 1392 2506 1490 2527; x_wconf 86' lang='lat' dir='ltr'>causa</span> <span class='ocrx_word' id='word_1_424' title='bbox 1508 2498 1601 2528; x_wconf 80' lang='lat' dir='ltr'>uncis</span> 
     </span>
     <span class='ocr_line' id='line_1_58' title="bbox 900 2538 1600 2577; baseline 0 -7"><span class='ocrx_word' id='word_1_425' title='bbox 900 2550 939 2571; x_wconf 81' lang='lat' dir='ltr'>ea</span> <span class='ocrx_word' id='word_1_426' title='bbox 960 2539 1087 2570; x_wconf 80' lang='lat' dir='ltr'>inclusi.</span> <span class='ocrx_word' id='word_1_427' title='bbox 1133 2539 1195 2570; x_wconf 78' lang='lat' dir='ltr'>Sed</span> <span class='ocrx_word' id='word_1_428' title='bbox 1222 2544 1314 2570; x_wconf 81' lang='lat' dir='ltr'>totus</span> <span class='ocrx_word' id='word_1_429' title='bbox 1340 2538 1431 2569; x_wconf 85' lang='lat' dir='ltr'>locus</span> <span class='ocrx_word' id='word_1_430' title='bbox 1458 2539 1600 2577; x_wconf 79' lang='lat' dir='ltr'>laborat,</span> 
     </span>
     <span class='ocr_line' id='line_1_59' title="bbox 900 2581 1602 2621; baseline 0 -9"><span class='ocrx_word' id='word_1_431' title='bbox 900 2588 934 2612; x_wconf 82' lang='lat' dir='ltr'>et</span> <span class='ocrx_word' id='word_1_432' title='bbox 948 2583 1035 2612; x_wconf 82' lang='lat' dir='ltr'>varie</span> <span class='ocrx_word' id='word_1_433' title='bbox 1058 2582 1092 2612; x_wconf 92' lang='lat' dir='ltr'>in</span> <span class='ocrx_word' id='word_1_434' title='bbox 1114 2581 1193 2612; x_wconf 84' lang='lat' dir='ltr'>Mss.</span> <span class='ocrx_word' id='word_1_435' title='bbox 1214 2588 1248 2613; x_wconf 86' lang='lat' dir='ltr'>et</span> <span class='ocrx_word' id='word_1_436' title='bbox 1270 2581 1342 2613; x_wconf 86' lang='lat' dir='ltr'>edd.</span> <span class='ocrx_word' id='word_1_437' title='bbox 1360 2581 1493 2621; x_wconf 85' lang='lat' dir='ltr'>legitur.</span> <span class='ocrx_word' id='word_1_438' title='bbox 1534 2582 1602 2613; x_wconf 85' lang='lat' dir='ltr'>Alii</span> 
     </span>
     <span class='ocr_line' id='line_1_60' title="bbox 898 2624 1604 2661; baseline 0.001 -7"><span class='ocrx_word' id='word_1_439' title='bbox 898 2624 1022 2655; x_wconf 84' lang='lat' dir='ltr'>habent</span> <span class='ocrx_word' id='word_1_440' title='bbox 1035 2625 1151 2655; x_wconf 70' lang='lat' dir='ltr'>maltis</span> <span class='ocrx_word' id='word_1_441' title='bbox 1164 2625 1203 2655; x_wconf 85' lang='lat' dir='ltr'>de</span> <span class='ocrx_word' id='word_1_442' title='bbox 1222 2626 1394 2661; x_wconf 77' lang='lat' dir='ltr'>similibus,</span> <span class='ocrx_word' id='word_1_443' title='bbox 1410 2624 1466 2655; x_wconf 85' lang='lat' dir='ltr'>alii</span> <span class='ocrx_word' id='word_1_444' title='bbox 1480 2626 1604 2660; x_wconf 72' lang='lat' dir='ltr'>multas</span> 
     </span>
     <span class='ocr_line' id='line_1_61' title="bbox 900 2666 1602 2708; baseline 0.001 -12"><span class='ocrx_word' id='word_1_445' title='bbox 900 2668 938 2697; x_wconf 78' lang='lat' dir='ltr'>de</span> <span class='ocrx_word' id='word_1_446' title='bbox 948 2667 1119 2704; x_wconf 76' lang='lat' dir='ltr'>similibus,</span> <span class='ocrx_word' id='word_1_447' title='bbox 1129 2667 1216 2706; x_wconf 90' lang='lat' dir='ltr'>quod</span> <span class='ocrx_word' id='word_1_448' title='bbox 1227 2667 1336 2708; x_wconf 84' lang='lat' dir='ltr'>placet</span> <span class='ocrx_word' id='word_1_449' title='bbox 1349 2666 1580 2707; x_wconf 83' lang='lat' dir='ltr'>Oudendorpio</span> <span class='ocrx_word' id='word_1_450' title='bbox 1592 2679 1602 2705; x_wconf 71' lang='grc' dir='ltr'><strong>ς</strong></span> 
     </span>
     <span class='ocr_line' id='line_1_62' title="bbox 901 2709 1605 2750; baseline 0.001 -12"><span class='ocrx_word' id='word_1_451' title='bbox 901 2710 981 2739; x_wconf 80' lang='lat' dir='ltr'>item</span> <span class='ocrx_word' id='word_1_452' title='bbox 1004 2709 1136 2748; x_wconf 82' lang='lat' dir='ltr'>quidam</span> <span class='ocrx_word' id='word_1_453' title='bbox 1158 2715 1269 2740; x_wconf 78' lang='lat' dir='ltr'>tamen</span> <span class='ocrx_word' id='word_1_454' title='bbox 1281 2720 1341 2750; x_wconf 81' lang='lat' dir='ltr'>pro</span> <span class='ocrx_word' id='word_1_455' title='bbox 1357 2713 1501 2746; x_wconf 76' lang='lat' dir='ltr'>tantum,</span> <span class='ocrx_word' id='word_1_456' title='bbox 1517 2709 1605 2749; x_wconf 85' lang='lat' dir='ltr'>quod</span> 
     </span>
     <span class='ocr_line' id='line_1_63' title="bbox 906 2751 1608 2793; baseline 0 -11"><span class='ocrx_word' id='word_1_457' title='bbox 906 2752 987 2782; x_wconf 87' lang='lat' dir='ltr'>mihi</span> <span class='ocrx_word' id='word_1_458' title='bbox 1003 2752 1124 2792; x_wconf 81' lang='lat' dir='ltr'>placet,</span> <span class='ocrx_word' id='word_1_459' title='bbox 1141 2762 1259 2793; x_wconf 85' lang='lat' dir='ltr'>nempe</span> <span class='ocrx_word' id='word_1_460' title='bbox 1274 2753 1300 2782; x_wconf 87' lang='lat' dir='ltr'>si</span> <span class='ocrx_word' id='word_1_461' title='bbox 1314 2751 1449 2791; x_wconf 82' lang='lat' dir='ltr'>vulgata</span> <span class='ocrx_word' id='word_1_462' title='bbox 1460 2756 1608 2782; x_wconf 74' lang='lat' dir='ltr'>servetur</span> 
     </span>
     <span class='ocr_line' id='line_1_64' title="bbox 905 2795 1607 2832; baseline -0.001 -7"><span class='ocrx_word' id='word_1_463' title='bbox 905 2795 1024 2826; x_wconf 84' lang='lat' dir='ltr'>saltem</span> <span class='ocrx_word' id='word_1_464' title='bbox 1039 2795 1255 2832; x_wconf 84' lang='lat' dir='ltr'>constructio,</span> <span class='ocrx_word' id='word_1_465' title='bbox 1269 2800 1307 2826; x_wconf 85' lang='lat' dir='ltr'>ut</span> <span class='ocrx_word' id='word_1_466' title='bbox 1326 2802 1438 2825; x_wconf 75' lang='lat' dir='ltr'>sensus</span> <span class='ocrx_word' id='word_1_467' title='bbox 1460 2795 1516 2831; x_wconf 83' lang='lat' dir='ltr'>sit,</span> <span class='ocrx_word' id='word_1_468' title='bbox 1531 2803 1607 2824; x_wconf 86' lang='lat' dir='ltr'>cum</span> 
     </span>
    </p>
   </div>
   <div class='ocr_carea' id='block_1_6' title="bbox 207 2833 1609 2876">
    <p class='ocr_par' dir='ltr' id='par_1_8' title="bbox 207 2833 1609 2876">
     <span class='ocr_line' id='line_1_65' title="bbox 207 2833 1609 2876; baseline -0.001 -9"><span class='ocrx_word' id='word_1_469' title='bbox 207 2835 247 2867; x_wconf 75' lang='lat'>78</span> <span class='ocrx_word' id='word_1_470' title='bbox 293 2833 484 2866; x_wconf 64' lang='lat' dir='ltr'>Periclitarz·</span> <span class='ocrx_word' id='word_1_471' title='bbox 501 2854 543 2859; x_wconf 97' lang='lat'><strong>—</strong></span> <span class='ocrx_word' id='word_1_472' title='bbox 556 2836 732 2875; x_wconf 64' lang='lat' dir='ltr'>videatur]</span> <span class='ocrx_word' id='word_1_473' title='bbox 780 2834 862 2867; x_wconf 84' lang='lat' dir='ltr'>Haee</span> <span class='ocrx_word' id='word_1_474' title='bbox 905 2837 1021 2868; x_wconf 82' lang='lat' dir='ltr'>multae</span> <span class='ocrx_word' id='word_1_475' title='bbox 1036 2847 1085 2867; x_wconf 87' lang='lat' dir='ltr'>res</span> <span class='ocrx_word' id='word_1_476' title='bbox 1098 2837 1165 2867; x_wconf 81' lang='lat' dir='ltr'>sint</span> <span class='ocrx_word' id='word_1_477' title='bbox 1181 2838 1237 2867; x_wconf 71' lang='grc' dir='ltr'>διο.</span> <span class='ocrx_word' id='word_1_478' title='bbox 1248 2846 1326 2867; x_wconf 87' lang='lat' dir='ltr'>nam</span> <span class='ocrx_word' id='word_1_479' title='bbox 1340 2837 1393 2867; x_wconf 80' lang='lat' dir='ltr'>hic</span> <span class='ocrx_word' id='word_1_480' title='bbox 1406 2847 1532 2876; x_wconf 88' lang='lat' dir='ltr'>quoque</span> <span class='ocrx_word' id='word_1_481' title='bbox 1550 2835 1609 2867; x_wconf 87' lang='lat' dir='ltr'>ali-</span> 
     </span>
    </p>
   </div>
   <div class='ocr_carea' id='block_1_7' title="bbox 165 2877 861 2912">
    <p class='ocr_par' dir='ltr' id='par_1_9' title="bbox 165 2877 861 2912">
     <span class='ocr_line' id='line_1_66' title="bbox 165 2877 861 2912; baseline 0.004 -6"><span class='ocrx_word' id='word_1_482' title='bbox 165 2883 234 2906; x_wconf 77' lang='lat' dir='ltr'>nou</span> <span class='ocrx_word' id='word_1_483' title='bbox 249 2881 327 2907; x_wconf 82' lang='lat' dir='ltr'>sunt</span> <span class='ocrx_word' id='word_1_484' title='bbox 347 2877 381 2908; x_wconf 90' lang='lat' dir='ltr'>in</span> <span class='ocrx_word' id='word_1_485' title='bbox 406 2878 486 2909; x_wconf 83' lang='lat' dir='ltr'>Mss.</span> <span class='ocrx_word' id='word_1_486' title='bbox 510 2879 598 2912; x_wconf 78' lang='lat' dir='ltr'>Cass.</span> <span class='ocrx_word' id='word_1_487' title='bbox 621 2885 654 2910; x_wconf 85' lang='lat' dir='ltr'>et</span> <span class='ocrx_word' id='word_1_488' title='bbox 671 2878 779 2910; x_wconf 72' lang='lat' dir='ltr'>Schol.</span> <span class='ocrx_word' id='word_1_489' title='bbox 798 2879 861 2911; x_wconf 67' lang='grc' dir='ltr'>ΜΞ.</span> 
     </span>
    </p>
   </div>
   <div class='ocr_carea' id='block_1_8' title="bbox 905 2878 1608 2919">
    <p class='ocr_par' dir='ltr' id='par_1_10' title="bbox 905 2878 1608 2919">
     <span class='ocr_line' id='line_1_67' title="bbox 905 2878 1608 2919; baseline -0.003 -8"><span class='ocrx_word' id='word_1_490' title='bbox 905 2879 982 2919; x_wconf 86' lang='lat' dir='ltr'>quid</span> <span class='ocrx_word' id='word_1_491' title='bbox 998 2880 1105 2911; x_wconf 84' lang='lat' dir='ltr'>deesse</span> <span class='ocrx_word' id='word_1_492' title='bbox 1120 2879 1262 2918; x_wconf 74' lang='lat' dir='ltr'>videtur,</span> <span class='ocrx_word' id='word_1_493' title='bbox 1279 2880 1365 2911; x_wconf 82' lang='lat' dir='ltr'>forte</span> <span class='ocrx_word' id='word_1_494' title='bbox 1385 2883 1416 2910; x_wconf 77' lang='lat' dir='ltr'>et</span> <span class='ocrx_word' id='word_1_495' title='bbox 1436 2878 1608 2915; x_wconf 53' lang='lat' dir='ltr'>similibus,</span> 
     </span>
    </p>
   </div>
  </div>
 </body>
</html>
