<?xml version="1.0" encoding="UTF-8"?>
<!DOCTYPE html PUBLIC "-//W3C//DTD XHTML 1.0 Transitional//EN"
    "http://www.w3.org/TR/xhtml1/DTD/xhtml1-transitional.dtd">
<html xmlns="http://www.w3.org/1999/xhtml" xml:lang="en" lang="en">
 <head>
  <title>
</title>
<meta http-equiv="Content-Type" content="text/html;charset=utf-8" />
  <meta name='ocr-system' content='tesseract 3.04.00' />
  <meta name='ocr-capabilities' content='ocr_page ocr_carea ocr_par ocr_line ocrx_word'/>
</head>
<body>
  <div class='ocr_page' id='page_1' title='image "./operaomnia01ciceuoft/operaomnia01ciceuoft_0010.png"; bbox 0 0 1914 3220; ppageno 0'>
   <div class='ocr_carea' id='block_1_1' title="bbox 312 129 1247 189">
    <p class='ocr_par' dir='ltr' id='par_1_1' title="bbox 312 129 1247 189">
     <span class='ocr_line' id='line_1_1' title="bbox 312 129 1247 189; baseline -0.003 0"><span class='ocrx_word' id='word_1_1' title='bbox 312 139 341 189; x_wconf 75' lang='lat' dir='ltr'>ii</span> <span class='ocrx_word' id='word_1_2' title='bbox 797 131 978 186; x_wconf 79' lang='lat' dir='ltr'>PRAE</span> <span class='ocrx_word' id='word_1_3' title='bbox 990 129 1247 186; x_wconf 80' lang='lat' dir='ltr'><strong>FATIO.</strong></span> 
     </span>
    </p>
   </div>
   <div class='ocr_carea' id='block_1_2' title="bbox 311 262 1728 509">
    <p class='ocr_par' dir='ltr' id='par_1_2' title="bbox 311 262 1728 509">
     <span class='ocr_line' id='line_1_2' title="bbox 312 262 1727 333; baseline -0.008 -8"><span class='ocrx_word' id='word_1_4' title='bbox 312 291 447 333; x_wconf 77' lang='lat' dir='ltr'>runi,</span> <span class='ocrx_word' id='word_1_5' title='bbox 486 271 898 323; x_wconf 76' lang='lat' dir='ltr'><strong>accommodate</strong></span> <span class='ocrx_word' id='word_1_6' title='bbox 943 270 1009 322; x_wconf 81' lang='lat' dir='ltr'>ad</span> <span class='ocrx_word' id='word_1_7' title='bbox 1055 269 1295 320; x_wconf 82' lang='lat' dir='ltr'>criticam</span> <span class='ocrx_word' id='word_1_8' title='bbox 1339 264 1619 326; x_wconf 82' lang='lat' dir='ltr'>rationem,</span> <span class='ocrx_word' id='word_1_9' title='bbox 1648 262 1727 315; x_wconf 90' lang='lat' dir='ltr'>di-</span> 
     </span>
     <span class='ocr_line' id='line_1_3' title="bbox 311 350 1728 423; baseline -0.008 -15"><span class='ocrx_word' id='word_1_10' title='bbox 311 375 461 410; x_wconf 76' lang='lat' dir='ltr'>cam:</span> <span class='ocrx_word' id='word_1_11' title='bbox 503 354 555 406; x_wconf 79' lang='lat' dir='ltr'>id</span> <span class='ocrx_word' id='word_1_12' title='bbox 591 354 737 423; x_wconf 81' lang='lat' dir='ltr'><strong>quod</strong></span> <span class='ocrx_word' id='word_1_13' title='bbox 794 373 936 405; x_wconf 89' lang='lat' dir='ltr'>nnnc</span> <span class='ocrx_word' id='word_1_14' title='bbox 970 353 1131 405; x_wconf 77' lang='lat' dir='ltr'>ctiam</span> <span class='ocrx_word' id='word_1_15' title='bbox 1168 350 1377 422; x_wconf 82' lang='lat' dir='ltr'>plenius</span> <span class='ocrx_word' id='word_1_16' title='bbox 1419 357 1474 400; x_wconf 84' lang='lat' dir='ltr'><strong>et</strong></span> <span class='ocrx_word' id='word_1_17' title='bbox 1509 364 1728 399; x_wconf 84' lang='lat' dir='ltr'><strong>accura-</strong></span> 
     </span>
     <span class='ocr_line' id='line_1_4' title="bbox 311 436 1215 509; baseline -0.004 -18"><span class='ocrx_word' id='word_1_18' title='bbox 311 440 433 501; x_wconf 80' lang='lat' dir='ltr'>tius,</span> <span class='ocrx_word' id='word_1_19' title='bbox 463 458 629 509; x_wconf 79' lang='lat' dir='ltr'>quain</span> <span class='ocrx_word' id='word_1_20' title='bbox 659 448 837 498; x_wconf 75' lang='lat' dir='ltr'>antea,</span> <span class='ocrx_word' id='word_1_21' title='bbox 866 438 973 488; x_wconf 82' lang='lat' dir='ltr'>fieri</span> <span class='ocrx_word' id='word_1_22' title='bbox 1007 436 1215 507; x_wconf 78' lang='lat' dir='ltr'><strong>poterit.</strong></span> 
     </span>
    </p>
   </div>
   <div class='ocr_carea' id='block_1_3' title="bbox 794 581 1244 636">
    <p class='ocr_par' dir='ltr' id='par_1_3' title="bbox 794 581 1244 636">
     <span class='ocr_line' id='line_1_5' title="bbox 794 581 1244 636; baseline -0.004 -1"><span class='ocrx_word' id='word_1_23' title='bbox 794 581 1138 636; x_wconf 81' lang='lat' dir='ltr'>SECTIO</span> <span class='ocrx_word' id='word_1_24' title='bbox 1199 581 1244 633; x_wconf 95' lang='lat' dir='ltr'>I.</span> 
     </span>
    </p>
   </div>
   <div class='ocr_carea' id='block_1_4' title="bbox 307 682 1733 1349">
    <p class='ocr_par' dir='ltr' id='par_1_4' title="bbox 307 682 1733 1349">
     <span class='ocr_line' id='line_1_6' title="bbox 382 682 1729 745; baseline -0.007 -2"><span class='ocrx_word' id='word_1_25' title='bbox 382 689 691 743; x_wconf 73' lang='lat' dir='ltr'>CRITICA</span> <span class='ocrx_word' id='word_1_26' title='bbox 724 690 859 741; x_wconf 81' lang='lat' dir='ltr'>ratio</span> <span class='ocrx_word' id='word_1_27' title='bbox 891 688 989 740; x_wconf 83' lang='lat' dir='ltr'>etsi</span> <span class='ocrx_word' id='word_1_28' title='bbox 1019 688 1262 739; x_wconf 87' lang='lat' dir='ltr'>universe</span> <span class='ocrx_word' id='word_1_29' title='bbox 1291 686 1484 738; x_wconf 83' lang='lat' dir='ltr'><strong>eadem</strong></span> <span class='ocrx_word' id='word_1_30' title='bbox 1520 691 1618 745; x_wconf 88' lang='lat' dir='ltr'><strong>est,</strong></span> <span class='ocrx_word' id='word_1_31' title='bbox 1644 682 1729 735; x_wconf 87' lang='lat' dir='ltr'>iis-</span> 
     </span>
     <span class='ocr_line' id='line_1_7' title="bbox 313 768 1730 845; baseline -0.008 -16"><span class='ocrx_word' id='word_1_32' title='bbox 313 777 550 845; x_wconf 83' lang='lat' dir='ltr'><strong>demque</strong></span> <span class='ocrx_word' id='word_1_33' title='bbox 582 774 788 843; x_wconf 73' lang='lat' dir='ltr'>legibus</span> <span class='ocrx_word' id='word_1_34' title='bbox 823 773 1045 841; x_wconf 76' lang='lat' dir='ltr'>regitur:</span> <span class='ocrx_word' id='word_1_35' title='bbox 1086 779 1269 823; x_wconf 83' lang='lat' dir='ltr'>tamen</span> <span class='ocrx_word' id='word_1_36' title='bbox 1306 770 1360 821; x_wconf 90' lang='lat' dir='ltr'>in</span> <span class='ocrx_word' id='word_1_37' title='bbox 1392 768 1610 839; x_wconf 82' lang='lat' dir='ltr'>singulis</span> <span class='ocrx_word' id='word_1_38' title='bbox 1642 785 1730 818; x_wconf 86' lang='lat' dir='ltr'><strong>ve-</strong></span> 
     </span>
     <span class='ocr_line' id='line_1_8' title="bbox 311 853 1732 928; baseline -0.006 -17"><span class='ocrx_word' id='word_1_39' title='bbox 311 871 483 912; x_wconf 77' lang='lat' dir='ltr'><strong>terum</strong></span> <span class='ocrx_word' id='word_1_40' title='bbox 513 858 763 928; x_wconf 85' lang='lat' dir='ltr'><strong>operibus</strong></span> <span class='ocrx_word' id='word_1_41' title='bbox 791 857 1024 908; x_wconf 77' lang='lat' dir='ltr'>variatur</span> <span class='ocrx_word' id='word_1_42' title='bbox 1055 863 1337 907; x_wconf 83' lang='lat' dir='ltr'><strong>auctorum</strong></span> <span class='ocrx_word' id='word_1_43' title='bbox 1367 856 1546 915; x_wconf 67' lang='lat' dir='ltr'><strong>zetam,</strong></span> <span class='ocrx_word' id='word_1_44' title='bbox 1584 853 1732 922; x_wconf 82' lang='lat' dir='ltr'>inge·</span> 
     </span>
     <span class='ocr_line' id='line_1_9' title="bbox 311 937 1728 1014; baseline -0.006 -18"><span class='ocrx_word' id='word_1_45' title='bbox 311 945 427 1005; x_wconf 77' lang='lat' dir='ltr'>niis,</span> <span class='ocrx_word' id='word_1_46' title='bbox 466 961 659 1014; x_wconf 80' lang='lat' dir='ltr'><strong>genere</strong></span> <span class='ocrx_word' id='word_1_47' title='bbox 688 941 903 1013; x_wconf 88' lang='lat' dir='ltr'><strong>proprio</strong></span> <span class='ocrx_word' id='word_1_48' title='bbox 931 940 1131 1009; x_wconf 90' lang='lat' dir='ltr'>cuique</span> <span class='ocrx_word' id='word_1_49' title='bbox 1155 937 1440 999; x_wconf 87' lang='lat' dir='ltr'>scribendi,</span> <span class='ocrx_word' id='word_1_50' title='bbox 1462 955 1528 989; x_wconf 84' lang='lat' dir='ltr'>ac</span> <span class='ocrx_word' id='word_1_51' title='bbox 1553 953 1728 988; x_wconf 87' lang='lat' dir='ltr'><strong>rerum</strong></span> 
     </span>
     <span class='ocr_line' id='line_1_10' title="bbox 310 1022 1731 1097; baseline -0.006 -17"><span class='ocrx_word' id='word_1_52' title='bbox 310 1028 546 1097; x_wconf 71' lang='lat' dir='ltr'>(lenique</span> <span class='ocrx_word' id='word_1_53' title='bbox 585 1028 842 1096; x_wconf 81' lang='lat' dir='ltr'>ipsarum,</span> <span class='ocrx_word' id='word_1_54' title='bbox 881 1024 948 1076; x_wconf 86' lang='lat' dir='ltr'>(le</span> <span class='ocrx_word' id='word_1_55' title='bbox 991 1023 1189 1092; x_wconf 85' lang='lat' dir='ltr'>quibus</span> <span class='ocrx_word' id='word_1_56' title='bbox 1232 1022 1441 1082; x_wconf 82' lang='lat' dir='ltr'>dicunt,</span> <span class='ocrx_word' id='word_1_57' title='bbox 1481 1037 1731 1092; x_wconf 86' lang='lat' dir='ltr'><strong>persona-</strong></span> 
     </span>
     <span class='ocr_line' id='line_1_11' title="bbox 307 1103 1732 1181; baseline -0.005 -18"><span class='ocrx_word' id='word_1_58' title='bbox 307 1129 539 1181; x_wconf 80' lang='lat' dir='ltr'><strong>rumque</strong></span> <span class='ocrx_word' id='word_1_59' title='bbox 567 1109 888 1163; x_wconf 76' lang='lat' dir='ltr'>diversitate.</span> <span class='ocrx_word' id='word_1_60' title='bbox 974 1106 1122 1158; x_wconf 81' lang='lat' dir='ltr'>Nam</span> <span class='ocrx_word' id='word_1_61' title='bbox 1161 1106 1239 1158; x_wconf 89' lang='lat' dir='ltr'>his</span> <span class='ocrx_word' id='word_1_62' title='bbox 1280 1105 1438 1157; x_wconf 87' lang='lat' dir='ltr'>rebus</span> <span class='ocrx_word' id='word_1_63' title='bbox 1479 1103 1732 1156; x_wconf 89' lang='lat' dir='ltr'>omnibus</span> 
     </span>
     <span class='ocr_line' id='line_1_12' title="bbox 310 1188 1733 1262; baseline -0.006 -14"><span class='ocrx_word' id='word_1_64' title='bbox 310 1207 369 1248; x_wconf 85' lang='lat' dir='ltr'>nt</span> <span class='ocrx_word' id='word_1_65' title='bbox 397 1195 626 1248; x_wconf 79' lang='lat' dir='ltr'>afficitur</span> <span class='ocrx_word' id='word_1_66' title='bbox 650 1193 819 1246; x_wconf 75' lang='lat' dir='ltr'>oratio</span> <span class='ocrx_word' id='word_1_67' title='bbox 847 1193 1132 1262; x_wconf 81' lang='lat' dir='ltr'><strong>cujusque,</strong></span> <span class='ocrx_word' id='word_1_68' title='bbox 1157 1200 1213 1242; x_wconf 82' lang='lat' dir='ltr'>ct</span> <span class='ocrx_word' id='word_1_69' title='bbox 1237 1208 1302 1242; x_wconf 93' lang='lat' dir='ltr'><strong>eo</strong></span> <span class='ocrx_word' id='word_1_70' title='bbox 1327 1189 1447 1260; x_wconf 88' lang='lat' dir='ltr'>ipso</span> <span class='ocrx_word' id='word_1_71' title='bbox 1473 1189 1533 1240; x_wconf 86' lang='lat' dir='ltr'>fit</span> <span class='ocrx_word' id='word_1_72' title='bbox 1556 1188 1733 1259; x_wconf 87' lang='lat' dir='ltr'><strong>cujus·</strong></span> 
     </span>
     <span class='ocr_line' id='line_1_13' title="bbox 311 1272 1729 1349; baseline -0.006 -18"><span class='ocrx_word' id='word_1_73' title='bbox 311 1298 436 1349; x_wconf 81' lang='lat' dir='ltr'><strong>quc,</strong></span> <span class='ocrx_word' id='word_1_74' title='bbox 466 1277 837 1338; x_wconf 80' lang='lat' dir='ltr'>utCice1·oniS‚</span> <span class='ocrx_word' id='word_1_75' title='bbox 867 1274 1108 1336; x_wconf 45' lang='lat' dir='ltr'>Caesari&amp;</span> <span class='ocrx_word' id='word_1_76' title='bbox 1150 1273 1322 1332; x_wconf 83' lang='lat' dir='ltr'>Livii;</span> <span class='ocrx_word' id='word_1_77' title='bbox 1362 1273 1438 1325; x_wconf 91' lang='lat' dir='ltr'>sic</span> <span class='ocrx_word' id='word_1_78' title='bbox 1460 1291 1537 1326; x_wconf 85' lang='lat' dir='ltr'><strong>eae</strong></span> <span class='ocrx_word' id='word_1_79' title='bbox 1565 1272 1729 1325; x_wconf 84' lang='lat' dir='ltr'>etiam</span> 
     </span>
    </p>
   </div>
   <div class='ocr_carea' id='block_1_5' title="bbox 311 1356 1738 1426">
    <p class='ocr_par' dir='ltr' id='par_1_5' title="bbox 311 1356 1738 1426">
     <span class='ocr_line' id='line_1_14' title="bbox 311 1356 1738 1426; baseline -0.004 -12"><span class='ocrx_word' id='word_1_80' title='bbox 311 1382 496 1415; x_wconf 86' lang='lat' dir='ltr'>omncs</span> <span class='ocrx_word' id='word_1_81' title='bbox 519 1362 572 1413; x_wconf 89' lang='lat' dir='ltr'>in</span> <span class='ocrx_word' id='word_1_82' title='bbox 595 1361 877 1413; x_wconf 86' lang='lat' dir='ltr'>consilium</span> <span class='ocrx_word' id='word_1_83' title='bbox 907 1359 1109 1411; x_wconf 81' lang='lat' dir='ltr'><strong>debent</strong></span> <span class='ocrx_word' id='word_1_84' title='bbox 1136 1357 1395 1419; x_wconf 79' lang='lat' dir='ltr'>adhiberi,</span> <span class='ocrx_word' id='word_1_85' title='bbox 1423 1375 1568 1418; x_wconf 87' lang='lat' dir='ltr'><strong>cum,</strong></span> <span class='ocrx_word' id='word_1_86' title='bbox 1596 1356 1738 1426; x_wconf 82' lang='lat' dir='ltr'>quid-</span> 
     </span>
    </p>
   </div>
   <div class='ocr_carea' id='block_1_6' title="bbox 308 1439 1737 2862">
    <p class='ocr_par' dir='ltr' id='par_1_6' title="bbox 313 1439 1734 1751">
     <span class='ocr_line' id='line_1_15' title="bbox 313 1439 1734 1516; baseline -0.004 -18"><span class='ocrx_word' id='word_1_87' title='bbox 313 1449 364 1499; x_wconf 78' lang='lat' dir='ltr'>in</span> <span class='ocrx_word' id='word_1_88' title='bbox 402 1448 544 1498; x_wconf 82' lang='lat' dir='ltr'>libris</span> <span class='ocrx_word' id='word_1_89' title='bbox 582 1447 847 1516; x_wconf 72' lang='lat' dir='ltr'>cujusquc</span> <span class='ocrx_word' id='word_1_90' title='bbox 880 1461 1002 1494; x_wconf 85' lang='lat' dir='ltr'><strong>vere</strong></span> <span class='ocrx_word' id='word_1_91' title='bbox 1042 1442 1208 1513; x_wconf 88' lang='lat' dir='ltr'>ipsius</span> <span class='ocrx_word' id='word_1_92' title='bbox 1241 1441 1326 1503; x_wconf 89' lang='lat' dir='ltr'>sit,</span> <span class='ocrx_word' id='word_1_93' title='bbox 1354 1440 1487 1511; x_wconf 88' lang='lat' dir='ltr'>quid</span> <span class='ocrx_word' id='word_1_94' title='bbox 1525 1459 1558 1492; x_wconf 84' lang='lat' dir='ltr'>a</span> <span class='ocrx_word' id='word_1_95' title='bbox 1588 1439 1734 1492; x_wconf 81' lang='lat' dir='ltr'>mala</span> 
     </span>
     <span class='ocr_line' id='line_1_16' title="bbox 314 1525 1731 1596; baseline -0.005 -13"><span class='ocrx_word' id='word_1_96' title='bbox 314 1550 475 1583; x_wconf 76' lang='lat' dir='ltr'>manu</span> <span class='ocrx_word' id='word_1_97' title='bbox 520 1531 601 1582; x_wconf 72' lang='lat' dir='ltr'>vel</span> <span class='ocrx_word' id='word_1_98' title='bbox 648 1528 920 1588; x_wconf 77' lang='lat' dir='ltr'>addendO,</span> <span class='ocrx_word' id='word_1_99' title='bbox 959 1527 1041 1578; x_wconf 85' lang='lat' dir='ltr'>vel</span> <span class='ocrx_word' id='word_1_100' title='bbox 1084 1525 1481 1596; x_wconf 86' lang='lat' dir='ltr'><strong>corrumpendo</strong></span> <span class='ocrx_word' id='word_1_101' title='bbox 1523 1525 1731 1585; x_wconf 71' lang='lat' dir='ltr'>illatum</span> 
     </span>
     <span class='ocr_line' id='line_1_17' title="bbox 313 1609 1732 1683; baseline -0.002 -19"><span class='ocrx_word' id='word_1_102' title='bbox 313 1616 395 1676; x_wconf 72' lang='lat' dir='ltr'>sit,</span> <span class='ocrx_word' id='word_1_103' title='bbox 419 1615 695 1683; x_wconf 71' lang='lat' dir='ltr'>quaeritur,</span> <span class='ocrx_word' id='word_1_104' title='bbox 717 1612 884 1681; x_wconf 83' lang='lat' dir='ltr'>idque</span> <span class='ocrx_word' id='word_1_105' title='bbox 907 1610 1186 1681; x_wconf 86' lang='lat' dir='ltr'><strong>quomodo</strong></span> <span class='ocrx_word' id='word_1_106' title='bbox 1208 1609 1398 1680; x_wconf 82' lang='lat' dir='ltr'>corrigi</span> <span class='ocrx_word' id='word_1_107' title='bbox 1419 1609 1619 1662; x_wconf 84' lang='lat' dir='ltr'><strong>debeat</strong></span> <span class='ocrx_word' id='word_1_108' title='bbox 1638 1609 1732 1668; x_wconf 81' lang='lat' dir='ltr'>sic,</span> 
     </span>
     <span class='ocr_line' id='line_1_18' title="bbox 314 1697 988 1751; baseline -0.004 -2"><span class='ocrx_word' id='word_1_109' title='bbox 314 1710 370 1751; x_wconf 82' lang='lat' dir='ltr'>nt</span> <span class='ocrx_word' id='word_1_110' title='bbox 399 1717 554 1750; x_wconf 62' lang='lat' dir='ltr'>¹snum</span> <span class='ocrx_word' id='word_1_111' title='bbox 583 1699 631 1749; x_wconf 84' lang='lat' dir='ltr'>ei</span> <span class='ocrx_word' id='word_1_112' title='bbox 659 1697 988 1749; x_wconf 78' lang='lat' dir='ltr'>restituatur.</span> 
     </span>
    </p>

    <p class='ocr_par' dir='ltr' id='par_1_7' title="bbox 308 1777 1737 2862">
     <span class='ocr_line' id='line_1_19' title="bbox 381 1777 1732 1852; baseline -0.003 -17"><span class='ocrx_word' id='word_1_113' title='bbox 381 1782 415 1836; x_wconf 84' lang='lat' dir='ltr'>J</span> <span class='ocrx_word' id='word_1_114' title='bbox 423 1801 508 1834; x_wconf 80' lang='lat' dir='ltr'>am</span> <span class='ocrx_word' id='word_1_115' title='bbox 542 1782 774 1852; x_wconf 84' lang='lat' dir='ltr'>primum</span> <span class='ocrx_word' id='word_1_116' title='bbox 816 1781 942 1833; x_wconf 79' lang='lat' dir='ltr'>satis</span> <span class='ocrx_word' id='word_1_117' title='bbox 975 1787 1207 1841; x_wconf 81' lang='lat' dir='ltr'>constat,</span> <span class='ocrx_word' id='word_1_118' title='bbox 1248 1777 1519 1832; x_wconf 84' lang='lat' dir='ltr'><strong>Ciceronis</strong></span> <span class='ocrx_word' id='word_1_119' title='bbox 1554 1786 1732 1841; x_wconf 83' lang='lat' dir='ltr'><strong>aetate‚</strong></span> 
     </span>
     <span class='ocr_line' id='line_1_20' title="bbox 311 1863 1734 1934; baseline -0.001 -16"><span class='ocrx_word' id='word_1_120' title='bbox 311 1879 424 1918; x_wconf 78' lang='lat' dir='ltr'>tnni</span> <span class='ocrx_word' id='word_1_121' title='bbox 464 1868 706 1927; x_wconf 75' lang='lat' dir='ltr'>alioruin,</span> <span class='ocrx_word' id='word_1_122' title='bbox 735 1873 852 1917; x_wconf 83' lang='lat' dir='ltr'>tum</span> <span class='ocrx_word' id='word_1_123' title='bbox 892 1865 1058 1934; x_wconf 89' lang='lat' dir='ltr'>ipsius</span> <span class='ocrx_word' id='word_1_124' title='bbox 1090 1863 1335 1934; x_wconf 87' lang='lat' dir='ltr'>inprimis</span> <span class='ocrx_word' id='word_1_125' title='bbox 1361 1863 1596 1934; x_wconf 80' lang='lat' dir='ltr'>ingenie,</span> <span class='ocrx_word' id='word_1_126' title='bbox 1623 1871 1734 1916; x_wconf 86' lang='lat' dir='ltr'>stu-</span> 
     </span>
     <span class='ocr_line' id='line_1_21' title="bbox 309 1947 1735 2019; baseline 0.001 -20"><span class='ocrx_word' id='word_1_127' title='bbox 309 1950 415 2010; x_wconf 75' lang='lat' dir='ltr'>dio,</span> <span class='ocrx_word' id='word_1_128' title='bbox 444 1950 807 2012; x_wconf 68' lang='lat' dir='ltr'>an·te,·&lt;1&lt;lean1</span> <span class='ocrx_word' id='word_1_129' title='bbox 838 1948 1223 2019; x_wconf 82' lang='lat' dir='ltr'>perfectionem</span> <span class='ocrx_word' id='word_1_130' title='bbox 1246 1947 1542 2000; x_wconf 81' lang='lat' dir='ltr'>adductam</span> <span class='ocrx_word' id='word_1_131' title='bbox 1571 1947 1735 2000; x_wconf 85' lang='lat' dir='ltr'>fuisse</span> 
     </span>
     <span class='ocr_line' id='line_1_22' title="bbox 308 2032 1733 2102; baseline 0.001 -20"><span class='ocrx_word' id='word_1_132' title='bbox 308 2045 362 2087; x_wconf 66' lang='lat' dir='ltr'><strong>et</strong></span> <span class='ocrx_word' id='word_1_133' title='bbox 389 2035 711 2086; x_wconf 72' lang='lat' dir='ltr'>latinitatem</span> <span class='ocrx_word' id='word_1_134' title='bbox 740 2033 1062 2094; x_wconf 79' lang='lat' dir='ltr'>universam,</span> <span class='ocrx_word' id='word_1_135' title='bbox 1100 2042 1155 2086; x_wconf 84' lang='lat' dir='ltr'><strong>et</strong></span> <span class='ocrx_word' id='word_1_136' title='bbox 1182 2032 1437 2084; x_wconf 81' lang='lat' dir='ltr'>orationis</span> <span class='ocrx_word' id='word_1_137' title='bbox 1465 2032 1733 2102; x_wconf 86' lang='lat' dir='ltr'><strong>cujusque</strong></span> 
     </span>
     <span class='ocr_line' id='line_1_23' title="bbox 311 2113 1734 2188; baseline -0.001 -19"><span class='ocrx_word' id='word_1_138' title='bbox 311 2118 556 2179; x_wconf 75' lang='lat' dir='ltr'><strong>formam,</strong></span> <span class='ocrx_word' id='word_1_139' title='bbox 584 2130 645 2170; x_wconf 86' lang='lat' dir='ltr'>ut</span> <span class='ocrx_word' id='word_1_140' title='bbox 674 2118 841 2188; x_wconf 83' lang='lat' dir='ltr'><strong>major</strong></span> <span class='ocrx_word' id='word_1_141' title='bbox 870 2135 976 2170; x_wconf 88' lang='lat' dir='ltr'>non</span> <span class='ocrx_word' id='word_1_142' title='bbox 1006 2117 1170 2170; x_wconf 89' lang='lat' dir='ltr'><strong>modo</strong></span> <span class='ocrx_word' id='word_1_143' title='bbox 1197 2116 1437 2170; x_wconf 76' lang='lat' dir='ltr'>extiterit</span> <span class='ocrx_word' id='word_1_144' title='bbox 1459 2113 1734 2168; x_wconf 77' lang='lat' dir='ltr'>nullanu-</span> 
     </span>
     <span class='ocr_line' id='line_1_24' title="bbox 313 2199 1733 2272; baseline 0 -20"><span class='ocrx_word' id='word_1_145' title='bbox 313 2220 498 2271; x_wconf 75' lang='lat' dir='ltr'>quam,</span> <span class='ocrx_word' id='word_1_146' title='bbox 539 2201 633 2253; x_wconf 91' lang='lat' dir='ltr'>sed</span> <span class='ocrx_word' id='word_1_147' title='bbox 667 2219 733 2253; x_wconf 87' lang='lat' dir='ltr'>ne</span> <span class='ocrx_word' id='word_1_148' title='bbox 766 2201 987 2272; x_wconf 80' lang='lat' dir='ltr'>cogitari</span> <span class='ocrx_word' id='word_1_149' title='bbox 1020 2201 1244 2271; x_wconf 88' lang='lat' dir='ltr'>quidem</span> <span class='ocrx_word' id='word_1_150' title='bbox 1280 2219 1437 2272; x_wconf 87' lang='lat' dir='ltr'><strong>posse</strong></span> <span class='ocrx_word' id='word_1_151' title='bbox 1467 2199 1733 2263; x_wconf 82' lang='lat' dir='ltr'>videatur,</span> 
     </span>
     <span class='ocr_line' id='line_1_25' title="bbox 310 2285 1732 2356; baseline 0 -20"><span class='ocrx_word' id='word_1_152' title='bbox 310 2287 534 2355; x_wconf 64' lang='lat' dir='ltr'><strong>ejusque</strong></span> <span class='ocrx_word' id='word_1_153' title='bbox 599 2286 736 2338; x_wconf 80' lang='lat' dir='ltr'><strong>adeo</strong></span> <span class='ocrx_word' id='word_1_154' title='bbox 797 2285 1139 2356; x_wconf 85' lang='lat' dir='ltr'>perfectionis</span> <span class='ocrx_word' id='word_1_155' title='bbox 1195 2285 1508 2356; x_wconf 86' lang='lat' dir='ltr'><strong>exemplum</strong></span> <span class='ocrx_word' id='word_1_156' title='bbox 1561 2303 1732 2336; x_wconf 81' lang='lat' dir='ltr'>unum</span> 
     </span>
     <span class='ocr_line' id='line_1_26' title="bbox 311 2369 1737 2440; baseline -0.001 -19"><span class='ocrx_word' id='word_1_157' title='bbox 311 2369 663 2421; x_wconf 63' lang='lat' dir='ltr'>‹sm-tissimum</span> <span class='ocrx_word' id='word_1_158' title='bbox 693 2378 746 2422; x_wconf 81' lang='lat' dir='ltr'><strong>et</strong></span> <span class='ocrx_word' id='word_1_159' title='bbox 776 2370 1159 2440; x_wconf 82' lang='lat' dir='ltr'><strong>pulcerrimum</strong></span> <span class='ocrx_word' id='word_1_160' title='bbox 1192 2371 1245 2422; x_wconf 91' lang='lat' dir='ltr'>in</span> <span class='ocrx_word' id='word_1_161' title='bbox 1274 2369 1638 2423; x_wconf 85' lang='lat' dir='ltr'>Ciceronianis</span> <span class='ocrx_word' id='word_1_162' title='bbox 1674 2369 1737 2421; x_wconf 81' lang='lat' dir='ltr'>li·-</span> 
     </span>
     <span class='ocr_line' id='line_1_27' title="bbox 313 2453 1734 2526; baseline 0.003 -25"><span class='ocrx_word' id='word_1_163' title='bbox 313 2453 416 2504; x_wconf 82' lang='lat' dir='ltr'>bris</span> <span class='ocrx_word' id='word_1_164' title='bbox 446 2462 698 2522; x_wconf 76' lang='lat' dir='ltr'><strong>prostare.</strong></span> <span class='ocrx_word' id='word_1_165' title='bbox 780 2454 865 2505; x_wconf 80' lang='lat' dir='ltr'>Ex</span> <span class='ocrx_word' id='word_1_166' title='bbox 901 2470 1013 2524; x_wconf 87' lang='lat' dir='ltr'>quo</span> <span class='ocrx_word' id='word_1_167' title='bbox 1049 2453 1381 2526; x_wconf 78' lang='lat' dir='ltr'>intelligitur,</span> <span class='ocrx_word' id='word_1_168' title='bbox 1419 2455 1647 2525; x_wconf 85' lang='lat' dir='ltr'>primam</span> <span class='ocrx_word' id='word_1_169' title='bbox 1678 2459 1734 2506; x_wconf 89' lang='lat' dir='ltr'><strong>et</strong></span> 
     </span>
     <span class='ocr_line' id='line_1_28' title="bbox 311 2536 1730 2608; baseline 0.001 -22"><span class='ocrx_word' id='word_1_170' title='bbox 311 2537 544 2586; x_wconf 75' lang='lat' dir='ltr'>maxime</span> <span class='ocrx_word' id='word_1_171' title='bbox 573 2538 925 2589; x_wconf 77' lang='lat' dir='ltr'>necessariam</span> <span class='ocrx_word' id='word_1_172' title='bbox 955 2537 1082 2589; x_wconf 88' lang='lat' dir='ltr'>boni</span> <span class='ocrx_word' id='word_1_173' title='bbox 1108 2557 1172 2590; x_wconf 78' lang='lat' dir='ltr'>ac</span> <span class='ocrx_word' id='word_1_174' title='bbox 1201 2538 1308 2590; x_wconf 85' lang='lat' dir='ltr'>veri</span> <span class='ocrx_word' id='word_1_175' title='bbox 1337 2536 1521 2591; x_wconf 87' lang='lat' dir='ltr'>Critici</span> <span class='ocrx_word' id='word_1_176' title='bbox 1553 2538 1730 2608; x_wconf 76' lang='lat' dir='ltr'>hujus,</span> 
     </span>
     <span class='ocr_line' id='line_1_29' title="bbox 312 2619 1733 2691; baseline 0.002 -22"><span class='ocrx_word' id='word_1_177' title='bbox 312 2636 475 2687; x_wconf 82' lang='lat' dir='ltr'>quein</span> <span class='ocrx_word' id='word_1_178' title='bbox 505 2619 873 2683; x_wconf 62' lang='lat' dir='ltr'>informenan</span> <span class='ocrx_word' id='word_1_179' title='bbox 914 2632 1124 2691; x_wconf 81' lang='lat' dir='ltr'><strong>partem</strong></span> <span class='ocrx_word' id='word_1_180' title='bbox 1152 2640 1267 2674; x_wconf 88' lang='lat' dir='ltr'>csse</span> <span class='ocrx_word' id='word_1_181' title='bbox 1293 2623 1347 2674; x_wconf 85' lang='lat' dir='ltr'>in</span> <span class='ocrx_word' id='word_1_182' title='bbox 1375 2631 1633 2674; x_wconf 84' lang='lat' dir='ltr'><strong>accurata</strong></span> <span class='ocrx_word' id='word_1_183' title='bbox 1658 2621 1733 2672; x_wconf 85' lang='lat' dir='ltr'>la-</span> 
     </span>
     <span class='ocr_line' id='line_1_30' title="bbox 310 2702 1729 2772; baseline 0.002 -19"><span class='ocrx_word' id='word_1_184' title='bbox 310 2702 552 2763; x_wconf 73' lang='lat' dir='ltr'>tinitatis,</span> <span class='ocrx_word' id='word_1_185' title='bbox 595 2721 718 2772; x_wconf 76' lang='lat' dir='ltr'>qnae</span> <span class='ocrx_word' id='word_1_186' title='bbox 758 2714 871 2756; x_wconf 86' lang='lat' dir='ltr'>tum</span> <span class='ocrx_word' id='word_1_187' title='bbox 909 2705 985 2756; x_wconf 83' lang='lat' dir='ltr'>ita</span> <span class='ocrx_word' id='word_1_188' title='bbox 1026 2705 1303 2758; x_wconf 79' lang='lat' dir='ltr'><strong>elaborata</strong></span> <span class='ocrx_word' id='word_1_189' title='bbox 1330 2705 1448 2769; x_wconf 80' lang='lat' dir='ltr'>fuit,</span> <span class='ocrx_word' id='word_1_190' title='bbox 1487 2705 1729 2758; x_wconf 85' lang='lat' dir='ltr'>scientia.</span> 
     </span>
     <span class='ocr_line' id='line_1_31' title="bbox 314 2783 1735 2862; baseline 0.003 -26"><span class='ocrx_word' id='word_1_191' title='bbox 314 2783 394 2836; x_wconf 79' lang='lat' dir='ltr'>Ea</span> <span class='ocrx_word' id='word_1_192' title='bbox 423 2796 602 2837; x_wconf 80' lang='lat' dir='ltr'><strong>autem</strong></span> <span class='ocrx_word' id='word_1_193' title='bbox 642 2787 855 2839; x_wconf 72' lang='lat' dir='ltr'>duabus</span> <span class='ocrx_word' id='word_1_194' title='bbox 891 2789 1051 2842; x_wconf 84' lang='lat' dir='ltr'><strong>rebus</strong></span> <span class='ocrx_word' id='word_1_195' title='bbox 1082 2799 1325 2842; x_wconf 81' lang='lat' dir='ltr'>constat:</span> <span class='ocrx_word' id='word_1_196' title='bbox 1367 2805 1599 2860; x_wconf 85' lang='lat' dir='ltr'>quarum</span> <span class='ocrx_word' id='word_1_197' title='bbox 1626 2789 1735 2862; x_wconf 53' lang='lat' dir='ltr'>pri-&#39;-</span> 
     </span>
    </p>
   </div>
  </div>
 </body>
</html>
