1945 3235
403 163 481 197 450
991 160 1267 200 BRUTUS.

406 262 624 305 venerint:
656 262 775 315 alios,
799 264 913 320 quod
946 265 1096 307 melius
1128 273 1280 321 putent
1306 263 1446 304 dicere
1477 276 1521 303 se
1550 276 1689 318 posse,
1709 270 1843 318 quam

407 319 615 362 scribere:
647 322 760 376 quod
785 323 1094 377 peringeniosis
1126 322 1385 371 hominibus,
1408 334 1543 374 neque
1566 320 1666 361 satis
1687 318 1846 369 doctis„

346 378 447 412 93⁵⁴
463 376 707 432 plerumque
739 382 970 433 contingit,
995 391 1037 420 nt
1071 379 1150 434 ipsi
1177 379 1345 420 Galbae.
1406 378 1547 424 Quem
1572 376 1749 417 fortasse
1777 376 1842 417 vis

406 447 492 474 non
527 435 686 489 ingenii
722 436 873 486 solum,
905 438 974 477 scd
1013 437 1142 477 ctiam
1179 435 1324 485 animi,
1355 444 1399 475 et
1434 433 1635 474 naturalis
1667 432 1847 487 quidam,

406 490 527 532 dolor
557 493 768 533 dicentem
802 494 1071 543 incendebat,
1093 493 1407 547 efficiebatque,
1432 502 1476 531 ut
1512 500 1554 531 et
1585 489 1778 539 incitata,
1799 497 1846 530 et

406 548 562 602 gravis,
585 560 626 588 ct
651 549 877 589 vehemens
906 560 1015 591 esset
1045 550 1207 591 oratio:
1239 549 1335 590 dcin
1368 563 1464 589 cum
1500 549 1664 588 otiosus
1699 545 1847 589 stilum

409 605 705 660 prehcndcrat,
735 618 961 660 motusque
990 607 1128 647 omnis
1161 607 1308 657 animi,
1332 617 1534 660 tanquam
1566 613 1734 654 ventus,
1764 603 1849 647 ho·,

407 663 568 703 minem
590 663 820 713 defecerat,
844 663 1123 705 flaccescebat
1146 664 1308 705 oratio:
1331 663 1445 718 quod
1472 662 1536 711 iis,
1559 661 1632 716 qui
1654 660 1844 702 limatius

274 735 308 766 p.
329 719 578 760 17³-dicendi
608 730 910 761 consectantur
940 735 1090 775 gemm,
1123 720 1314 761 accidere
1349 735 1432 760 non
1464 719 1584 768 solet,
1619 726 1848 774 propterea

365 776 522 831 a'quod
562 776 787 831 prudentia
820 774 1053 833 numquam
1083 776 1228 818 deficit
1258 786 1484 827 oratorem,
1506 790 1591 832 qua
1620 774 1690 816 ille
1720 785 1851 816 utens,

407 832 558 873 eodem
590 833 718 874 modo
742 835 877 890 possit
901 845 942 875 et
974 835 1115 876 (licere
1138 843 1181 875 et
1210 834 1409 875 scribere.
1440 834 1563 874 ardor
1595 831 1727 873 animi
1759 844 1847 872 non

408 904 575 945 semper
609 890 743 941 adest,
775 892 893 947 isque
926 907 1024 933 cum
1053 891 1262 941 consedit,
1292 891 1432 932 omnis
1469 890 1539 931 illa
1565 889 1628 930 vis
1651 898 1692 930 et
1723 887 1850 943 quasi

345 951 394 985 94
409 947 582 988 flamma
601 949 782 989 oratoris
811 949 1117 1005 exstinguitur.
1181 948 1308 990 Hanc
1341 948 1471 1004 igitur
1501 947 1557 987 ob
1579 960 1750 987 causam
1784 944 1849 986 vi-

407 1003 531 1044 detur
563 1004 683 1046 Laelii
716 1020 834 1046 mens
867 1007 1025 1063 spirare
1054 1006 1184 1047 etiam
1220 1006 1263 1046 in
1297 1004 1483 1061 scriptis,
1513 1001 1667 1045 Galbae
1701 1011 1847 1044 autem

408 1061 472 1101 vis
495 1062 717 1103 occidisse.

326 1109 395 1156 25
467 1117 657 1159 Fuerunt
677 1119 805 1160 etiam
831 1119 871 1160 in
897 1129 1112 1160 oratorum
1135 1133 1310 1160 numero
1333 1117 1612 1159 mediocrium
1638 1114 1687 1157 L.
1703 1123 1748 1158 et
1769 1115 1846 1172 Sp.

409 1173 631 1226 Mummii,
654 1175 817 1227 fratres,
842 1191 1022 1232 quornm
1045 1187 1217 1218 exstant
1239 1176 1462 1217 amborum
1481 1174 1721 1216 orationes:
1745 1173 1847 1214 sim-

409 1231 506 1286 plex
532 1233 705 1287 quidem
740 1233 787 1274 L.
811 1245 854 1274 et
884 1234 1112 1289 antiquus:
1147 1236 1219 1290 Sp.
1245 1244 1387 1274 autem
1419 1232 1554 1274 nihilo
1577 1231 1644 1272 ille
1665 1229 1850 1286 quidem

409 1291 615 1340 ornatior,
648 1291 719 1331 sed
746 1302 885 1332 tamen
919 1292 1177 1332 adstrictior.
1203 1291 1285 1331 fuit
1309 1290 1423 1331 enim
1454 1289 1607 1330 doctus
1634 1302 1689 1330 ex
1719 1286 1850 1329 disci-

410 1346 526 1401 plina
547 1347 807 1389 Stoicorum.
871 1348 1026 1390 Multae
1050 1358 1148 1389 sunt
1179 1351 1254 1404 Sp.
1277 1347 1424 1389 Albini
1449 1346 1679 1387 orationes.
1737 1344 1850 1386 Sunt

408 1403 537 1444 etiam
563 1404 611 1445 L.
635 1414 677 1445 et
701 1404 751 1446 C.
776 1404 1046 1446 Aureliorum
1071 1405 1336 1455 Orestarum,
1359 1419 1466 1458 quos
1488 1403 1632 1459 aliquo
1655 1401 1780 1444 video
1801 1401 1848 1443 in

347 1460 395 1495 95
411 1474 585 1501 numero
629 1472 846 1503 oratorum
892 1462 1034 1503 fuisse.
1098 1462 1146 1503 P.
1181 1462 1310 1503 etiam
1358 1460 1565 1516 Popillius
1604 1473 1705 1501 cum
1741 1457 1852 1501 civis

408 1518 622 1573 egregius,
646 1528 736 1559 tum
771 1534 855 1559 non
888 1520 1117 1560 indisertus
1149 1520 1246 1560 fuit.
1307 1518 1359 1559 C.
1383 1532 1497 1568 vero,
1519 1517 1631 1557 filius
1655 1516 1764 1571 ejus,
1787 1515 1854 1556 di-

407 1585 558 1615 sertus.
619 1575 671 1616 C.
694 1590 777 1630 que
798 1575 1039 1618 Tuditanus
1060 1591 1157 1617 cum
1184 1579 1222 1607 55
1237 1576 1355 1616 omni
1375 1575 1464 1616 vita
1485 1583 1614 1630 atque
1636 1574 1752 1615 victu
1773 1586 1852 1614 ex-

406 1631 546 1672 cultus
577 1640 706 1687 atque
728 1632 960 1688 expolitus,
985 1643 1075 1674 tum
1099 1633 1191 1688 ejus
1213 1633 1384 1689 elegans
1406 1642 1470 1672 est
1500 1631 1696 1672 habitum
1718 1629 1851 1671 etiam

406 1688 613 1729 orationis
646 1703 795 1745 genus,
858 1689 1106 1744 Eodemque
1142 1692 1183 1731 in
1217 1703 1373 1746 genere
1403 1699 1468 1733 est,
1499 1688 1672 1733 habitus
1703 1687 1753 1738 is,
1775 1687 1850 1742 qui

408 1744 568 1800 injuria
588 1756 765 1802 accepta
783 1747 914 1803 fregit
931 1746 998 1788 Ti.
1018 1748 1264 1789 Gracchum
1290 1745 1511 1802 patientia,
1529 1745 1636 1787 civis
1658 1744 1700 1785 in
1723 1744 1850 1787 rebus

410 1803 586 1857 optimis
610 1804 998 1855 constantissimus,
1031 1804 1098 1846 M.
1122 1805 1346 1846 Octavius.
1406 1803 1466 1844 At
1496 1817 1596 1844 vcro
1620 1800 1687 1843 M.
1709 1799 1852 1842 AEmi-

409 1858 491 1899 lius
536 1860 736 1915 Lepidus,
769 1862 841 1916 qui
877 1872 942 1902 est
986 1862 1170 1903 Porcina
1205 1863 1361 1912 dictus,
1399 1860 1548 1901 iisdem
1583 1858 1851 1914 temporibus

410 1915 513 1967 fere,
537 1918 692 1971 quibus
717 1917 872 1969 Galba,
895 1920 967 1960 sed
1001 1919 1141 1975 paullo
1166 1920 1303 1960 minor
1330 1928 1449 1969 natu,
1470 1927 1512 1959 et
1543 1930 1734 1958 summus
1755 1929 1858 1956 ora-.

411 1981 479 2014 tor
499 1985 564 2014 est
594 1974 784 2025 habitus,
806 1986 850 2016 et
880 1976 977 2028 fuit,
1000 1987 1047 2017 ut
1078 1986 1255 2033 apparet
1277 1991 1331 2016 ex
1354 1974 1636 2024 orationibuS,
1667 1972 1852 2028 scriptor

349 2038 511 2074 965ane
545 2032 695 2072 bonnS.
759 2031 858 2074 Hoc
890 2033 931 2074 in
956 2044 1124 2075 oratore
1159 2034 1313 2075 Latino
1336 2033 1520 2089 primum
1552 2030 1658 2072 mihi
1685 2029 1861 2072 videtur.

409 2097 451 2127 et
485 2088 636 2129 lenitas
667 2090 914 2144 apparuisse
949 2091 1018 2132 illa
1039 2091 1309 2141 Graecorum,
1331 2099 1375 2131 et
1405 2090 1630 2131 verborum
1654 2099 1855 2142 compre-

409 2145 575 2194 hensio,
594 2146 724 2186 etiam
756 2148 911 2188 artifex
935 2153 1003 2201 (ut
1033 2148 1093 2189 ita
1117 2149 1278 2198 dicam)
1301 2147 1435 2188 stilus.
1498 2145 1630 2187 Hunc
1661 2144 1858 2185 studioso

409 2200 494 2242 duo
521 2203 808 2244 adolescentes
835 2205 1182 2260 ingeniosissimi,
1204 2216 1247 2246 et
1279 2218 1412 2261 prope
1443 2203 1643 2259 aequales,
1666 2200 1719 2243 C.
1743 2199 1852 2243 Car-

411 2258 482 2309 bo,
504 2268 547 2299 et
569 2257 636 2300 Ti.
660 2259 884 2302 Gracchus
915 2263 1061 2302 audire
1094 2263 1206 2304 soliti
1243 2272 1366 2303 snut:
1398 2261 1450 2302 de
1480 2260 1637 2316 quibus
1661 2257 1756 2314 jam
1787 2257 1852 2298 di-

410 2316 534 2356 cendi
559 2316 676 2357 locus
698 2318 793 2370 erit,
815 2333 912 2359 cuin
936 2320 987 2360 de
1010 2320 1248 2361 senioribus
1274 2334 1407 2375 pauca
1428 2318 1594 2359 dixero.
1654 2316 1712 2363 Q.
1734 2314 1851 2356 enim

414 2371 648 2429 Pompeius
680 2389 766 2415 non
794 2386 1037 2417 contemtus
1058 2388 1215 2427 orator,
1239 2375 1505 2432 temporibus
1535 2374 1632 2425 illis,
1655 2372 1754 2423 fuit,
1774 2371 1850 2427 qui

414 2444 602 2471 summos
626 2432 823 2483 honores,
845 2434 975 2475 bomo
1000 2448 1073 2490 per
1104 2449 1147 2475 se
1168 2434 1385 2490 cognitus,
1407 2434 1497 2474 sine
1528 2432 1612 2473 ulla
1631 2443 1852 2472 commen-

353 2486 588 2535 97'dati0ne
623 2489 831 2544 majorum
870 2500 934 2531 est
969 2493 1163 2547 adeptus.
1222 2491 1332 2532 Tum
1374 2490 1422 2532 L.
1456 2489 1633 2531 Crassus
1666 2486 1862 2527 multum.

413 2545 570 2598 potuit,
605 2560 690 2586 non
720 2547 978 2602 eloquentia,
1013 2549 1084 2590 sed
1123 2549 1306 2590 dicendo
1336 2557 1504 2598 tamen3
1535 2546 1681 2596 homo,
1713 2544 1852 2584 56non

452 2684 491 2713 54
524 2685 718 2725 plerumque
748 2687 920 2727 confingit]
961 2689 1012 2718 Sic
1048 2698 1108 2728 pro
1149 2690 1238 2722 vitm
1275 2692 1309 2718 et
1335 2697 1435 2727 quare
1462 2687 1568 2716 victus
1593 2688 1713 2726 praeter
1738 2686 1849 2715 cetera

409 2727 544 2762 contigi!
568 2728 679 2767 scripsi
698 2739 714 2757 e
732 2728 794 2758 kk.
821 2739 884 2767 reg.
901 2740 1005 2769 neque
1019 2731 1106 2760 enim
1151 2736 1428 2761 commemoretur
1443 2729 1475 2758 in
1499 2728 1557 2759 tali
1575 2727 1659 2764 loco,
1675 2726 1727 2756 vix
1747 2724 1847 2757 intei-

408 2766 515 2797 adeos
528 2769 638 2806 modo,
650 2770 703 2807 qui
718 2770 819 2807 fuere,
831 2773 985 2811 pertinet,
1000 2773 1054 2802 scd
1067 2773 1107 2803 ad
1151 2773 1237 2808 ligo:
1270 2782 1310 2803 an
1339 2771 1468 2810 scripsit
1495 2771 1608 2802 Cicero
1634 2769 1776 2800 m'rtute:
1805 2774 1866 2798 ex·

407 2818 534 2839 omnes.
1149 2816 1241 2853 cujus
1257 2813 1451 2854 compendio
1466 2814 1554 2843 victu
1567 2815 1682 2842 natum
1695 2809 1761 2841 sit?

449 2854 487 2882 55
523 2852 610 2881 omni
638 2854 707 2883 vita
743 2858 840 2893 atque
873 2854 974 2893 victu]
1013 2856 1104 2894 Szepe
1191 2857 1232 2887 56
1254 2867 1317 2887 nonv
1340 2853 1642 2886 liberalitate—sed
1659 2853 1733 2892 ipsa
1755 2850 1865 2882 trist..

403 2890 483 2923 haesi
506 2893 542 2924 iu
564 2895 665 2933 victu,
692 2896 747 2935 qui
771 2896 913 2936 intelligi
936 2903 1044 2936 potest
1069 2898 1104 2928 iu
1147 2903 1178 2930 ec
1199 2897 1280 2939 cetu]
1307 2898 1356 2930 Ex
1379 2897 1552 2939 oppositis,
1569 2897 1644 2937 ipsa
1663 2899 1708 2926 tr.
1729 2898 1761 2926 et
1779 2901 1865 2926 ew·-
