1914 3220
625 102 1075 158 PRAEFATIO.
1520 99 1575 150 xi

148 234 512 306 Philippicam
545 242 740 297 nactus
778 253 968 297 essem,
1010 235 1065 286 in
1107 232 1338 305 epistola
1382 232 1452 285 ad
1491 231 1577 284 Vi-

149 320 382 381 ctoriam,
404 336 530 388 quae
569 319 618 371 ei
657 328 739 373 est
777 319 1086 390 praeposita.
1155 317 1262 370 Sed
1290 311 1431 368 hanc
1462 316 1578 367 uni-

149 422 356 456 versam
384 403 654 457 solertiam
684 404 772 455 vix
809 404 1006 473 aliquis
1033 402 1231 456 rectius
1259 409 1356 454 aut
1382 400 1576 453 certius

147 495 529 558 consequetur,
558 505 727 558 quam
756 488 854 558 qui
880 488 1115 542 multum
1143 487 1212 539 sit
1239 486 1295 538 in
1322 485 1580 556 interpre-

149 571 316 624 tando
355 572 703 626 exercitatus:
745 591 846 625 nec
885 591 1010 626 vero
1057 572 1132 625 sic
1167 570 1352 633 mod0,
1379 577 1441 622 ut
1480 568 1581 621 sibi

149 656 438 729 quaesierit,
489 656 623 727 quid
671 655 861 710 Cicero
903 657 1097 710 dixerit
1139 675 1203 709 ac
1241 654 1486 715 senserit;
1525 653 1579 705 in

149 757 261 812 quo
307 742 604 812 quaerendo
657 742 834 813 prima
886 751 984 803 est,
1039 750 1184 793 recte
1230 738 1581 811 praecipiente

151 825 512 889 Quintiliano,
556 845 704 889 cura,
741 836 820 889 ut,
859 826 1154 879 emendata
1192 824 1354 877 lectio
1386 825 1455 876 sit
1479 841 1582 875 nec

149 929 235 973 ne,
265 910 580 963 videamus:
622 910 728 963 Sed
767 911 1011 982 inprimis
1048 918 1111 963 ut
1137 910 1285 962 aliis:
1326 916 1584 970 nectam,

149 1003 245 1048 aut
283 1003 503 1048 tantum
529 995 583 1046 in
613 995 873 1048 cathedra
908 995 1265 1058 Academica,
1304 994 1401 1048 ubi
1439 993 1584 1046 solus

147 1079 390 1151 loquitur
417 1080 624 1143 doctor,
652 1090 708 1132 et
749 1087 984 1143 tantum,
1015 1081 1166 1150 quod
1195 1079 1295 1145 sibi
1333 1079 1390 1131 in
1435 1096 1587 1131 men-

148 1173 260 1223 tem
287 1166 452 1228 venit,
480 1165 826 1235 pronunciat,
855 1165 949 1218 sed
977 1164 1168 1228 etiam,
1185 1183 1250 1217 ac
1278 1163 1453 1216 multo
1474 1181 1588 1215 ma-

148 1250 245 1321 gis,
267 1250 321 1301 in
349 1249 542 1302 scholis
569 1249 649 1312 iis,
670 1249 763 1301 ubi
785 1249 1148 1302 communiter
1173 1247 1588 1319 quodammodo

149 1353 277 1387 cum
306 1334 583 1406 discipulis
625 1334 820 1405 quaerit
858 1353 922 1386 ac
950 1334 1175 1388 disserit.
1255 1333 1408 1386 Nam
1436 1332 1588 1403 quod

151 1418 509 1478 Casaubonus
560 1420 615 1471 in
667 1419 1020 1491 intelligenda
1070 1420 1396 1490 scriptorum
1453 1417 1591 1470 anti-

152 1522 389 1576 quorum
430 1504 672 1557 oratione
712 1523 857 1577 saepe
891 1504 992 1556 sibi
1021 1504 1282 1557 accidisse
1321 1503 1471 1565 dicit,
1510 1510 1591 1565 ut,

151 1608 278 1642 cum
305 1590 446 1642 solus
470 1589 571 1642 sibi
597 1590 814 1661 legeret,
842 1590 944 1642 sibi
967 1589 1234 1642 videretur
1252 1588 1416 1660 plane
1437 1587 1593 1640 intel-

152 1674 337 1747 ligere3
377 1693 505 1727 cum
542 1675 842 1746 perspicuis
885 1683 941 1727 et
982 1675 1158 1746 planis
1200 1672 1375 1727 verbis
1422 1673 1594 1744 expli-

151 1759 316 1812 candi
356 1759 646 1812 necessitas
690 1760 876 1816 oblata
916 1767 1074 1821 esset,
1111 1759 1361 1811 fraudem
1399 1776 1455 1810 se
1492 1756 1594 1809 sibi

154 1843 343 1897 fecisse
379 1844 725 1915 intelligeret:
783 1844 931 1897 idem
975 1845 1221 1916 profecto
1266 1841 1593 1896 doctissimis

154 1928 322 1983 etiam
349 1938 404 1982 et
430 1929 484 1981 in
513 1929 701 1982 critica
727 1929 935 1981 ratione
968 1930 1108 1982 bene
1135 1927 1444 1982 exercitatis
1471 1925 1594 1979 viris

155 2013 403 2077 accidere
444 2022 643 2085 potest,
671 2022 750 2073 ut,
773 2013 905 2066 dum
946 2014 1050 2086 ipsi
1081 2014 1185 2066 sibi
1210 2014 1401 2085 legunt
1428 2011 1597 2064 verba

155 2098 446 2170 scriptoris,
475 2117 583 2151 non
623 2098 1064 2152 animadvertant
1101 2099 1293 2151 vitium
1305 2119 1318 2158 ;
1360 2116 1490 2149 cum
1531 2114 1599 2148 ea

154 2184 286 2236 alios
328 2184 503 2255 legere
542 2183 788 2246 audiant,
830 2192 894 2237 ut
934 2183 1250 2255 explicandi
1294 2180 1597 2254 periculum

156 2269 379 2331 l‘aciant,
398 2287 614 2321 sensum
637 2287 705 2320 ex
727 2286 854 2320 vera
878 2269 1150 2322 latinitate
1173 2275 1444 2339 quaerant,
1463 2275 1600 2319 tem-

158 2354 398 2426 poribUS‚
426 2353 620 2416 modiS‚
648 2353 1026 2424 similibusque
1055 2355 1126 2407 ad
1169 2353 1470 2425 legitimam
1497 2351 1599 2404 for-

158 2458 307 2501 mam
358 2438 655 2510 exigendiS,
701 2447 763 2491 ut
817 2447 1099 2510 troporum
1144 2455 1472 2491 consensum
1526 2436 1603 2492 vi—.

158 2523 343 2586 deant,
394 2523 762 2576 membrorum
817 2524 1210 2594 aequalitatem,
1263 2521 1601 2575 concinnita-

158 2614 271 2661 tem
309 2608 606 2679 requirant,
633 2608 1008 2661 collocationis
1048 2607 1394 2680 elegantiam,
1422 2614 1478 2659 et
1503 2624 1602 2658 nu-

159 2712 430 2746 merorum
483 2693 810 2746 suavitatem
862 2691 1321 2754 animadvertant,
1373 2699 1494 2744 tum
1541 2698 1602 2742 ut

161 2780 292 2833 vitia
329 2778 584 2834 orationis
623 2777 864 2843 videant,
901 2786 957 2831 et
984 2778 1052 2831 de
1086 2777 1146 2831 iis
1173 2776 1433 2830 sanandis
1460 2774 1604 2845 cogi-
