1945 3235
729 88 1002 141 TOPICA.
1078 138 1082 141 ,
1503 104 1581 144 599

117 209 295 244 vocant.
356 199 494 244 Notio
515 201 576 244 sic
598 202 834 258 quaeritur:
867 201 980 242 sitne
1011 200 1055 242 id
1079 212 1270 257 aequum,
1288 205 1407 261 quod
1425 206 1481 258 ei,
1503 207 1579 263 qui

121 259 218 316 plus
239 269 400 317 potest,
423 260 528 302 utile
549 270 630 302 est.
672 260 922 316 Proprietas
945 258 1032 299 sic:
1067 256 1119 299 In
1141 259 1420 305 hominemne
1439 264 1580 307 solum

119 318 263 370 cadat,
295 334 349 360 an
383 318 516 360 etiam
550 318 595 360 in
634 318 797 362 belluas
833 315 1066 372 aegritudo.
1127 316 1317 371 Divisio,
1349 332 1394 363 et
1425 323 1581 365 eodem

119 388 252 432 pacto
275 376 470 433 partitio,
502 376 589 419 sic:
612 374 779 424 ‚Triane
813 388 974 430 genera
1002 374 1216 415 bonorum
1240 377 1341 418 sint.
1402 379 1581 423 Descri-

120 433 232 490 ptio,
257 434 410 482 Qualis
445 435 501 475 sit
533 448 703 484 avarus,
732 432 870 488 qualis
905 441 1162 484 assentator,
1201 444 1431 491 ceteraque
1463 439 1579 492 ejus-

119 491 220 533 dem
255 492 440 549 generis,
463 492 506 532 in
538 492 697 547 quibus
731 499 888 531 natura
920 499 964 531 et
997 491 1086 531 vita
1114 490 1389 534 describitur.
1463 496 1642 541 Cum84

118 558 266 592 autem
294 551 519 606 quaeritur,
541 547 668 603 quale
698 548 804 604 quid
844 548 922 600 sit;
955 557 1031 590 aut
1061 548 1320 606 simpliciter
1352 555 1578 606 quaeritur,

123 617 199 649 aut
219 616 494 664 comparate:
528 605 800 663 simpliciter,
833 605 1150 663 Expetendane
1182 608 1238 649 sit
1262 607 1429 664 gloria?
1460 625 1581 652 com-

118 676 283 722 parate,
321 664 682 721 Praeponendane
715 664 771 705 sit
800 663 967 706 divitiis
999 664 1166 721 gloria?
1198 666 1475 723 Simplicium
1499 670 1584 710 tria

117 737 279 779 genera
310 733 431 764 sunt:
475 721 529 764 de
563 722 811 779 expetendo
835 722 1158 778 fugiendoque:
1191 725 1245 766 de
1275 740 1402 782 aequo
1425 736 1469 768 et
1499 727 1582 769 ini·

118 795 233 837 quoz
280 780 334 822 de
373 780 559 822 honesto
590 791 634 822 et
667 781 800 837 turpi.
862 780 1255 837 Comparationum
1293 797 1442 825 autem
1476 786 1582 835 duo,

118 852 254 881 unum
268 839 322 880 de
343 839 498 881 eodem
519 848 564 880 et
585 838 695 881 alio:
729 838 912 880 alterum
935 838 994 888 de,
1011 839 1176 894 majore
1198 851 1243 881 et
1264 842 1447 883 minore.
1512 844 1582 886 De

115 897 365 954 expetendo
385 906 429 938 et
446 897 672 955 fugiendo,
688 896 966 952 hujusmodi:
1000 899 1040 928 82
1058 898 1104 938 Si
1119 900 1378 955 expetendae
1396 901 1586 955 divitiae,-

117 955 153 996 εἰ
178 954 388 1012 fugienda
411 958 667 1012 paupertas?
702 954 770 996 De
802 970 928 1010 aequo
951 965 996 996 et
1027 955 1205 1011 iniquo:
1239 957 1492 1014 AEquunme
1522 962 1582 1002 sit

115 1012 283 1066 ulcisci,
310 1029 336 1055 a
368 1028 646 1070 quocumque
688 1012 894 1068 injuriam
927 1014 1174 1070 acceperis?
1219 1014 1286 1057 De
1318 1017 1504 1059 honesto
1536 1029 1586 1061 et⁴

117 1072 262 1128 turpi:
297 1071 604 1113 Honestumne
629 1071 700 1123 sit,
723 1086 801 1128 pro
837 1071 978 1128 patria
1008 1072 1150 1115 mori?
1182 1072 1251 1115 Ex
1275 1074 1410 1117 altero
1432 1088 1576 1119 autem
1590 1086 1649 1120 35.

118 1144 292 1186 genere,
315 1131 432 1186 quod
466 1139 559 1172 erat
590 1130 864 1186 bipartitum,
888 1145 1022 1171 unum
1045 1141 1111 1171 est
1141 1131 1194 1172 de
1216 1132 1369 1174 codem
1401 1144 1446 1175 et
1466 1134 1578 1179 alio:

117 1197 181 1239 ut,
204 1188 238 1229 si
262 1198 497 1245 quaeratur,
514 1188 619 1244 quid
643 1188 814 1229 intersit
835 1188 947 1230 iuter
968 1189 1158 1231 amicum
1180 1200 1223 1232 et
1237 1197 1581 1236 assentatorem?

118 1260 266 1303 regem
287 1257 332 1288 et
363 1249 626 1304 tyrannum?
657 1246 857 1288 Alterum
880 1247 933 1288 dc
956 1247 1122 1303 majore
1154 1258 1199 1290 et
1231 1249 1426 1300 minore:
1459 1261 1521 1303 ut,
1543 1253 1580 1294 si

116 1315 353 1359 quaeratur,
383 1305 688 1361 eloquentiane
721 1304 856 1362 pluris
891 1305 961 1356 sit,
993 1320 1045 1346 an
1070 1305 1184 1361 juris
1219 1307 1359 1349 civilis
1383 1309 1578 1352 scientia.

120 1361 191 1405 De
223 1363 492 1420 cognitionis
521 1363 843 1419 quaestionibus
878 1363 1103 1405 hactenus.
1166 1364 1368 1408 Actionis
1399 1368 1643 1424 reliqum-<56

118 1431 244 1464 sunt:
277 1436 459 1478 quarum
482 1421 569 1463 duo
593 1433 694 1462 sunt
716 1435 898 1478 genera:
932 1436 1066 1463 unum
1085 1421 1138 1463 ad
1161 1423 1372 1478 officium,
1395 1426 1578 1468 alterum
1594 1425 1625 1455 ¹¹-

116 1479 170 1521 ad
203 1491 371 1520 motum
407 1479 541 1521 animi
578 1478 647 1520 vel
683 1479 971 1536 gignendum,
1004 1479 1071 1521 vel
1105 1481 1359 1535 sedandum,
1399 1483 1581 1540 planeve

116 1536 376 1580 tollendum.
436 1536 507 1579 Ad
531 1537 728 1579 officium
752 1537 841 1590 sic;
872 1549 936 1589 ut,
967 1553 1067 1580 cum
1092 1540 1319 1595 quaeritur,
1343 1542 1584 1599 suscipien-

116 1595 219 1638 dine
251 1596 339 1636 sint
368 1596 508 1637 liberi.
569 1595 640 1637 Ad
669 1595 910 1637 movendos
940 1597 1127 1648 animos,
1159 1613 1258 1639 cum
1292 1599 1404 1641 fiunt
1424 1601 1584 1646 cohor-

115 1654 305 1696 tationes
329 1654 383 1696 ad
413 1653 732 1710 defendendam
766 1654 1097 1711 rempublicam,
1132 1655 1185 1697 ad
1219 1656 1419 1713 gloriam,
1453 1668 1496 1701 ct
1528 1661 1583 1704 ad

115 1711 314 1754 laudem:
349 1727 435 1768 quo
467 1726 522 1753 ex
546 1726 705 1769 genere
737 1722 838 1754 sunt
859 1712 1062 1769 querelae,
1086 1713 1381 1768 incitationes,
1404 1717 1584 1761 misera-

115 1770 345 1827 tionesque
368 1769 549 1822 flebiles,
573 1785 804 1826 rursusque
835 1772 976 1814 oratio
999 1786 1100 1813 cum
1133 1772 1402 1816 iracundiam
1426 1777 1582 1819 restin-

117 1843 271 1886 guenS,
315 1838 408 1871 tum
449 1840 616 1871 metum
658 1829 862 1886 eripicnS‚
906 1842 1000 1872 tum
1042 1831 1336 1874 exsultantem
1379 1833 1581 1878 laetitiarn

117 1887 426 1945 comprimens,
457 1898 551 1929 tum
584 1887 890 1944 aegritudinem
924 1889 1195 1946 abstergens.
1258 1890 1372 1933 Haec
1402 1907 1502 1934 cum
1536 1894 1580 1936 in

114 1947 354 2003 propositis
377 1946 696 2002 quaestionibus
718 1960 880 2003 genera
901 1947 1003 2000 sint,
1023 1947 1171 1990 eadem
1200 1949 1241 1990 in
1265 1964 1415 1992 causas
1441 1961 1579 1993 traus-

116 2003 331 2046 feruntur.
1267 2055 1269 2057 ,

176 2061 282 2104 Loci
325 2072 471 2105 autem
514 2063 589 2119 qui
627 2062 681 2104 ad
720 2078 914 2120 quasque
953 2065 1219 2120 quaestiones
1249 2069 1571 2111 accommodati
1590 2067 1658 2116 93

115 2130 231 2173 sunt,
263 2121 468 2178 deinceps
510 2131 576 2163 cst
618 2121 868 2164 videndum.
931 2121 1098 2165 Omnes
1136 2125 1313 2181 quidem
1357 2126 1434 2179 illi,
1465 2141 1637 2184 quosssf

115 2193 246 2236 supra
267 2180 475 2231 diximus,
498 2179 550 2221 ad
575 2179 800 2236 plerasque
823 2191 948 2223 sunt:
983 2181 1056 2223 sed
1080 2182 1151 2224 alii
1175 2183 1226 2224 ad
1251 2184 1370 2237 alias,
1394 2196 1442 2228 ut
1464 2187 1575 2240 dixi,

116 2237 321 2293 aptiores.
390 2237 460 2279 Ad
503 2238 803 2294 conjecturam
837 2240 973 2296 igitur
1008 2242 1201 2282 maxime
1232 2253 1349 2299 apta,
1380 2259 1480 2299 quae
1518 2261 1581 2289 ex

113 2296 270 2347 causis,
302 2311 400 2351 quae
432 2311 488 2338 ex
519 2295 701 2349 effectis,
733 2311 832 2353 quae
865 2313 920 2339 ex
952 2299 1202 2353 conjunctis
1235 2302 1344 2342 sumi
1380 2316 1578 2359 possunt.

112 2352 186 2395 Ad
208 2353 510 2396 definitionem
532 2364 678 2396 autem
699 2356 887 2412 pertinet
912 2357 1038 2408 ratio,
1061 2368 1105 2398 et
1124 2359 1310 2401 scientia
1325 2360 1577 2404 definiendi.

113 2411 262 2468 Atque
301 2412 403 2453 huic
442 2413 589 2469 generi
622 2412 859 2455 finitimum
887 2425 953 2456 est
985 2415 1104 2467 illud,
1137 2419 1254 2472 quod
1286 2418 1494 2474 appellari
1523 2421 1595 2463 de.

115 2471 270 2512 eodem
301 2482 344 2512 et
377 2470 512 2512 altero
535 2471 752 2514 uiximus:
785 2473 904 2528 quod
934 2487 1072 2531 genus
1106 2474 1248 2517 forma
1277 2477 1478 2532 quaedam
1502 2479 1577 2520 (le-

115 2528 328 2570 finitionis
359 2539 440 2571 est.
502 2528 546 2570 Si
572 2530 687 2571 enim
720 2541 956 2586 qua-ratur,
980 2531 1152 2575 idemne
1186 2536 1242 2576 sit
1269 2535 1511 2591 pertinacia
1532 2547 1576 2579 et

109 2671 233 2701 graeee:
258 2666 407 2695 ceterum
433 2664 467 2694 in
493 2662 628 2694 Mediol.
652 2661 744 2694 locus
768 2674 823 2695 va·
909 2667 950 2695 82
976 2664 1013 2695 Se
1027 2667 1213 2705 eapetendae
1233 2667 1371 2707 diruite]
1391 2667 1526 2701 frus-tra
1543 2671 1577 2702 in

111 2713 189 2736 cans
203 2710 265 2735 est:
291 2706 326 2736 in
340 2706 414 2737 Asc.
434 2709 461 2738 l.
483 2705 658 2749 ὂιαγξαφὲν,
682 2714 740 2746 pro
757 2717 822 2746 quo
863 2709 893 2737 ἐἰ
908 2708 1003 2738 haesit
1019 2708 1219 2747 Lambinus,
1230 2713 1307 2750 quia
1324 2722 1380 2751 pro
1397 2722 1441 2741 cm
1457 2713 1580 2744 dicitur

109 2757 228 2778 manus
250 2749 347 2779 docta
370 2751 404 2780 in
425 2750 577 2791 exemplo
602 2760 675 2780 meo
691 2750 823 2790 scripsit
866 2749 898 2780 h.
913 2750 936 2781 l.
982 2750 1046 2782 Sed
1061 2752 1132 2782 aliis
1147 2763 1276 2792 quoquc
1293 2753 1371 2784 loeis
1387 2755 1473 2795 apud
1487 2757 1580 2787 Cice-

111 2791 297 2834 imygoetpviv.
315 2791 354 2822 In
365 2792 437 2823 aliis
447 2797 486 2823 ut
495 2793 592 2823 dunt.
605 2793 821 2836 καταγραφὴν,
866 2803 982 2823 ronem
1001 2801 1064 2833 est,
1088 2801 1126 2827 ut
1149 2796 1190 2826 ad
1208 2798 1283 2827 Div.
1304 2798 1372 2834 52³7,
1395 2800 1419 2827 l.
1436 2797 1513 2829 Div.
1530 2799 1578 2836 11,

109 2840 149 2864 ut
165 2835 310 2875 opinor-e
321 2841 478 2877 corrupt-‘1
493 2838 657 2878 scriptura
672 2838 721 2868 ed.
738 2836 821 2867 Veri.
869 2839 918 2867 Ἡ.
936 2837 993 2868 ἃς.

112 2886 295 2911 κιτιτειῖ-πν.
