1945 3235
309 149 387 184 388
829 145 909 184 DE
936 147 1224 185 ORATORE

307 250 419 301 haec,
438 263 536 305 quae
558 263 636 290 nos
653 264 768 292 nunc
785 251 1031 306 quaerimuS,
1050 259 1296 302 tractarent,
1314 259 1504 307 agerent,
1525 250 1744 303 docerent,

308 322 407 349 cum
430 307 604 348 nomine
625 307 938 364 appellarentur
961 323 1061 359 uno,
1083 310 1197 365 quod
1229 309 1368 350 omnis
1400 323 1538 349 rerum
1563 310 1747 365 optima-

309 379 402 405 rum
427 365 636 421 cognitio,
658 376 785 420 atque
808 366 850 406 in
874 366 925 407 iis
956 367 1224 417 exercitatio,
1258 365 1531 422 philosophia
1552 366 1747 407 nomina-

266 429 299 459 b.
314 432 442 473 retur,
464 421 547 463 hoc
569 436 797 464 commune
819 437 975 464 nomen
1006 424 1178 480 eripuit,
1201 423 1499 479 sapienterque
1522 423 1748 473 sentiendi,

313 489 357 520 et
378 491 526 521 ornate
544 479 712 520 dicendi
736 481 974 530 scientiam,
997 495 1041 521 re
1071 481 1351 531 cohaerentes,
1382 480 1748 536 disputationibus

314 537 401 577 suis
433 537 669 592 separavit:
702 537 878 591 5⁰cujus
911 538 1131 593 ingenium
1168 538 1392 593 variosque
1424 551 1639 578 sermones
1670 537 1750 577 im-

313 593 563 635 mortalitati
597 594 766 650 scriptis
800 595 886 634 suis
924 594 1049 636 Plato
1080 595 1269 646 tradidit,
1302 610 1400 635 cum
1433 595 1522 650 ipse
1562 594 1749 635 litteram

253 657 298 691 61
315 650 512 692 Socrates
543 650 699 692 nullam
731 651 985 706 reliquisset.
1046 652 1164 694 Hinc
1191 652 1418 694 discidium
1446 651 1547 693 illud
1580 651 1751 693 exstitit

312 709 432 763 quasi
451 708 608 763 linguae
631 718 759 763 atque
777 708 1175 759 cordis‚absurdum
1199 724 1298 750 sane
1312 720 1354 750 et
1369 709 1519 750 inutile
1540 718 1584 750 et
1607 722 1747 763 repre-

311 764 599 816 hendendum,
614 774 659 805 ut
682 766 753 807 alii
770 780 847 807 nos
870 780 1031 822 sapere,
1050 765 1120 807 alii
1137 766 1278 807 dicere
1295 767 1513 808 docerent.
1563 769 1599 797 ⁵¹
1618 766 1749 816 Nam,

309 837 407 864 cum
430 833 572 863 essent
594 822 732 878 plures
756 823 838 864 orti
863 822 950 864 fere
972 839 997 863 a
1019 823 1210 873 Socrate,
1231 824 1346 878 quod
1377 839 1431 864 ex
1464 824 1575 865 illius
1605 822 1750 871 variis,

308 888 352 920 et
370 879 563 930 diversis,
582 890 625 920 et
644 880 685 920 in
705 895 875 921 omnem
895 889 1059 936 partem
1075 880 1240 921 diffusis
1260 881 1625 936 disputationibus
1643 879 1750 920 alius

308 936 423 977 aliud
446 936 810 992 apprehenderat3
842 938 1141 993 proseminatae
1175 947 1275 978 sunt
1305 937 1424 993 quasi
1459 937 1633 978 familiae
1664 936 1751 978 dis-

311 994 542 1034 sentientes
576 994 686 1035 inter
716 1008 774 1045 se,
803 1004 845 1036 et
869 994 1050 1035 multum
1080 994 1309 1050 disjunetae
1341 1004 1385 1035 et
1414 994 1618 1050 dispares,
1649 1008 1747 1035 cum

313 1060 456 1091 tamen
478 1052 518 1082 52
531 1066 679 1092 omnes
701 1066 744 1093 se
776 1051 1023 1108 philosophi
1056 1051 1298 1092 Socraticos
1332 1061 1375 1092 et
1407 1051 1492 1093 dici
1516 1051 1686 1102 vellent,
1706 1057 1751 1091 et

233 1099 298 1152 17
313 1122 403 1148 esse
431 1108 752 1150 arbitrarentur.
813 1108 878 1150 Ac
916 1109 1054 1165 primo
1077 1110 1130 1150 ab
1163 1109 1256 1165 ipso
1288 1109 1469 1150 Platone
1498 1107 1749 1150 Aristoteles

250 1170 299 1204 62
312 1174 355 1206 et
388 1165 681 1208 Xenocrates:
711 1181 892 1222 quorum
924 1166 1030 1207 alter
1065 1166 1467 1223 Peripateticorum,
1500 1165 1606 1207 alter
1637 1164 1750 1206 Aca-

309 1222 464 1264 demiae
490 1237 645 1264 nomen
676 1223 890 1265 obtinuit:
923 1224 1076 1264 deinde
1107 1225 1160 1265 ab
1193 1223 1465 1274 Antisthene,
1487 1223 1560 1280 qui
1582 1223 1749 1280 patien-

309 1280 428 1329 tiam,
458 1289 502 1320 et
523 1281 724 1322 duritiam
749 1281 790 1322 in
827 1281 1049 1322 Socratico
1081 1295 1274 1322 sermone
1307 1282 1495 1322 maxime
1516 1281 1750 1330 adaman-at,

310 1337 464 1393 Cynici
500 1338 701 1394 primum,
730 1339 884 1379 deinde
923 1338 1085 1380 Stoici:
1133 1348 1223 1379 tum
1263 1340 1317 1380 ab
1349 1338 1590 1395 Aristippo,
1620 1350 1750 1393 quem

308 1394 390 1435 illae
414 1395 551 1450 inagis
582 1395 834 1452 voluptariae
867 1395 1180 1451 disputationes
1211 1395 1488 1447 delectarant,
1511 1394 1753 1452 Cyrenaica

308 1451 583 1508 philosophia
616 1453 820 1504 manavit,
854 1467 982 1507 quam
1017 1453 1086 1494 ille
1117 1462 1159 1493 et
1192 1453 1284 1508 ejus
1316 1453 1473 1509 posteri
1499 1451 1752 1508 simpliciter

308 1511 348 1539 ⁵3
361 1508 657 1558 defenderunt,
678 1510 722 1560 ii,
742 1510 815 1565 qui
836 1524 950 1551 nunc
973 1509 1193 1565 voluptate
1215 1512 1360 1551 omnia
1377 1510 1626 1559 metiuntur,
1644 1509 1747 1549 dum

309 1566 590 1607 verecundius
618 1566 658 1607 id
689 1576 839 1623 agunt,
868 1581 947 1608 nec
969 1567 1170 1623 dignitati
1206 1567 1489 1618 satisfaciunt,
1511 1581 1639 1623 quam
1663 1579 1750 1606 non

307 1632 603 1678 aspernantur,
635 1638 715 1665 nec
746 1624 1009 1680 voluptatem
1042 1634 1229 1675 tuentur,
1252 1639 1380 1680 quam
1416 1623 1650 1680 amplexari
1675 1636 1750 1663 vo-

308 1678 415 1720 lunt.
476 1680 668 1722 Fuerunt
701 1681 831 1722 etiam
867 1681 949 1722 alia
980 1696 1138 1737 genera
1167 1679 1681 1738 philosophorum,54qui
1705 1693 1749 1719 se

309 1751 457 1778 omnes
481 1738 568 1779 fere
591 1739 833 1780 Socraticos
855 1753 945 1779 esse
967 1740 1180 1790 dicerent;
1211 1742 1250 1770 55
1266 1738 1571 1789 Eretricorum,
1605 1735 1750 1778 Heril-

288 1793 479 1846 'liorum,
514 1795 853 1851 Megaricorum,
888 1795 1261 1852 Pyrrhoneorum3
1293 1797 1365 1838 sed
1392 1811 1443 1837 ea
1476 1796 1516 1828 56
1530 1796 1682 1837 horum
1707 1792 1748 1834 vi

247 1855 297 1891 03
311 1860 354 1892 et
374 1852 738 1908 disputationibus
762 1853 1038 1909 suntjamdiu
1063 1853 1200 1894 fracta
1220 1863 1264 1894 et
1283 1854 1514 1895 exstincta.
1575 1851 1639 1893 Ex
1665 1850 1747 1892 illis

308 1917 467 1960 autem,
489 1925 586 1966 quae
617 1920 852 1962 remanent,
875 1925 926 1951 ea
956 1910 1244 1967 philosophia,
1266 1926 1362 1967 quae
1386 1911 1575 1967 suscepit
1604 1917 1749 1966 patro-

307 1966 469 2007 cinium
496 1967 741 2023 voluptatis,
764 1968 842 2009 etsi
866 1968 935 2009 cui
961 1982 1058 2008 vera
1078 1968 1284 2019 videatur,
1302 1968 1448 2024 procul
1468 1969 1589 2010 abest
1604 1977 1749 2008 tamen

306 2024 361 2064 ab
383 2039 433 2064 eo
458 2024 563 2076 viro,
585 2039 712 2080 quem
735 2025 982 2082 quaerimus,
1004 2034 1047 2066 et
1068 2040 1195 2081 quem
1217 2036 1436 2067 auctorem
1459 2025 1621 2082 publici
1643 2037 1749 2065 con-

349 2139 389 2167 50
404 2136 498 2178 cujus
513 2139 919 2178 ingenium—reliquisset]
933 2139 1006 2169 Hac

1092 2141 1131 2170 53
1155 2138 1384 2179 defenderunt]
1410 2140 1462 2170 Sic
1478 2149 1536 2180 pro
1546 2137 1681 2177 vulgato
1695 2137 1750 2167 de-

305 2180 521 2218 appendicula
536 2181 629 2211 facile
644 2181 678 2211 h.
695 2181 717 2211 l.
734 2191 932 2211 careremus:
950 2181 1006 2211 sed
1036 2180 1224 2220 sentierunt
1245 2192 1284 2212 ex
1307 2182 1357 2213 ed.
1372 2192 1397 2212 s.
1412 2182 1434 2212 l.
1458 2187 1492 2212 et
1506 2192 1535 2212 a.
1550 2180 1639 2211 Med.
1653 2180 1746 2219 Lips.

305 2220 389 2251 solet
415 2221 529 2252 Cicero
554 2222 637 2253 tales
673 2223 839 2253 interdum
876 2223 1005 2272 addere3
1048 2223 1130 2254 dedi.
1145 2223 1359 2264 defenderant
1383 2235 1422 2255 ex
1444 2223 1494 2255 ed.
1510 2224 1565 2255 W.
1585 2221 1748 2254 revocavit

306 2262 382 2293 Alia
407 2264 522 2294 similis
544 2270 594 2294 est
621 2265 659 2294 de
686 2266 807 2303 Gorgia
829 2276 858 2296 e.
877 2268 929 2297 32.
952 2276 1005 2296 cuz

305 2309 420 2335 tantus
442 2307 537 2336 honos
552 2307 681 2337 habitus
695 2312 740 2337 est
756 2310 814 2338 ἃς.

347 2350 380 2377 51
404 2348 497 2378 N'ctm
514 2359 589 2379 cum
605 2354 707 2380 essene
715 2351 830 2389 plures
845 2349 921 2389 orti]
940 2350 1003 2380 Hic

306 2388 428 2428 aliquid
444 2389 527 2420 desit
541 2400 670 2421 necesse
686 2398 747 2428 est,
772 2401 889 2432 nempe
912 2395 1003 2431 eujus

305 2432 390 2461 ratio
418 2432 578 2469 redditur,
601 2433 670 2463 scil.
696 2434 840 2464 Socratis
862 2435 1004 2475 discipu.

304 2471 354 2503 los
377 2483 443 2503 non
468 2475 552 2505 idem
575 2476 723 2515 sensisse.
767 2477 1005 2509 Antecedentia

304 2521 381 2545 sunt
394 2516 432 2546 de
450 2517 594 2548 Socrate.

348 2559 388 2588 52
411 2568 518 2589 omnes
543 2569 576 2589 se
598 2560 777 2599 philosophi
805 2560 1000 2601 Socraticos]

304 2597 382 2629 Non
412 2600 597 2640 philosophi
625 2611 739 2632 omnes
764 2611 797 2632 se
821 2603 1004 2633 Socraticos

303 2639 366 2671 dici
390 2641 576 2673 voluerunt.
622 2643 710 2682 Ergo
733 2649 790 2674 aut
815 2645 911 2675 scrib.
928 2646 1004 2685 pm·-

303 2683 456 2723 Ιοεσρὴοε,
483 2691 540 2715 aut
561 2685 743 2726 pleiloswhz'
771 2687 868 2726 plane
891 2687 1002 2718 delen-

302 2723 406 2763 dum;
429 2727 515 2765 quod
535 2727 675 2757 maxime
691 2728 809 2767 placet.
854 2728 1004 2769 Interpo-

303 2765 397 2803 lavit,
413 2768 467 2806 qui
484 2768 664 2799 masmlino
685 2779 804 2809 genere
818 2771 1003 2802 offendeba-

303 2812 371 2880 im,
394 2809 450 2840 sed
473 2811 520 2842 sic
542 2817 576 2843 et
603 2818 691 2853 post,
714 2813 1003 2851 genem—Socra-

319 2860 395 2882 aeos.

1047 2265 1160 2296 Aldus

1090 2311 1130 2338 54
1151 2310 1207 2348 qui
1228 2318 1262 2339 se
1285 2319 1393 2340 omnes
1407 2307 1502 2348 fere]
1534 2307 1608 2338 Hoc
1633 2304 1748 2340 ordine

1046 2350 1111 2381 Ms.
1124 2350 1162 2381 E.
1176 2351 1226 2382 ed.
1240 2351 1294 2381 W.
1307 2359 1341 2382 et
1354 2352 1427 2382 aliae
1439 2355 1521 2381 vett.
1537 2358 1668 2380 omnes:
1693 2348 1749 2379 de-

1045 2392 1122 2423 inde
1151 2393 1307 2432 dicerent,
1330 2404 1389 2435 pro
1412 2393 1547 2432 vulgato
1575 2391 1744 2424 dicebant.-

1045 2435 1084 2466 de
1098 2446 1163 2474 quo
1177 2445 1285 2476 supra.

1091 2480 1130 2509 55
1166 2477 1413 2516 Eretricorum]
1453 2475 1535 2506 Haec
1564 2475 1669 2506 forma
1697 2478 1747 2504 est

1047 2520 1118 2549 edd.
1135 2525 1217 2550 vett.
1233 2521 1380 2558 omnium
1396 2525 1430 2550 et
1446 2519 1509 2548 Ms.
1524 2518 1562 2547 E.
1596 2517 1748 2548 Peareius

1046 2561 1148 2592 edidit
1162 2561 1427 2599 Erat-iocorum,
1449 2566 1489 2591 ut
1511 2560 1582 2590 aliis
1596 2559 1676 2590 locis
1698 2559 1746 2589 di-

1046 2609 1181 2640 cuntur,
1197 2614 1293 2642 quen·
1309 2603 1391 2634 vide.
1621 2632 1624 2633 ⁷

1090 2647 1130 2677 56
1143 2647 1258 2676 horum
1270 2645 1318 2684 vi]
1337 2645 1387 2675 An
1403 2644 1674 2685 Pyrrhmiorum,
1689 2643 1745 2682 qui

1045 2687 1165 2718 ultimo
1181 2688 1252 2718 loco
1274 2688 1437 2719 nominati
1451 2687 1553 2717 sunt?
1579 2695 1645 2716 non
1659 2685 1746 2715 vide-

1047 2734 1114 2760 tur.
1159 2730 1310 2760 Arbitror
1320 2739 1387 2759 esse
1401 2730 1517 2759 vitium
1529 2729 1562 2758 in
1576 2730 1689 2758 horum
1701 2727 1745 2757 vi,

1047 2772 1196 2802 Fortasse
1218 2772 1283 2802 fuit
1303 2773 1446 2802 aliorum
1470 2775 1528 2801 aut
1551 2775 1745 2805 ceterorum,

1046 2818 1105 2844 aut
1119 2815 1265 2855 illorugn,
1280 2813 1302 2844 i.
1326 2823 1354 2844 e.
1381 2813 1601 2854 superiorum,
1623 2811 1748 2844 Acade·

1045 2857 1220 2893 micorum,
1235 2857 1436 2888 Stoicorum.
