1945 3235
356 176 427 209 124
828 175 906 213 DE
932 172 1311 213 INVENTIONE

352 284 569 330 praecepta
590 278 793 321 tradenda
815 280 1044 337 pertinent..
1105 277 1215 320 Eum
1246 285 1404 328 autem,
1427 277 1500 333 qui
1523 285 1656 320 artem
1683 278 1780 320 rhe-

353 333 532 375 toricam
557 336 728 387 scribat,
751 337 804 378 de
834 337 998 378 duabus
1028 335 1200 391 reliquis
1228 337 1366 385 rebus,
1389 334 1440 374 de
1463 336 1641 376 materia
1660 336 1779 387 artis,

353 402 403 430 ac
424 391 614 445 partibus
634 394 816 435 scribere
836 402 1033 450 oportere
1051 393 1362 434 existimamus.
1404 391 1469 432 Ac
1488 391 1594 434 mihi
1607 393 1781 448 quidem

353 446 522 488 videtur
542 450 774 503 conjuncte
791 451 1005 506 agendum
1027 450 1079 491 de
1100 451 1278 491 materia
1295 464 1344 490 ac
1366 449 1573 504 partibuS.
1635 450 1780 496 Quare

353 502 562 554 inventio,
586 522 681 561 quoe
706 507 902 563 princeps
924 518 989 548 cst
1010 508 1201 548 omnium
1225 507 1425 562 partium,
1446 506 1718 561 potissimum
1736 507 1781 548 in

353 562 469 602 omni
490 577 711 604 cansarum
736 579 903 619 genere,
927 564 1062 620 qualis
1081 565 1236 606 debeat
1257 579 1361 615 esse,
1380 563 1685 605 consideretur.

307 623 340 671 8
413 618 566 659 Omnis
589 634 666 669 rea,
690 636 786 675 quae
817 622 947 662 habet
969 622 1012 663 in
1035 636 1092 672 se,
1115 622 1297 676 positam
1318 622 1359 662 in
1379 621 1569 662 dictione
1597 629 1672 662 aut
1693 620 1780 662 dis-

293 694 342 727 10
354 677 609 730 crematione,
639 677 825 733 aliquam
858 680 1207 729 controversiam,
1230 687 1302 719 aut
1332 678 1450 729 facti,
1474 687 1547 719 aut
1576 678 1778 730 nominis,

352 743 423 772 aut
448 734 628 789 generis,
651 746 725 775 aut
747 736 928 777 actionis
947 736 1140 778 continet
1162 737 1458 792 quaestionem.
1520 735 1626 776 Eam
1646 735 1779 791 igitur

350 791 648 843 quaestioncm,
671 806 724 833 ex
756 809 840 848 qua
869 809 997 835 causa
1026 794 1229 844 nascitur,
1258 793 1612 834 constitutionem
1633 791 1777 847 appel—

348 845 498 887 lamus.
562 847 829 891 Constitutio
851 859 916 891 est
947 853 1087 907 prima
1119 850 1340 892 conflictio
1366 865 1590 892 causarum
1619 864 1674 891 ex
1707 849 1781 891 de-

349 903 544 958 pulsione
567 906 817 947 intentionis
851 909 1057 963 profecta,
1081 908 1163 949 hoc
1185 908 1339 950 modo:
1362 908 1543 949 Fecisti:
1567 921 1653 948 non
1675 905 1776 958 feci,

348 970 422 999 aut
445 960 544 1015 jure
574 962 671 1004 feci.
733 964 845 1004 Cum
868 964 972 1006 facti
995 965 1285 1006 controversia
1307 973 1384 1015 est,
1407 965 1611 1020 quoniam
1631 963 1778 1019 conje-

348 1020 480 1058 cturis
511 1034 640 1061 causa
670 1020 876 1073 firmatur,
909 1022 1164 1063 constitutio
1197 1022 1497 1076 conjecturalis
1528 1021 1777 1076 appellatur.

349 1073 460 1115 Cum
481 1087 624 1118 autem
640 1079 840 1129 nominis,
863 1080 964 1135 quia
979 1080 1041 1120 vis
1060 1079 1258 1120 vocabuli
1278 1078 1521 1120 definienda
1541 1078 1681 1120 verbis
1699 1086 1778 1129 est,

345 1134 600 1175 constitutio
623 1135 847 1177 definitiva
867 1136 1129 1178 nominatur.
1191 1136 1302 1177 Cum
1326 1150 1441 1186 vero,
1463 1135 1599 1191 qualis
1622 1135 1678 1175 sit
1698 1149 1779 1187 res,

345 1190 567 1242 quaeritur,
588 1193 690 1248 quia
711 1202 753 1233 et
775 1193 827 1234 de
858 1194 914 1244 vi,
949 1204 993 1235 et
1025 1194 1077 1235 de
1111 1208 1265 1249 genere
1292 1192 1458 1249 negotii
1487 1192 1779 1234 controversia

344 1255 424 1296 est,
455 1250 711 1291 constitutio
750 1251 958 1306 generalis
1001 1263 1193 1292 vocatur.
1265 1250 1325 1291 At
1355 1264 1454 1292 cum
1484 1264 1613 1290 causa
1641 1263 1696 1290 ex
1725 1263 1778 1294 eo

342 1304 517 1359 pendet,
549 1307 665 1361 quod
696 1322 782 1348 non
816 1316 891 1349 aut
920 1309 954 1348 is
985 1323 1112 1364 agere
1139 1308 1322 1359 videtur,
1344 1321 1471 1363 quem
1494 1315 1680 1364 oportet,
1703 1315 1778 1348 aut

342 1374 430 1401 non
453 1376 552 1403 cum
575 1379 640 1415 eo,
663 1366 839 1419 quicum
861 1374 1047 1422 oportet,
1071 1375 1145 1406 aut
1166 1380 1253 1406 non
1277 1364 1389 1420 apud
1411 1379 1533 1419 quos,
1555 1379 1642 1420 quo
1669 1371 1779 1405 tern-

341 1431 460 1473 pore,
479 1435 563 1475 qua
589 1421 697 1477 lege,
720 1438 806 1477 quo
830 1423 1023 1474 crimine,
1050 1438 1135 1477 qna
1159 1438 1291 1479 poena
1318 1429 1504 1477 oportet,
1528 1421 1780 1462 translativa

340 1474 500 1516 dicitur
522 1479 802 1531 constitutio;
832 1481 934 1535 quia
963 1481 1091 1530 actio,
1125 1479 1414 1521 translationis
1433 1488 1476 1519 et
1497 1478 1775 1520 commutati-

342 1531 436 1572 onis
460 1534 652 1591 indigere
677 1536 859 1577 vidctur.
918 1537 1063 1593 Atque
1081 1537 1232 1578 harum
1255 1537 1441 1592 aliquam
1463 1536 1508 1576 in
1530 1549 1658 1577 omne
1676 1550 1776 1577 cau-

347 1603 403 1629 sae
428 1604 562 1645 genus
588 1593 775 1635 incidere
797 1608 968 1635 necesse
989 1603 1068 1635 est.
1091 1609 1191 1635 nam
1209 1597 1250 1626 24
1264 1594 1307 1635 in
1329 1608 1457 1649 quam
1488 1607 1577 1633 rem
1598 1607 1686 1634 non
1711 1593 1777 1634 in-

344 1645 511 1699 ciderit,
535 1649 578 1690 in
601 1665 650 1690 ea
672 1650 779 1692 nihil
800 1666 890 1692 esse
912 1652 1072 1708 poterit
1097 1651 1417 1693 controversiae.
1449 1663 1579 1705 quare
1607 1663 1702 1691 eam
1722 1665 1777 1692 ne

343 1716 515 1745 causam
539 1708 712 1761 quidem
732 1710 935 1750 convenit
955 1709 1111 1765 putari.

284 1765 328 1799 11
400 1761 466 1802 Ac
496 1762 599 1805 facti
633 1765 806 1820 quidem
837 1767 1142 1818 controversia,
1165 1766 1209 1806 in
1243 1765 1390 1806 omnia
1411 1774 1607 1820 tempora
1634 1771 1778 1819 potest

300 1814 558 1861 b·distribui.
591 1836 690 1863 nam
720 1823 824 1878 quid
856 1822 1018 1864 factum
1041 1824 1110 1874 sit,
1143 1832 1286 1879 potest
1321 1822 1472 1878 quaeri,
1505 1822 1588 1862 hoc
1618 1821 1776 1863 modo:

343 1873 621 1919 Occideritne
639 1878 819 1934 Ajacem
843 1881 1032 1936 Ulysses.
1095 1879 1151 1921 Et
1168 1880 1273 1936 quid
1291 1880 1381 1932 fiat,
1404 1879 1488 1920 hoc
1509 1879 1666 1920 modo:
1687 1878 1776 1919 Bo-

340 1945 454 1973 none
475 1935 619 1976 animo
642 1937 727 1978 sint
754 1952 857 1994 erga
884 1938 1094 1994 populum
1126 1937 1373 1979 Romanum
1401 1935 1656 1993 Fregellani.
1718 1934 1776 1976 Et

339 1989 444 2044 quid
468 1990 659 2034 futurum
683 1995 751 2045 sit,
782 1995 864 2036 hoc
886 1996 1042 2038 modo:
1067 1996 1112 2036 Si
1137 1995 1453 2051 Karthaginem
1475 1992 1776 2049 reliquerimus

340 2045 614 2101 incolumem,
637 2066 739 2091 num
763 2052 867 2106 quid
890 2053 945 2094 sit
975 2053 1239 2094 incommodi
1261 2053 1315 2093 ad
1345 2050 1655 2106 rempublicam
1677 2063 1774 2105 per-

340 2114 583 2146 venturum.
645 2107 846 2149 Nominis
867 2109 1160 2151 controversia
1180 2116 1258 2160 est,
1281 2123 1380 2150 cum
1398 2108 1451 2148 de
1472 2107 1589 2148 facto
1612 2120 1773 2148 conve-

338 2159 419 2210 nit,
441 2171 485 2202 et
517 2165 738 2218 quaeritur,
769 2165 811 2206 id
841 2167 956 2221 quod
982 2165 1144 2208 factum
1175 2174 1253 2217 est,
1276 2180 1362 2221 quo
1383 2165 1559 2206 nomine
1589 2163 1774 2219 appelle-

341 2225 423 2257 tur.
485 2219 585 2266 Quo
606 2221 647 2261 in
671 2235 826 2277 genere
853 2237 1023 2265 necesse
1044 2232 1109 2264 est
1126 2225 1166 2256 25
1180 2223 1296 2277 [ideo
1318 2222 1525 2276 nominis]
1548 2234 1639 2262 esse
1668 2234 1773 2262 con-

340 2277 605 2328 troversiam,
632 2281 737 2331 (non
762 2280 875 2335 quod
898 2281 951 2322 de
972 2295 1016 2321 re
1042 2281 1135 2337 ipsa
1155 2295 1243 2321 non
1273 2279 1521 2331 conveniat)
1543 2293 1631 2319 non
1653 2277 1771 2333 quod

339 2331 392 2372 de
422 2331 537 2375 facto
565 2349 650 2376 non
681 2346 863 2389 constet,
894 2338 966 2379 sed
998 2338 1113 2393 quod
1143 2338 1202 2390 id,
1226 2337 1341 2393 quod
1365 2336 1527 2378 factum
1556 2335 1625 2387 sit,
1656 2334 1772 2376 aliud

339 2388 410 2429 alii
435 2390 628 2433 videatur
658 2407 762 2445 esse,
786 2403 829 2435 et
860 2395 1020 2436 idcirco
1052 2395 1157 2436 alius
1188 2394 1272 2436 alio
1303 2394 1477 2436 nomine
1504 2392 1548 2434 id
1569 2391 1769 2447 appellet.

340 2445 485 2492 Quare
507 2448 550 2489 in
573 2448 820 2505 hujusmodi
843 2453 1070 2508 generibus
1093 2452 1336 2494 definienda
1356 2465 1421 2492 res
1443 2450 1524 2492 erit
1545 2449 1701 2501 verbis,
1723 2457 1768 2490 et

338 2502 524 2547 breviter
542 2507 846 2551 describenda:
870 2518 931 2563 ut,
954 2510 989 2551 si
1011 2510 1106 2566 quis
1126 2523 1294 2551 sacrum
1315 2523 1369 2550 ex
1387 2508 1557 2565 privato
1580 2507 1771 2563 surripu-

379 2629 421 2660 24
437 2629 479 2660 In
497 2640 596 2670 quam
615 2632 713 2672 rem.]
746 2633 861 2664 Addidi
883 2645 954 2665 rem
975 2645 1030 2666 au-
1072 2635 1198 2665 tionem
1213 2633 1361 2664 nondum
1382 2631 1505 2663 factam
1526 2640 1605 2662 esse.
1649 2629 1695 2661 Et
1715 2629 1772 2662 de-

336 2672 491 2704 etoritate
507 2673 584 2704 Mss.
600 2676 700 2705 etiam
717 2676 805 2706 Cass.
822 2681 857 2707 et
871 2677 934 2707 Gu.
948 2678 1031 2708 ntri-
1074 2677 1166 2708 beret
1187 2685 1268 2713 esse,
1290 2675 1374 2716 quod
1393 2674 1432 2704 cle
1440 2672 1540 2714 facto
1561 2677 1686 2704 constat
1708 2673 1769 2703 διο.

336 2723 453 2753 usque:
477 2716 562 2755 quod
584 2722 617 2747 et
639 2717 763 2757 placuit
786 2719 924 2750 Graevio.
947 2719 1028 2751 Edd.
1074 2718 1176 2749 Uncis
1196 2717 1328 2748 inclusi:
1351 2717 1436 2747 sicut
1457 2715 1640 2756 sequentia,
1663 2724 1770 2745 mm·—

337 2765 387 2796 pr.
405 2756 526 2788 habent
542 2760 575 2789 in
591 2769 655 2799 qua
671 2770 715 2790 re.
1073 2761 1253 2797 conveniat,
1275 2759 1400 2790 inclusa
1413 2763 1492 2789 sunt
1505 2757 1590 2795 ideo,
1604 2756 1681 2797 quia
1694 2766 1770 2797 spu·

377 2800 417 2829 25
438 2799 513 2830 Ideo
528 2801 690 2841 nominis]
718 2802 797 2833 Hatc
812 2803 907 2833 credo
920 2803 1031 2844 spuria
1074 2803 1121 2833 ria
1127 2802 1277 2844 judicata
1287 2808 1379 2832 sunt:
1397 2800 1512 2831 relicta
1524 2800 1559 2830 in
1570 2803 1676 2836 textu,
1691 2798 1770 2838 quia

332 2850 417 2871 esee:
440 2851 515 2872 nam
537 2842 616 2873 alias
638 2846 808 2883 sequentia
832 2855 898 2876 non
914 2855 1030 2876 conve·
1072 2845 1141 2875 sine
1164 2845 1255 2874 libris
1277 2844 1458 2874 noluerunt
1471 2842 1599 2882 ejicere.
1613 2841 1693 2873 Mss.
1708 2849 1767 2872 no-

334 2883 446 2913 niunt:
464 2890 526 2914 non
545 2887 629 2925 quod
648 2886 794 2926 (lesia-co
815 2898 878 2917 mm
900 2892 1031 2924 constet,
1073 2888 1133 2918 stri
1147 2887 1200 2917 hie
1215 2886 1390 2917 fluctuant.

333 2926 398 2955 sed.
444 2926 538 2957 Unde
553 2933 645 2967 patet
659 2929 692 2958 'm
707 2928 771 2959 illis
786 2931 924 2959 umna'nis
941 2939 1032 2960 men-
