1945 3235
536 102 722 140 LIBER
757 102 1085 140 SECUNDUS.
1451 108 1525 142 331

93 208 196 263 quid
235 218 378 266 potest
411 223 502 250 esse
535 217 622 249 tam
659 206 823 258 fictum,
862 220 992 261 quam
1027 219 1187 257 versus,
1223 222 1350 262 quain
1388 222 1528 259 scena,

92 279 220 320 quam
254 267 440 310 fabuloe?
471 275 612 309 tamen
644 264 687 305 in
718 264 802 306 hoc
833 277 988 319 genere
1021 277 1136 326 saepe
1176 264 1265 318 ipse
1297 265 1398 316 vidi,
1430 280 1529 307 cum

92 325 195 364 ⁴2ex
219 339 400 380 persona
424 323 531 364 milii
561 321 707 373 ardere
728 321 842 362 oculi
872 319 1060 362 hominis
1092 321 1313 361 histrionis
1336 322 1529 364 videren-

94 390 162 422 tur
184 381 407 437 spondalia
427 380 498 421 illa
518 380 715 430 dicentis,

196 463 220 478 “
240 456 439 504 Segregare
456 456 518 491 abs
536 459 571 490 te
588 465 705 494 ausus,
726 458 790 489 aut
806 455 883 489 sine
907 453 971 489 illo
991 452 1183 489 Salamina
1200 453 1343 500 ingredi
1357 455 1377 489 Ρ

197 515 222 531 “
241 509 365 556 Neque
378 512 573 556 paternum
591 508 797 554 adspectum
816 518 852 541 es
868 507 1037 542 veritus?

91 587 340 643 Numquam
365 585 538 626 ⁴2111um
569 583 797 640 adspectum
833 584 1020 635 dicebat,
1049 583 1154 639 quin
1185 583 1291 624 mihi
1322 582 1529 626 'lelamon

88 645 218 686 iratus
240 642 379 685 furere
398 642 517 684 luctu
540 641 617 682 filii
639 642 869 684 vider.etur
930 641 992 683 Ut
1013 641 1128 682 idem
1147 641 1309 683 inflexa
1330 641 1382 682 ad
1405 642 1531 682 mise-

88 702 263 745 rabilem
286 714 438 742 sonum
461 713 582 750 voce,

500 774 659 820 “Quem
676 778 784 809 aetate
800 778 929 809 exacta
947 774 1107 821 indigem

190 832 216 850 ‘¹
229 826 400 863 Liberum
419 827 600 866 lacerasti,
620 826 770 868 orbasti,
790 827 1000 862 exstinxsti:
1030 837 1143 873 neque
1150 823 1292 874 fratris
1307 827 1424 869 necis*

187 884 215 900 “
233 879 359 928 Neque
374 881 481 927 gnati
498 877 572 926 ejus
585 881 706 928 parvi,
727 880 790 926 qui
810 878 906 914 tibi
896 891 932 914 m
952 878 1103 914 tutelam
1122 882 1174 915 est
1194 878 1371 914 traditus
1367 879 1387 907 9

84 959 191 1000 flens
213 973 263 999 ac
283 957 435 1014 lugens
453 958 595 1000 dicere
615 957 855 1005 videbatur.
889 957 1001 1004 Quae
1032 956 1065 997 si
1099 955 1168 997 ille
1198 955 1367 1007 histrio,
1386 957 1530 1012 quoti-

84 1016 154 1058 die
175 1030 275 1057 cum
305 1025 466 1071 ageret,
498 1025 640 1057 tamen
663 1015 872 1069 44[recte]
904 1028 1030 1070 agere
1061 1014 1152 1055 sine
1174 1013 1321 1054 dolore
1342 1028 1428 1055 non
1452 1029 1529 1070 po-

84 1083 219 1125 terat3
251 1074 382 1129 quid?
417 1072 652 1119 Pacuvium
686 1072 849 1128 putatis
879 1072 923 1112 in
930 1046 1183 1112 ascribendo
1208 1070 1292 1112 leni
1313 1071 1459 1112 animo
1477 1087 1527 1113 ac

82 1132 261 1174 remisso
281 1130 435 1172 fuisse?
467 1130 580 1172 Fieri
603 1128 718 1170 nullo
739 1129 869 1170 modo
890 1129 1047 1185 potuit.
1081 1129 1208 1184 Saepe
1229 1128 1343 1170 enim
1366 1129 1526 1181 audivi,
1542 1148 1614 1182 194

85 1189 263 1254 poetam
286 1189 447 1229 bonum
469 1188 685 1231 nerninem
707 1187 771 1240 (id
797 1187 914 1242 quod
944 1202 970 1233 a
1003 1186 1255 1232 Democrito
1278 1195 1321 1227 et
1345 1186 1527 1228 Platone

84 1247 130 1288 in
149 1246 319 1302 scriptis
340 1246 536 1293 relictum
557 1259 649 1286 esse
670 1244 840 1295 dicunt)
864 1244 955 1291 sine
986 1244 1329 1290 inflammatione
1359 1244 1526 1285 animo-

85 1318 179 1345 rum
201 1304 406 1344 exsistere
439 1317 577 1367 posse,
610 1313 654 1343 et
686 1303 778 1343 sine
810 1303 997 1357 quodam
1029 1302 1176 1342 afflatu
1200 1302 1321 1358 quasi
1353 1301 1524 1343 s··u101is.

87 1361 232 1408 Quare
262 1360 395 1402 nolite
416 1360 664 1401 existimaie
694 1361 922 1415 meipsum,
944 1358 1015 1415 qui
1040 1374 1125 1405 non
1150 1359 1330 1403 heroum
1362 1362 1607 1416 veteies47

84 1433 221 1469 casus,
244 1419 454 1474 fictosque
483 1418 622 1460 luctus
645 1417 796 1458 vellem
829 1417 1002 1468 imitari,
1026 1428 1154 1473 atque
1184 1417 1439 1458 adumbrare
1461 1417 1525 1458 di-

83 1477 245 1528 cendo;
277 1490 415 1531 neque
436 1485 556 1517 actor
575 1489 710 1516 essem
736 1474 885 1517 alienae
910 1490 1119 1531 personae,
1139 1475 1210 1516 sed
1234 1484 1385 1516 auctor
1400 1489 1525 1539 ineae,

83 1549 183 1575 cum
205 1509 311 1574 niihi
330 1533 395 1574 Μ’
408 1533 634 1589 Aquilius
626 1548 668 1576 in
682 1533 750 1574 civ
755 1533 859 1579 itate
877 1533 1124 1574 retinendus
1138 1541 1263 1582 esset,
1281 1547 1378 1587 quae
1397 1533 1440 1574 in
1458 1531 1527 1573 illa

85 1606 213 1633 causa
234 1592 472 1647 peroranda
495 1591 684 1642 fecerim,
707 1590 798 1631 sine
819 1605 978 1647 magno
1001 1590 1146 1635 dolore
1170 1589 1335 1632 fecisse.
1383 1592 1526 1637 Quem
1542 1601 1614 1636 195

84 1649 198 1690 enim
221 1663 304 1704 ego
327 1649 547 1689 consulem
570 1648 714 1699 fuisse,
746 1636 1049 1704 impertitorem
1075 1657 1273 1688 ornatum
1306 1663 1332 1688 a
1360 1657 1526 1698 senatu,

84 1715 286 1747 ovantem
309 1706 350 1746 in
377 1705 642 1761 Capitolium
672 1706 913 1747 ascendisse
943 1705 1258 1756 meminissem3
1290 1705 1406 1746 hunc
1427 1719 1527 1748 cuni

87 1764 310 1814 afflictum,
341 1763 627 1814 debilitatum,
660 1773 933 1814 moerentem,
969 1764 1010 1805 in
1049 1777 1264 1803 summum
1297 1763 1528 1803 discrimen

87 1821 321 1862 adductum
351 1821 556 1872 viderem,
586 1836 672 1861 non
709 1821 826 1876 prius
861 1835 953 1861 sum
983 1830 1164 1863 conatus
1188 1820 1527 1862 misericordiam
1541 1831 1572 1862 b.

88 1877 181 1920 aliis
232 1892 431 1920 commox
435 1893 519 1929 eie,
571 1893 700 1932 quam
750 1879 1046 1919 misericordia
1086 1892 1179 1920 sum
1231 1877 1322 1934 ipse
1362 1887 1529 1934 captus.

87 1938 129 1966 45
143 1935 265 1977 Sensi
287 1936 501 1990 equidem,
525 1945 616 1976 tum
647 1950 909 1993 magnopere
939 1936 1101 1978 mov·e1i
1125 1934 1313 1991 judiceS,
1334 1950 1431 1976 cum
1455 1950 1532 1977 ex·

87 1993 218 2034 citavi
242 2003 446 2034 moestum
473 2008 523 2034 ac
554 1994 818 2035 sordidatum
843 2008 1001 2045 senem,
1023 2003 1067 2035 et
1087 2008 1185 2035 cum
1208 1992 1290 2033 ista
1312 1991 1411 2044 feci,
1433 2008 1530 2049 quae

87 2058 149 2102 tu,
184 2050 350 2100 Crasse,
383 2050 543 2101 laudas,
581 2066 669 2092 non
702 2062 807 2102 nte,
841 2052 894 2093 de
927 2067 1012 2106 qua
1044 2051 1146 2107 quid
1181 2050 1332 2106 loquar
1369 2051 1532 2114 nescio,

88 2108 160 2149 sed
192 2116 313 2151 motu
344 2123 504 2164 magno
527 2109 658 2149 animi
690 2123 739 2150 ac
762 2108 922 2159 dolore,
947 2119 993 2150 ut
1015 2107 1299 2151 discinderem
1323 2108 1531 2160 tunicam,

85 2175 136 2206 ut
164 2165 385 2207 cicatrices
415 2166 699 2207 ostenderem.
761 2165 871 2207 Cum
897 2167 949 2207 C.
973 2166 1141 2207 Marius
1171 2179 1405 2206 moerorem
1437 2181 1531 2209 ora·
1547 2179 1620 2215 196

87 2223 216 2269 tionis
238 2237 346 2266 meae
370 2238 556 2280 praesens
579 2239 628 2265 ac
651 2224 800 2265 sedens
819 2224 1001 2265 multum
1022 2222 1221 2280 lacrymis
1245 2223 1330 2264 suis
1352 2222 1531 2278 adjuva-

125 2356 167 2385 40
189 2364 229 2385 ex
245 2354 400 2394 persona]
425 2364 470 2385 sc
488 2354 626 2393 tragica,
642 2364 714 2394 quae
736 2358 787 2384 te·
870 2357 912 2385 44
934 2360 1020 2385 recte
1039 2365 1140 2394 ‘lgm’
1160 2356 1229 2385 sine
1242 2355 1349 2385 dolore
1362 2365 1427 2385 non
1443 2360 1533 2395 pote-

85 2397 136 2436 git
157 2406 193 2427 os
215 2397 353 2436 tragoedi
379 2397 439 2434 ita,
468 2402 506 2427 ut
532 2403 645 2427 tamen
675 2396 785 2427 vultus
828 2398 898 2436 rat]
931 2397 972 2427 Iu
990 2397 1054 2429 hoc
1076 2398 1148 2428 loco
1170 2407 1300 2437 semper
1320 2397 1412 2428 haesi.
1456 2398 1532 2430 Non

84 2439 221 2486 perspici
245 2440 356 2480 possit.
400 2438 440 2469 In
463 2449 528 2479 quo
550 2449 621 2479 pers
607 2449 697 2469 sonae
718 2444 787 2470 tra
830 2440 1002 2479 quaeritur,
1025 2450 1068 2472 an
1091 2441 1160 2471 sine
1188 2440 1299 2470 dolore
1323 2446 1411 2471 recte
1437 2451 1533 2481 agere

85 2481 166 2519 gicae
199 2481 415 2522 elegantiores
452 2482 584 2511 comicis
614 2482 719 2517 fuere,
748 2489 787 2513 ut
829 2483 995 2522 potuerit·
988 2506 996 2520 ‚
1021 2483 1088 2519 sed,
1105 2492 1180 2513 cum
1196 2483 1296 2513 toties
1311 2483 1451 2522 egisset·
1444 2506 1452 2520 ‚
1469 2494 1533 2522 qna

88 2528 179 2562 patet
205 2524 304 2555 etiam
329 2535 346 2554 e
375 2525 486 2564 figuris
514 2533 627 2555 earum
655 2524 689 2554 in
717 2534 786 2554 mo·
830 2535 864 2555 re
888 2524 1060 2565 paullatim
1084 2535 1197 2555 sensus
1221 2525 1266 2555 rei
1290 2526 1454 2555 minuitur
1477 2537 1534 2566 per

87 2567 250 2597 numentis
272 2567 428 2606 antiquis,
452 2572 490 2597 ut
512 2576 564 2606 ap.
581 2567 713 2597 Gruter.
730 2567 784 2596 ln·
827 2567 1092 2606 assuetudinem3
1109 2574 1220 2598 tamen
1234 2577 1310 2597 cum
1323 2567 1435 2604 dolore
1449 2569 1533 2609 egis-

84 2611 299 2655 scr.p.10‘24.
321 2609 394 2640 add.
419 2609 783 2640 Dorviu.vann.c1·it.
827 2619 873 2646 se,
890 2620 949 2640 nec
972 2609 1041 2640 sinc
1064 2610 1175 2640 dolore
1199 2610 1357 2650 potuisse,
1373 2610 1436 2641 hoc
1452 2610 1533 2642 diei-

85 2658 118 2688 ρ.
139 2652 211 2684 217.
233 2646 310 2682 'nam
331 2661 404 2692 quoe
429 2652 473 2682 ibi
499 2651 538 2682 de
564 2651 672 2682 mimis
696 2652 784 2682 dicta
826 2657 892 2682 tur.
936 2651 981 2681 Et
996 2652 1240 2692 argumentatio
1256 2652 1296 2682 ab
1311 2651 1471 2683 histrione
1491 2653 1532 2684 ad

78 2697 176 2728 sunt,
191 2692 224 2723 in
239 2694 401 2733 tragoedos
418 2695 540 2734 pariter
554 2695 767 2725 conveniunt.
827 2699 995 2725 auctorem
1013 2704 1079 2726 non
1102 2695 1259 2735 procedit.
1304 2694 1392 2734 Ergo
1408 2701 1468 2726 aut
1482 2706 1533 2726 re-

127 2736 167 2775 ,43
179 2735 273 2766 illum
284 2737 486 2777 adspectum]
504 2737 685 2768 Lambinm
699 2748 716 2767 ι
718 2748 782 2767 mr.
826 2743 877 2767 cte
891 2736 1066 2768 delendum
1082 2742 1144 2775 est,
1168 2742 1227 2768 aut
1249 2737 1283 2767 in
1298 2746 1336 2767 co
1351 2737 1440 2769 aliud
1464 2748 1533 2769 ver-

84 2776 180 2813 illud,
195 2777 280 2817 qnod
301 2778 409 2809 arrisit
424 2779 697 2810 Pearc'io.¹l1ilii
713 2780 784 2810 vul-
827 2779 904 2810 bum
923 2780 1016 2810 latet.
1042 2779 1126 2810 Mihi
1142 2780 1225 2810 illud
1239 2789 1352 2809 verum
1369 2779 1510 2811 videtur.

85 2825 200 2857 gatum
236 2830 346 2851 verum
382 2821 529 2852 videtur:
566 2823 650 2852 illud
686 2822 783 2853 nimis
869 2825 910 2853 45
936 2822 1028 2852 Sensi
1050 2823 1210 2863 equidem]
1242 2822 1294 2851 Sic
1317 2821 1389 2851 edd.
1418 2823 1532 2863 primm

83 2863 298 2899 grammatice
312 2868 346 2894 et
357 2864 471 2904 jejune
485 2863 611 2895 dictum
627 2869 723 2896 esset.
827 2871 861 2896 et
876 2864 941 2896 Ms.
959 2865 998 2895 E.
1016 2873 1116 2896 recte.
1139 2865 1248 2904 Vulgo
1262 2864 1405 2904 quidem.
