1945 3235
4 2863 11 2879 *l

4 2888 9 2909 l,

696 101 982 141 BRUTUS.
1477 107 1557 149 447

114 204 315 258 Galbam,
350 207 404 249 ad
429 205 635 264 populum
666 220 834 247 summa
864 204 1144 246 contentione
1173 206 1382 250 dixisset:
1420 223 1552 265 quam

107 265 241 320 etiam
272 266 511 307 orationem
543 264 747 320 scriptam
774 262 959 317 reliquit.
1021 261 1105 302 Sed
1138 263 1236 304 vivo
1270 265 1439 307 Catone
1472 268 1632 323 ini-21

107 336 235 364 nores
272 333 374 365 natu
408 322 531 364 multi
562 336 649 362 uno
678 330 872 377 tempore
903 327 1092 360 oratores
1124 321 1376 363 floruerunt.
1438 325 1551 365 Nam
1565 349 1612 383 31

109 388 154 421 et
175 380 230 423 A.
253 380 452 431 Albinus,
475 381 525 431 is,
555 379 627 434 qui
653 379 808 419 Graece
836 376 1008 432 scripsit
1039 377 1278 428 historiam,
1299 380 1371 433 qui
1402 381 1553 422 consul

109 452 207 479 cum
235 438 282 479 L.
306 438 483 480 Lucullo
506 437 602 487 fuit,
624 446 667 477 et
688 436 899 476 litteratus
932 444 974 475 et
997 434 1179 476 disertus
1207 435 1314 477 fuit:
1348 446 1391 476 et
1415 440 1555 480 tenuit

108 509 208 537 cum
241 496 323 538 hoc
353 496 495 537 lecum
528 494 741 549 quendam
773 493 903 533 etiarn
931 492 1021 534 Ser.
1046 492 1236 545 Fulvius,
1268 503 1312 534 et
1344 507 1428 534 una
1462 496 1554 537 Ser.

110 551 272 595 Fabius
303 553 466 603 Pictor,
488 560 531 592 et
560 551 686 606 juris,
710 558 753 591 et
788 550 1043 602 litterarum,
1066 562 1109 592 et
1138 551 1412 606 antiquitatis
1444 553 1556 594 bene

141 612 287 652 eritus·
348 610 405 657 Q.
442 623 526 664 que
563 608 720 649 Fabius
765 608 910 649 Labeo
945 607 1030 649 fuit
1072 617 1247 650 ornatus
1279 608 1430 650 iisdem
1465 610 1558 652 fere

104 624 319 709 ssudibus.
380 666 494 708 Nam
528 666 585 712 Q.
611 665 830 716 Metellus,
854 666 904 716 is,
926 667 1052 720 cujus
1072 676 1257 722 quatuor
1289 666 1363 707 filii
1397 682 1554 709 consu-

105 723 214 766 lares
248 724 434 775 fuerunt,
466 723 510 764 in
545 723 692 780 primis
726 732 790 764 est
825 723 997 764 habitus
1034 724 1254 779 eloquens,
1285 725 1359 780 qui
1392 740 1470 781 pro
1503 725 1552 768 L.

108 781 242 824 Cotta
259 782 387 832 dixit,
404 790 633 823 accusante
647 779 869 831 Africano,
884 780 1007 836 cujus
1024 792 1067 822 et
1089 782 1184 823 aliae
1205 791 1303 822 sunt
1319 783 1552 835 orationes,

103 848 149 882 et
169 848 320 883 contra
340 838 408 881 Ti.
432 838 681 880 Gracchum
695 838 896 895 exposita
916 848 980 880 est
1001 839 1046 880 in
1069 839 1121 881 C.
1142 839 1293 880 Fannii
1309 841 1551 883 annalibus.

103 895 217 946 Tum
248 897 339 955 ipse
373 897 422 939 L.
447 896 582 938 Cotta
612 906 826 940 veterator
858 896 1047 948 habitus,
1067 897 1140 938 sed
1165 896 1217 938 C.
1244 897 1402 938 Laelius
1433 910 1474 940 et
1501 899 1549 940 P.
1562 911 1616 947 32

101 953 334 997 Africanus
357 954 402 996 in
430 954 578 1011 primis
601 954 873 1011 eloquentes:
906 969 1089 1009 quorum
1121 964 1295 996 exstant
1320 956 1553 1008 orationes,

103 1027 159 1055 ex
187 1013 345 1070 quibus
376 1013 614 1054 existimari
636 1013 739 1054 43de
772 1012 957 1069 ingeniis
991 1022 1210 1054 oratorum
1248 1023 1405 1069 potest.
1467 1014 1555 1057 Sed

102 1071 216 1113 inter
237 1071 330 1122 hos,
354 1080 482 1113 aetate
504 1070 694 1127 paullum
717 1070 784 1112 his
806 1070 1078 1121 antecedens,
1098 1072 1242 1112 44sine
1259 1073 1556 1114 controversia

106 1129 198 1171 Ser.
222 1129 365 1171 Galba
386 1127 633 1184 eloquentia
656 1128 883 1185 praestitit:
923 1137 965 1169 et
987 1128 1192 1169 nimirum
1216 1129 1250 1169 is
1276 1129 1474 1186 princeps
1497 1146 1553 1172 ex

106 1185 288 1238 Latinis,
312 1186 382 1228 illa
403 1195 621 1227 oratorum
655 1185 844 1243 propria,
875 1194 920 1226 et
951 1186 1072 1241 quasi
1100 1186 1296 1242 legitima
1318 1203 1449 1243 opera
1468 1198 1554 1230 tra.-

102 1245 253 1297 ctavit,
277 1254 323 1285 ut
355 1244 630 1300 egrederetur
661 1258 686 1284 a
718 1243 942 1300 proposito
974 1244 1154 1285 ornandi
1186 1260 1329 1295 causa,
1361 1255 1408 1286 ut
1439 1246 1554 1287 dele-

102 1311 239 1345 ctaret
260 1303 441 1353 animos,
461 1304 503 1332 45
519 1311 566 1342 ut
590 1309 874 1357 permoveret,
900 1310 948 1342 ut
970 1313 1146 1357 augeret
1170 1316 1274 1353 rem,
1298 1311 1346 1343 ut
1378 1303 1553 1345 misera-

104 1361 310 1411 tionibus,
324 1368 372 1400 ut
393 1359 696 1400 communibus
719 1358 823 1399 locis
848 1368 1051 1400 uteretur.
1073 1360 1144 1400 sed
1163 1361 1309 1401 nescio
1332 1362 1553 1416 quomodo

100 1417 247 1473 hujus,
269 1420 397 1474 quem
432 1424 603 1458 constat
640 1416 888 1472 eloquentia
922 1417 1190 1473 praestitisse,
1224 1417 1426 1459 exiliores
1456 1434 1552 1461 ora-

101 1476 241 1517 tiones
275 1484 388 1526 sunt,
418 1484 462 1516 et
494 1474 734 1516 redolentes
777 1475 916 1531 magis
949 1475 1269 1529 antiquitatem,
1304 1491 1434 1531 quam
1476 1486 1552 1518 aut

103 1532 241 1585 Laelii,
263 1543 338 1575 aut
370 1532 603 1589 ScipioniS,
626 1541 699 1573 aut
729 1531 861 1572 etiam
885 1532 1018 1588 ipsius
1043 1532 1250 1575 Catonis:
1283 1533 1430 1591 itaque
1447 1549 1553 1577 exa-

100 1602 292 1642 ruerunt,
313 1592 388 1632 vix
403 1591 498 1646 jam
520 1599 568 1631 ut
589 1599 838 1647 appareant.

161 1648 229 1690 De
254 1649 388 1705 ipsius
414 1648 535 1689 Laelii
558 1657 601 1689 et
632 1649 849 1704 Scipionis
881 1649 1073 1706 ingenio,
1095 1664 1356 1706 quamquam
1381 1666 1431 1693 ea
1454 1650 1548 1706 jam
1562 1665 1613 1703 83

98 1716 164 1748 est
185 1707 350 1763 opinio,
373 1715 421 1747 ut
443 1705 675 1762 plurimum
699 1706 912 1747 tribuatur
937 1708 1176 1759 ambobus;
1207 1708 1379 1750 dicendi
1404 1720 1551 1752 tamen

100 1763 191 1806 laus
219 1773 285 1805 est
315 1765 360 1805 in
393 1763 528 1805 Laelio
559 1763 777 1805 illustrior.
838 1762 899 1804 At
930 1765 1069 1806 oratio
1100 1765 1223 1806 Laelii
1256 1766 1309 1808 de
1339 1767 1551 1824 collegiiS‚

100 1826 190 1863 non
220 1821 384 1873 melior,
415 1836 545 1877 quam
578 1822 631 1863 de
667 1821 814 1863 multis
842 1837 973 1878 quam
1013 1822 1144 1874 voles,
1183 1823 1428 1880 Scipionis:
1461 1841 1550 1867 non

97 1895 186 1936 quo
209 1879 280 1921 illa
312 1879 433 1921 Laelii
464 1880 701 1935 quidquam
732 1880 788 1920 sit
817 1879 999 1932 dulcius,
1021 1889 1096 1922 aut
1116 1881 1233 1936 quod
1255 1882 1308 1923 de
1339 1882 1549 1940 religione
1560 1907 1592 1937 p.
1612 1899 1682 1933 172⁴

99 1938 185 1979 dici
209 1938 346 1994 possit
375 1938 626 1993 augustius3
657 1937 731 1979 sed
760 1937 898 1979 multo
921 1947 1064 1979 tamen
1086 1939 1312 1992 vetustior,
1336 1949 1380 1982 et
1410 1941 1591 1983 honi-²·

97 1995 194 2037 dior
224 1995 307 2047 ille,
329 2010 459 2051 quam
492 1995 666 2051 Scipio:
703 2002 761 2046 et,
782 2011 881 2037 eum
913 1996 999 2037 sint
1031 1996 1075 2037 in
1106 1995 1290 2038 dicendo
1314 2003 1443 2040 variae
1472 2014 1550 2041 vo-

96 2052 299 2104 luntateS,
322 2053 524 2094 delectari
546 2052 653 2094 mihi
674 2053 814 2109 magis
835 2053 1095 2110 antiquitate
1118 2054 1301 2106 videtur,
1323 2066 1367 2097 et
1396 2056 1549 2099 luben-

98 2119 163 2152 ter
188 2111 328 2152 verbis
351 2111 491 2152 etiam·
512 2111 576 2152 uti
608 2110 752 2167 paullo
775 2111 915 2168 magis
947 2111 1098 2168 priscis
1132 2111 1305 2154 Laelius.
1366 2113 1451 2156 Sed
1484 2123 1614 2172 est34

97 2183 193 2210 mos
224 2168 464 2219 hominum,
484 2177 532 2209 ut
562 2168 702 2210 nolint
725 2170 909 2210 eundem
941 2169 1134 2226 pluribus
1166 2170 1294 2212 rebus
1323 2172 1549 2215 excellere.

100 2224 214 2268 Nam
238 2234 288 2266 ut
308 2240 371 2267 ex·
386 2226 540 2268 bellica
558 2226 684 2268 laude
707 2227 925 2284 adspirare
947 2228 1000 2269 ad
1022 2226 1279 2269 Africanum
1300 2244 1429 2271 nemo
1452 2242 1550 2287 pot-

101 2292 181 2334 est,
204 2283 248 2324 in
271 2299 357 2339 qua
378 2284 471 2339 ipsa
492 2285 715 2341 egregium
736 2286 778 2316 46
795 2285 1001 2327 Viriatico
1025 2285 1137 2326 bello
1159 2286 1396 2342 reperimus
1418 2288 1552 2330 fuisse

99 2340 313 2383 Laelium:
347 2341 408 2382 sic
439 2342 618 2397 ingenii,
638 2342 892 2394 litterarum,
915 2343 1190 2399 eloquentiae,
1221 2344 1447 2400 sapientiae
1477 2346 1531 2388 de

98 2399 244 2454 nique,
266 2399 346 2440 etsi
378 2399 548 2454 utrique
580 2400 753 2456 primaS,
776 2401 939 2457 priores
964 2411 1109 2442 tamen
1139 2401 1324 2442 libenter
1351 2402 1556 2447 deferunt

103 2452 250 2499 Laelio.
314 2456 408 2498 Nec
450 2456 557 2498 mihi
590 2466 830 2499 ceterorum
856 2458 1027 2514 judicio
1067 2458 1206 2499 solum
1248 2459 1434 2512 videtur,
1477 2463 1552 2504 sed

99 2512 229 2554 etiam
270 2514 463 2571 ipsorum
504 2515 617 2556 inter
659 2516 775 2571 ipsos
813 2531 1020 2557 concessu
1062 2516 1124 2557 ita
1157 2516 1370 2558 tributum
1402 2517 1551 2562 fuisse.

141 2620 182 2648 43
218 2618 257 2648 de
283 2619 424 2658 ingeniis
459 2619 644 2660 oratorum]
685 2620 801 2651 Cicero
887 2624 928 2652 45
950 2625 989 2651 ue
998 2621 1218 2662 permoveret]
1236 2623 1289 2654 Sic
1302 2622 1387 2655 edidi
1397 2626 1456 2665 pro
1469 2630 1551 2657 aut.-

99 2660 228 2700 s'eripsit
255 2661 324 2691 sine
347 2661 444 2692 dubio
467 2673 579 2693 eorum
592 2676 601 2692 .-
639 2662 802 2703 glossator
846 2664 947 2694 etiam
965 2664 999 2693 in
1015 2664 1120 2695 altero
1134 2670 1173 2696 ut
1187 2672 1326 2704 augeret
1341 2677 1371 2697 r.
1386 2667 1436 2698 ed.
1453 2667 1546 2700 Med,

97 2702 312 2743 adscripserat
333 2713 377 2735 se.
393 2709 577 2742 oratorum,
594 2715 675 2745 quos
698 2706 805 2736 nomi-
848 2707 963 2736 vitiose
978 2711 1050 2738 aut.

95 2749 204 2776 narat-
886 2749 928 2779 46
952 2748 1125 2789 Viriatz'co]
1145 2750 1197 2780 Sic
1212 2761 1230 2781 e
1246 2750 1336 2783 Med.
1351 2751 1446 2784 edidi.
1463 2751 1516 2783 Sic
1530 2762 1548 2783 e

141 2788 184 2817 44
218 2791 286 2818 sine
313 2790 544 2830 controversia]
581 2789 641 2821 ref.
670 2789 710 2821 ad
740 2791 802 2820 elo·
844 2795 954 2822 vetere
967 2791 1096 2822 Veneta
1115 2793 1249 2833 (nempe
1261 2805 1290 2826 a.
1310 2794 1416 2835 1485.)
1434 2794 1548 2826 laudat

100 2830 235 2868 quentia
240 2840 297 2870 pr.
305 2830 524 2873 Transposuit
535 2833 663 2869 Cicero,
675 2842 716 2863 ne
728 2843 801 2863 con-
844 2834 969 2865 Rivius.
993 2834 1092 2875 Vulg.
1106 2834 1244 2867 Variatz'.

98 2873 258 2904 troversia
271 2874 452 2913 eloquentia
467 2880 712 2907 concurrerent.
