1945 3235
604 102 790 141 LIBER
830 102 1105 140 TERTIUS.
1508 106 1587 146 417

131 209 169 252 si
205 210 275 252 cui
315 210 371 253 sit
403 210 598 253 infinitus
633 208 808 265 spiritus
841 206 981 256 datus,
1015 212 1160 247 tamen
1192 221 1290 248 eum
1330 216 1585 265 perpetuare

129 267 264 309 verba
299 269 499 311 nolimus.
532 268 573 309 id
605 268 721 307 enim
752 265 926 306 auribus
962 264 1120 304 nostris
1152 275 1322 320 gratum
1348 279 1412 306 est
1434 268 1585 307 inven-

132 334 242 377 tum,
281 328 396 382 quod
435 327 658 368 hominum
695 322 901 365 lateribus
935 336 1022 362 non
1062 322 1283 362 tolerabile
1319 323 1472 374 solum,
1508 325 1581 366 sed

131 384 264 424 etiam
283 385 409 426 facile
438 398 528 424 esse
552 392 711 440 posset.
775 379 1050 435 Longissima
1081 389 1146 420 est
1178 381 1312 435 igitur
1333 382 1580 437 complexio
1594 376 1666 432 47

130 442 377 493 verborum,
399 457 495 497 quae
532 440 645 482 volvi
680 453 766 480 uno
796 437 949 494 spiritu
987 447 1142 494 potest.
1205 438 1289 479 Sed
1323 438 1392 479 hic
1418 448 1672 483 naturae182

131 500 287 541 modus
320 511 398 550 est,
420 500 522 540 artis
551 498 672 539 alius.
706 511 806 537 nam
838 510 937 536 cum
961 497 1048 536 sint
1080 496 1246 536 numeri
1282 495 1446 552 plures3
1478 496 1586 536 iam-

133 556 253 609 bum,
286 567 330 598 et
355 557 595 598 trochaeum
624 554 894 610 frequentem
923 564 1123 610 segregat
1150 555 1204 594 ab
1227 565 1398 595 oratore
1419 553 1588 595 Aristo-

134 613 253 665 teles,
277 614 446 663 Catule,
470 623 622 664 vester,
639 613 712 668 qui
735 622 887 652 natura
910 621 1054 653 tamen
1073 612 1299 652 incurrunt
1322 613 1403 668 ipsi
1427 612 1469 653 in
1494 627 1590 653 ora-

134 672 297 714 tionem
328 686 655 727 sermonemque
685 681 907 722 nostrum3
947 670 1020 710 sed
1054 680 1154 710 suut
1194 670 1385 726 insignes
1417 684 1589 726 percus-

132 729 273 770 siones
293 744 443 770 eorum
467 744 759 779 numerorum,
782 739 825 768 et
846 728 1003 769 minuti
1028 727 1171 784 pedes.
1230 727 1377 775 Quare
1401 729 1590 784 primum

132 786 186 828 ad
208 787 388 828 heroum
416 802 494 828 nos
516 787 694 843 dactyli,
713 795 757 827 et
777 786 1003 842 anapaesti,
1023 795 1066 826 et
1089 784 1268 841 spondei
1292 786 1443 842 pedem
1478 786 1589 827 invi-

133 854 217 886 tat:
250 845 295 886 in
322 860 409 901 quo
431 846 610 902 impune
644 844 847 901 progredi
869 843 972 885 licet
993 843 1079 884 duo
1109 844 1326 885 duntaxat
1348 845 1492 900 pedes,
1514 854 1591 885 aut

131 902 276 958 paullo
307 905 417 960 plus,
451 918 504 944 ne
539 903 666 960 plane
701 904 744 944 in
776 916 962 953 versum,
986 912 1061 942 aut
1092 901 1421 943 similitudinem
1445 905 1484 934 55
1498 917 1590 943 ver-

132 974 257 1002 suum
279 961 534 1003 incidamus.
578 960 740 1002 ⁵6Aliae
764 970 865 1001 sunt
888 961 1090 1017 geminae,
1113 960 1270 1015 quibus
1295 960 1338 1001 hi
1364 969 1447 1001 tres
1466 960 1588 1001 heroi
1604 969 1633 999 Ρ·
1653 957 1724 991 160.

133 1019 264 1074 pedes
295 1019 339 1061 in
370 1020 586 1076 principia
617 1018 1013 1060 continuandorum
1038 1019 1269 1059 verborum
1304 1019 1406 1059 satis
1436 1012 1633 1060 decorea‘

133 1077 309 1119 cadunt.
385 1077 602 1118 Probatur
638 1087 782 1118 autem
823 1076 877 1117 ab
918 1075 1070 1117 eodem
1114 1075 1186 1117 illo
1218 1077 1409 1117 maxime
1443 1075 1682 1132 paeon3183

136 1135 212 1190 qui
236 1146 302 1176 est
323 1136 500 1192 duplex.
564 1135 678 1176 Nam
713 1144 787 1175 aut
810 1149 834 1175 a
855 1134 988 1190 longa
1006 1133 1157 1184 oritur,
1181 1149 1311 1190 quam
1336 1145 1419 1176 tres
1447 1137 1594 1177 breves

133 1204 474 1249 consequuntur,
507 1203 555 1234 ut
590 1192 685 1234 haec
716 1193 862 1242 verba,
901 1191 1084 1242 desinite,
1107 1192 1291 1248 incipite,
1323 1193 1598 1248 comprimite,-

136 1261 213 1292 aut
249 1267 274 1292 a
308 1251 509 1293 brevibus
545 1251 750 1307 deinceps
786 1250 939 1301 tribus,
972 1259 1170 1291 extrema
1205 1250 1433 1306 producta,
1466 1261 1599 1307 atque

133 1308 281 1365 longa,
305 1309 418 1350 sicut
440 1309 513 1350 illa
536 1319 636 1350 sunt
656 1308 913 1359 domuerant,
934 1307 1155 1363 sonipedes,
1206 1308 1354 1364 Atque
1374 1309 1431 1350 illi
1457 1309 1599 1365 philo·

135 1368 275 1423 sopho
298 1367 430 1409 ordiri
454 1367 595 1424 placet
617 1382 641 1407 a
660 1366 882 1423 superiore
904 1380 1074 1421 paeone,
1098 1367 1338 1423 posteriore
1361 1367 1500 1409 finire.
1533 1377 1600 1409 est

132 1435 280 1467 autem
305 1439 432 1481 paeon
459 1426 530 1466 hic
561 1425 776 1481 posterior
807 1438 894 1465 non
919 1423 1182 1480 syllabarum
1205 1440 1402 1477 numero,
1426 1426 1499 1467 sed
1523 1441 1599 1467 au-

133 1483 248 1525 rium
269 1497 484 1534 mensura,
503 1483 621 1539 quod
652 1491 717 1524 est
748 1483 889 1523 acrius
907 1482 1127 1537 judicium
1150 1492 1193 1524 et
1215 1484 1391 1536 certius,
1413 1498 1490 1541 par
1511 1484 1600 1527 fere

137 1539 329 1593 Cretico,
352 1541 427 1597 qui
448 1550 514 1582 est
527 1555 582 1581 ex
607 1540 752 1596 longa,
775 1550 819 1581 et
841 1539 977 1592 brevi,
1000 1549 1045 1580 et
1066 1539 1223 1597 longa:
1256 1551 1306 1582 ut

245 1617 344 1658 Quid
359 1621 483 1666 petam
496 1615 673 1665 praesidii,
695 1620 759 1652 aut
779 1627 954 1664 exsequar
968 1616 989 1653 ,9
1017 1629 1130 1664 quove
1146 1629 1242 1653 nuuc
1255 1618 1276 1656 ἵ)

75 1678 77 1685 ⁴
137 1683 179 1727 A
201 1700 289 1742 quo
321 1699 501 1726 numero
533 1699 712 1726 exorsus
743 1693 809 1726 est
840 1684 1047 1736 Fannius,
1072 1683 1135 1737 Si,
1162 1683 1359 1738 Quirites,
1381 1687 1515 1728 minas
1543 1686 1596 1728 il-

133 1742 227 1784 lius.
290 1742 424 1785 Hunc
453 1743 523 1784 ille
554 1742 755 1785 clausulis
786 1743 1000 1799 aptiorem
1032 1752 1173 1799 putat,
1203 1759 1309 1800 quas
1342 1745 1435 1787 vult
1465 1746 1596 1802 longa

136 1801 392 1858 plerumque
423 1800 586 1857 syllaba
619 1801 855 1842 terminari.
889 1800 1044 1856 Neque
1067 1815 1169 1842 vero
1199 1802 1295 1844 haec
1329 1812 1418 1844 tam
1452 1818 1594 1845 acrem
1608 1795 1680 1844 48

136 1874 285 1900 curam
308 1859 667 1916 diligentiamque
697 1859 958 1910 desiderant,
980 1874 1111 1914 quam
1142 1869 1207 1901 est
1239 1860 1310 1902 illa
1341 1862 1686 1918 poetarum2184

137 1931 248 1973 quos
284 1917 516 1959 necessitas
549 1917 685 1973 cogit,
717 1925 761 1958 et
790 1916 873 1973 ipsi
907 1918 1075 1958 numeri
1111 1932 1162 1960 ac
1194 1919 1329 1971 modi,
1369 1919 1430 1961 sic
1465 1920 1598 1960 verba

137 1989 265 2016 versu
305 1975 538 2026 includere,
578 1984 628 2016 ut
661 1974 770 2017 nihil
808 1975 879 2027 sit,
912 1989 967 2016 ne
998 1975 1154 2032 spiritu
1187 1977 1362 2032 quidem
1398 1977 1599 2030 minimo,

138 2032 328 2085 brevius,
350 2042 426 2074 aut
443 2033 631 2089 longiuS,
653 2047 785 2088 quam
804 2047 978 2076 necesse
999 2042 1080 2074 est.
1142 2033 1340 2077 Liberior
1355 2044 1421 2076 est
1443 2035 1600 2087 oratio,

137 2100 182 2132 et
202 2090 341 2148 plane,
362 2099 411 2133 ut
440 2091 615 2142 dicitur,
635 2091 696 2132 sic
717 2100 762 2132 et
783 2100 848 2132 est
867 2105 966 2133 vere
987 2090 1142 2143 soluta,
1167 2107 1252 2134 non
1277 2102 1325 2135 ut
1360 2093 1504 2150 fugiat
1534 2103 1600 2135 ta·-

140 2163 257 2200 men,
293 2159 368 2190 aut
402 2158 529 2200 erret,
561 2149 635 2190 sed
665 2157 714 2190 ut
747 2149 839 2190 sine
868 2149 1051 2191 vinculis
1092 2149 1175 2192 sibi
1213 2151 1307 2207 ipsa
1337 2152 1602 2194 moderetur.

144 2205 347 2263 Namque
375 2221 459 2263 ego
490 2207 593 2249 illud
613 2207 824 2249 assentior
845 2205 1166 2264 Theophrasto,
1188 2210 1261 2266 qui
1291 2218 1417 2267 putat
1439 2209 1602 2251 oratio·

142 2278 259 2315 nem,
278 2279 376 2320 quae
399 2264 575 2320 quidem
605 2266 662 2306 sit
685 2265 822 2322 polita
850 2273 981 2321 atque
1003 2264 1120 2307 facta
1149 2267 1490 2323 quodammodO,
1513 2282 1602 2310 non

143 2322 364 2375 adstricte‚
382 2322 456 2364 sed
479 2323 696 2364 remissius
720 2337 993 2365 numerosam
1016 2337 1108 2364 esse
1129 2335 1346 2381 oportere.
1410 2324 1601 2378 Etenim,
1616 2333 1689 2372 185

143 2379 256 2422 sicut
289 2380 360 2421 ille
393 2381 651 2439 suspicatur,
682 2383 722 2415 57
737 2394 792 2423 ex
826 2380 910 2424 illis
939 2381 1097 2435 modis,
1127 2383 1287 2439 quibus
1318 2383 1390 2425 hic
1419 2383 1603 2425 usitatus

142 2495 254 2525 enim.>
286 2495 463 2526 Inventum
485 2499 549 2533 est,
571 2496 758 2536 cognitum,
780 2496 853 2527 ani·
895 2505 1003 2527 unum
1018 2506 1121 2536 genus
1137 2507 1304 2538 versuum,
1320 2500 1355 2530 in
1369 2508 1450 2539 quos
1463 2499 1609 2531 incidere

147 2536 370 2570 madversum:
395 2539 457 2569 nisi
472 2539 651 2570 insititium
666 2545 727 2569 est.
763 2539 854 2571 Nam
895 2540 1069 2580 possimus.

145 2578 283 2618 languet
310 2589 398 2612 sane.
442 2582 590 2613 Omnino
611 2586 704 2612 totus
730 2581 785 2613 hic
807 2582 855 2612 10.
940 2583 981 2612 56
1002 2583 1087 2613 Acioe
1103 2587 1182 2614 sunt
1204 2584 1360 2626 geminoe]
1387 2586 1450 2616 int.
1476 2595 1610 2626 percus·

144 2630 202 2651 eus
225 2631 293 2652 non
307 2623 389 2653 mihi
403 2623 534 2656 videtur
548 2625 656 2657 adhuc
670 2625 854 2669 perpolitus
897 2624 1030 2663 siones3
1053 2625 1109 2656 sed
1133 2630 1249 2658 tamen
1274 2628 1388 2669 paullo
1413 2628 1609 2668 exquisitius

145 2673 227 2694 esse.
898 2667 1025 2698 dictum
1051 2672 1114 2707 est,
1135 2679 1207 2709 pre,
1226 2669 1369 2703 aliorum
1393 2681 1607 2702 numerorum

190 2709 230 2737 55
252 2707 422 2748 versuum]
449 2709 602 2740 Pearcius
628 2720 668 2743 ex
697 2718 765 2742 uno
790 2709 856 2740 Ms.
898 2717 978 2741 sunt
993 2711 1081 2742 binae
1094 2712 1330 2752 percussiones.

147 2748 286 2788 corrig-it
306 2759 419 2781 versus
430 2764 439 2780 .·
465 2761 532 2783 non
548 2752 642 2784 bene.
686 2752 775 2784 Nam
790 2762 858 2783 non
944 2756 983 2787 57
999 2763 1040 2783 ez·
1052 2755 1118 2793 illis
1132 2755 1248 2795 modis]
1264 2756 1365 2797 Vulg.
1379 2759 1410 2786 et
1426 2765 1466 2786 ea·
1480 2757 1548 2786 illis
1563 2766 1608 2787 m.

148 2795 200 2821 est
217 2800 360 2830 necesse,
379 2804 577 2834 quamquam
602 2805 716 2832 versus
732 2796 764 2826 in
791 2795 859 2825 sin·
901 2795 966 2826 Sed
977 2800 1008 2826 et
1022 2797 1064 2827 ab
1077 2797 1231 2828 omnibus
1246 2799 1321 2832 edd.
1340 2803 1421 2831 vett.
1438 2798 1552 2840 ὠθεῖς
1576 2805 1615 2834 et

149 2833 258 2881 gulari
275 2836 438 2874 praecessit
454 2848 464 2874 ;
487 2842 522 2868 et
547 2837 646 2868 unius
671 2838 737 2869 Ms.
763 2838 859 2869 testi-
902 2837 956 2868 bie
967 2838 1064 2880 plane
1080 2839 1251 2873 redundat.

149 2885 302 2910 „ionium
339 2877 391 2909 hic
422 2888 490 2911 non
523 2880 658 2912 suffieit.
701 2880 774 2913 Nec
809 2886 860 2911 est

211 2933 319 2961 vor..
346 2935 378 2962 1.
857 2937 883 2968 E
907 2937 931 2973 ε
