<?xml version="1.0" encoding="UTF-8"?>
<!DOCTYPE html PUBLIC "-//W3C//DTD XHTML 1.0 Transitional//EN"
    "http://www.w3.org/TR/xhtml1/DTD/xhtml1-transitional.dtd">
<html xmlns="http://www.w3.org/1999/xhtml" xml:lang="en" lang="en">
 <head>
  <title>
</title>
<meta http-equiv="Content-Type" content="text/html;charset=utf-8" />
  <meta name='ocr-system' content='tesseract 3.04.00' />
  <meta name='ocr-capabilities' content='ocr_page ocr_carea ocr_par ocr_line ocrx_word'/>
</head>
<body>
  <div class='ocr_page' id='page_1' title='image "./operaomnia01ciceuoft/operaomnia01ciceuoft_0198.png"; bbox 0 0 1945 3235; ppageno 0'>
   <div class='ocr_carea' id='block_1_1' title="bbox 277 159 1787 2147">
    <p class='ocr_par' dir='ltr' id='par_1_1' title="bbox 348 159 1302 201">
     <span class='ocr_line' id='line_1_1' title="bbox 348 159 1302 201; baseline -0.001 -1"><span class='ocrx_word' id='word_1_1' title='bbox 348 164 420 201; x_wconf 65' lang='lat'>1¹26</span> <span class='ocrx_word' id='word_1_2' title='bbox 796 159 878 198; x_wconf 88' lang='lat' dir='ltr'>DE</span> <span class='ocrx_word' id='word_1_3' title='bbox 916 159 1302 199; x_wconf 82' lang='lat' dir='ltr'>INVENTIONE</span> 
     </span>
    </p>

    <p class='ocr_par' dir='ltr' id='par_1_2' title="bbox 345 263 1781 889">
     <span class='ocr_line' id='line_1_2' title="bbox 345 263 1756 321; baseline 0 -15"><span class='ocrx_word' id='word_1_4' title='bbox 345 281 423 307; x_wconf 83' lang='lat' dir='ltr'>nec</span> <span class='ocrx_word' id='word_1_5' title='bbox 457 280 552 321; x_wconf 81' lang='lat' dir='ltr'>pars</span> <span class='ocrx_word' id='word_1_6' title='bbox 591 265 912 306; x_wconf 84' lang='lat' dir='ltr'>constitutionis</span> <span class='ocrx_word' id='word_1_7' title='bbox 945 273 1030 316; x_wconf 78' lang='lat' dir='ltr'>est3</span> <span class='ocrx_word' id='word_1_8' title='bbox 1076 264 1384 306; x_wconf 81' lang='lat' dir='ltr'>demonstratio</span> <span class='ocrx_word' id='word_1_9' title='bbox 1423 271 1466 304; x_wconf 86' lang='lat' dir='ltr'>et</span> <span class='ocrx_word' id='word_1_10' title='bbox 1494 263 1756 316; x_wconf 81' lang='lat' dir='ltr'>deliberatio,</span> 
     </span>
     <span class='ocr_line' id='line_1_3' title="bbox 346 320 1758 377; baseline -0.001 -14"><span class='ocrx_word' id='word_1_11' title='bbox 346 337 485 377; x_wconf 83' lang='lat' dir='ltr'>neque</span> <span class='ocrx_word' id='word_1_12' title='bbox 506 322 773 372; x_wconf 84' lang='lat' dir='ltr'>constitutio,</span> <span class='ocrx_word' id='word_1_13' title='bbox 797 337 874 363; x_wconf 87' lang='lat' dir='ltr'>nec</span> <span class='ocrx_word' id='word_1_14' title='bbox 895 337 988 377; x_wconf 85' lang='lat' dir='ltr'>pars</span> <span class='ocrx_word' id='word_1_15' title='bbox 1003 322 1323 363; x_wconf 81' lang='lat' dir='ltr'>constitutionis</span> <span class='ocrx_word' id='word_1_16' title='bbox 1337 330 1414 362; x_wconf 88' lang='lat' dir='ltr'>est..</span> <span class='ocrx_word' id='word_1_17' title='bbox 1454 320 1497 361; x_wconf 93' lang='lat' dir='ltr'>Si</span> <span class='ocrx_word' id='word_1_18' title='bbox 1514 321 1758 377; x_wconf 85' lang='lat' dir='ltr'>igitureon-·</span> 
     </span>
     <span class='ocr_line' id='line_1_4' title="bbox 349 377 1760 434; baseline 0 -14"><span class='ocrx_word' id='word_1_19' title='bbox 349 381 532 429; x_wconf 84' lang='lat' dir='ltr'>stitutio,</span> <span class='ocrx_word' id='word_1_20' title='bbox 555 390 597 420; x_wconf 86' lang='lat' dir='ltr'>et</span> <span class='ocrx_word' id='word_1_21' title='bbox 618 380 721 434; x_wconf 81' lang='lat' dir='ltr'>ipsa,</span> <span class='ocrx_word' id='word_1_22' title='bbox 744 390 783 419; x_wconf 89' lang='lat' dir='ltr'>et</span> <span class='ocrx_word' id='word_1_23' title='bbox 807 394 900 434; x_wconf 78' lang='lat' dir='ltr'>pars</span> <span class='ocrx_word' id='word_1_24' title='bbox 922 379 1029 432; x_wconf 72' lang='lat' dir='ltr'>ejuS,</span> <span class='ocrx_word' id='word_1_25' title='bbox 1053 379 1300 419; x_wconf 85' lang='lat' dir='ltr'>intentionis</span> <span class='ocrx_word' id='word_1_26' title='bbox 1323 377 1515 434; x_wconf 83' lang='lat' dir='ltr'>depulsio</span> <span class='ocrx_word' id='word_1_27' title='bbox 1537 387 1626 429; x_wconf 82' lang='lat' dir='ltr'>est3</span> <span class='ocrx_word' id='word_1_28' title='bbox 1656 378 1760 420; x_wconf 85' lang='lat' dir='ltr'>deli·-</span> 
     </span>
     <span class='ocr_line' id='line_1_5' title="bbox 348 436 1761 491; baseline -0.001 -14"><span class='ocrx_word' id='word_1_29' title='bbox 348 437 511 477; x_wconf 85' lang='lat' dir='ltr'>beratio</span> <span class='ocrx_word' id='word_1_30' title='bbox 530 447 572 476; x_wconf 90' lang='lat' dir='ltr'>et</span> <span class='ocrx_word' id='word_1_31' title='bbox 593 436 914 485; x_wconf 74' lang='lat' dir='ltr'>demonstratio,</span> <span class='ocrx_word' id='word_1_32' title='bbox 937 449 1074 490; x_wconf 88' lang='lat' dir='ltr'>neque</span> <span class='ocrx_word' id='word_1_33' title='bbox 1095 436 1363 486; x_wconf 86' lang='lat' dir='ltr'>constitutio,</span> <span class='ocrx_word' id='word_1_34' title='bbox 1385 450 1523 490; x_wconf 84' lang='lat' dir='ltr'>neque</span> <span class='ocrx_word' id='word_1_35' title='bbox 1541 449 1636 491; x_wconf 84' lang='lat' dir='ltr'>pars</span> <span class='ocrx_word' id='word_1_36' title='bbox 1658 448 1761 476; x_wconf 81' lang='lat' dir='ltr'>cou-</span> 
     </span>
     <span class='ocr_line' id='line_1_6' title="bbox 347 492 1781 548; baseline -0.001 -14"><span class='ocrx_word' id='word_1_37' title='bbox 347 494 582 534; x_wconf 73' lang='lat' dir='ltr'>stitutionis·</span> <span class='ocrx_word' id='word_1_38' title='bbox 605 503 682 533; x_wconf 78' lang='lat' dir='ltr'>est.</span> <span class='ocrx_word' id='word_1_39' title='bbox 747 492 893 532; x_wconf 83' lang='lat' dir='ltr'>Placet</span> <span class='ocrx_word' id='word_1_40' title='bbox 915 502 1056 532; x_wconf 81' lang='lat' dir='ltr'>autem</span> <span class='ocrx_word' id='word_1_41' title='bbox 1077 493 1172 548; x_wconf 87' lang='lat' dir='ltr'>ipsi,</span> <span class='ocrx_word' id='word_1_42' title='bbox 1195 496 1234 524; x_wconf 71' lang='lat'>28</span> <span class='ocrx_word' id='word_1_43' title='bbox 1248 493 1599 533; x_wconf 76' lang='lat' dir='ltr'>constitutionem</span> <span class='ocrx_word' id='word_1_44' title='bbox 1623 492 1781 532; x_wconf 57' lang='lat' dir='ltr'>intem:</span> 
     </span>
     <span class='ocr_line' id='line_1_7' title="bbox 345 549 1762 605; baseline -0.003 -13"><span class='ocrx_word' id='word_1_45' title='bbox 345 551 476 592; x_wconf 85' lang='lat' dir='ltr'>tionis</span> <span class='ocrx_word' id='word_1_46' title='bbox 499 565 588 591; x_wconf 71' lang='lat' dir='ltr'>esse</span> <span class='ocrx_word' id='word_1_47' title='bbox 606 550 922 604; x_wconf 79' lang='lat' dir='ltr'>depulsionem:</span> <span class='ocrx_word' id='word_1_48' title='bbox 955 549 1121 605; x_wconf 80' lang='lat' dir='ltr'>placeat</span> <span class='ocrx_word' id='word_1_49' title='bbox 1139 550 1271 605; x_wconf 85' lang='lat' dir='ltr'>igitur</span> <span class='ocrx_word' id='word_1_50' title='bbox 1292 559 1476 605; x_wconf 82' lang='lat' dir='ltr'>oportet,</span> <span class='ocrx_word' id='word_1_51' title='bbox 1498 549 1762 590; x_wconf 87' lang='lat' dir='ltr'>demonstra-</span> 
     </span>
     <span class='ocr_line' id='line_1_8' title="bbox 349 605 1763 656; baseline -0.002 -7"><span class='ocrx_word' id='word_1_52' title='bbox 349 609 510 649; x_wconf 81' lang='lat' dir='ltr'>tionem</span> <span class='ocrx_word' id='word_1_53' title='bbox 541 618 582 647; x_wconf 80' lang='lat' dir='ltr'>et</span> <span class='ocrx_word' id='word_1_54' title='bbox 616 606 966 646; x_wconf 69' lang='lat' dir='ltr'>deliberationem</span> <span class='ocrx_word' id='word_1_55' title='bbox 991 609 1126 647; x_wconf 75' lang='lat' dir='ltr'>‘29non</span> <span class='ocrx_word' id='word_1_56' title='bbox 1159 621 1249 647; x_wconf 85' lang='lat' dir='ltr'>esse</span> <span class='ocrx_word' id='word_1_57' title='bbox 1282 605 1650 656; x_wconf 86' lang='lat' dir='ltr'>constitutionem,</span> <span class='ocrx_word' id='word_1_58' title='bbox 1684 618 1763 646; x_wconf 88' lang='lat' dir='ltr'>nec</span> 
     </span>
     <span class='ocr_line' id='line_1_9' title="bbox 349 661 1763 721; baseline -0.002 -16"><span class='ocrx_word' id='word_1_59' title='bbox 349 676 512 721; x_wconf 85' lang='lat' dir='ltr'>partem</span> <span class='ocrx_word' id='word_1_60' title='bbox 536 663 870 704; x_wconf 72' lang='lat' dir='ltr'>constitutionis.</span> <span class='ocrx_word' id='word_1_61' title='bbox 929 661 1122 718; x_wconf 78' lang='lat' dir='ltr'>³0Atque</span> <span class='ocrx_word' id='word_1_62' title='bbox 1145 663 1227 704; x_wconf 88' lang='lat' dir='ltr'>hoe</span> <span class='ocrx_word' id='word_1_63' title='bbox 1245 664 1394 706; x_wconf 88' lang='lat' dir='ltr'>eodem</span> <span class='ocrx_word' id='word_1_64' title='bbox 1417 663 1652 719; x_wconf 81' lang='lat' dir='ltr'>urgebitur,</span> <span class='ocrx_word' id='word_1_65' title='bbox 1675 662 1763 703; x_wconf 88' lang='lat' dir='ltr'>sive</span> 
     </span>
     <span class='ocr_line' id='line_1_10' title="bbox 350 718 1781 775; baseline -0.001 -13"><span class='ocrx_word' id='word_1_66' title='bbox 350 721 717 770; x_wconf 72' lang='lat' dir='ltr'>constitutionem,</span> <span class='ocrx_word' id='word_1_67' title='bbox 743 720 920 775; x_wconf 83' lang='lat' dir='ltr'>primam</span> <span class='ocrx_word' id='word_1_68' title='bbox 943 735 1082 762; x_wconf 78' lang='lat' dir='ltr'>eausa:</span> <span class='ocrx_word' id='word_1_69' title='bbox 1112 721 1370 762; x_wconf 83' lang='lat' dir='ltr'>accusatoris</span> <span class='ocrx_word' id='word_1_70' title='bbox 1393 718 1781 761; x_wconf 68' lang='lat' dir='ltr'>confirmationem‘-</span> 
     </span>
     <span class='ocr_line' id='line_1_11' title="bbox 352 777 1765 834; baseline -0.002 -15"><span class='ocrx_word' id='word_1_71' title='bbox 352 778 523 827; x_wconf 81' lang='lat' dir='ltr'>dixerit,</span> <span class='ocrx_word' id='word_1_72' title='bbox 555 777 642 817; x_wconf 77' lang='lat' dir='ltr'>sive</span> <span class='ocrx_word' id='word_1_73' title='bbox 672 777 905 818; x_wconf 84' lang='lat' dir='ltr'>defensoris</span> <span class='ocrx_word' id='word_1_74' title='bbox 939 777 1119 832; x_wconf 87' lang='lat' dir='ltr'>primam</span> <span class='ocrx_word' id='word_1_75' title='bbox 1149 778 1507 834; x_wconf 86' lang='lat' dir='ltr'>deprecationem.</span> <span class='ocrx_word' id='word_1_76' title='bbox 1539 791 1637 817; x_wconf 87' lang='lat' dir='ltr'>uam</span> <span class='ocrx_word' id='word_1_77' title='bbox 1667 790 1765 817; x_wconf 87' lang='lat' dir='ltr'>eum</span> 
     </span>
     <span class='ocr_line' id='line_1_12' title="bbox 354 834 1228 889; baseline 0 -13"><span class='ocrx_word' id='word_1_78' title='bbox 354 836 498 876; x_wconf 81' lang='lat' dir='ltr'>eadem</span> <span class='ocrx_word' id='word_1_79' title='bbox 523 834 667 875; x_wconf 88' lang='lat' dir='ltr'>omnia</span> <span class='ocrx_word' id='word_1_80' title='bbox 692 834 964 875; x_wconf 87' lang='lat' dir='ltr'>incommoda</span> <span class='ocrx_word' id='word_1_81' title='bbox 986 844 1228 889; x_wconf 86' lang='lat' dir='ltr'>sequentur.</span> 
     </span>
    </p>

    <p class='ocr_par' dir='ltr' id='par_1_3' title="bbox 277 890 1787 1805">
     <span class='ocr_line' id='line_1_13' title="bbox 415 890 1763 948; baseline -0.001 -16"><span class='ocrx_word' id='word_1_82' title='bbox 415 891 579 932; x_wconf 82' lang='lat' dir='ltr'>Deinde</span> <span class='ocrx_word' id='word_1_83' title='bbox 613 890 911 946; x_wconf 80' lang='lat' dir='ltr'>conjecturalis</span> <span class='ocrx_word' id='word_1_84' title='bbox 944 905 1072 931; x_wconf 85' lang='lat' dir='ltr'>causa</span> <span class='ocrx_word' id='word_1_85' title='bbox 1102 906 1187 932; x_wconf 87' lang='lat' dir='ltr'>non</span> <span class='ocrx_word' id='word_1_86' title='bbox 1218 900 1359 948; x_wconf 90' lang='lat' dir='ltr'>potest</span> <span class='ocrx_word' id='word_1_87' title='bbox 1389 891 1513 932; x_wconf 89' lang='lat' dir='ltr'>simul</span> <span class='ocrx_word' id='word_1_88' title='bbox 1542 905 1596 931; x_wconf 84' lang='lat' dir='ltr'>ex</span> <span class='ocrx_word' id='word_1_89' title='bbox 1618 891 1763 932; x_wconf 84' lang='lat' dir='ltr'>eadem</span> 
     </span>
     <span class='ocr_line' id='line_1_14' title="bbox 355 948 1765 1004; baseline -0.001 -15"><span class='ocrx_word' id='word_1_90' title='bbox 355 960 487 1004; x_wconf 83' lang='lat' dir='ltr'>parte,</span> <span class='ocrx_word' id='word_1_91' title='bbox 509 948 659 989; x_wconf 90' lang='lat' dir='ltr'>eodem</span> <span class='ocrx_word' id='word_1_92' title='bbox 687 949 729 988; x_wconf 90' lang='lat' dir='ltr'>in</span> <span class='ocrx_word' id='word_1_93' title='bbox 753 961 920 1003; x_wconf 82' lang='lat' dir='ltr'>genere,</span> <span class='ocrx_word' id='word_1_94' title='bbox 943 956 986 987; x_wconf 84' lang='lat' dir='ltr'>et</span> <span class='ocrx_word' id='word_1_95' title='bbox 1015 948 1314 1003; x_wconf 88' lang='lat' dir='ltr'>conjecturalis</span> <span class='ocrx_word' id='word_1_96' title='bbox 1344 963 1434 990; x_wconf 87' lang='lat' dir='ltr'>esse</span> <span class='ocrx_word' id='word_1_97' title='bbox 1465 958 1509 990; x_wconf 86' lang='lat' dir='ltr'>et</span> <span class='ocrx_word' id='word_1_98' title='bbox 1530 948 1765 989; x_wconf 83' lang='lat' dir='ltr'>definitiva.</span> 
     </span>
     <span class='ocr_line' id='line_1_15' title="bbox 356 1005 1766 1061; baseline -0.001 -16"><span class='ocrx_word' id='word_1_99' title='bbox 356 1007 518 1046; x_wconf 78' lang='lat' dir='ltr'>Rursus</span> <span class='ocrx_word' id='word_1_100' title='bbox 549 1020 626 1045; x_wconf 89' lang='lat' dir='ltr'>nec</span> <span class='ocrx_word' id='word_1_101' title='bbox 657 1005 878 1045; x_wconf 86' lang='lat' dir='ltr'>definitiva</span> <span class='ocrx_word' id='word_1_102' title='bbox 910 1019 1036 1045; x_wconf 84' lang='lat' dir='ltr'>causa</span> <span class='ocrx_word' id='word_1_103' title='bbox 1068 1014 1210 1061; x_wconf 88' lang='lat' dir='ltr'>potest</span> <span class='ocrx_word' id='word_1_104' title='bbox 1241 1006 1366 1046; x_wconf 91' lang='lat' dir='ltr'>simul</span> <span class='ocrx_word' id='word_1_105' title='bbox 1386 1020 1439 1046; x_wconf 84' lang='lat' dir='ltr'>ex</span> <span class='ocrx_word' id='word_1_106' title='bbox 1462 1006 1610 1046; x_wconf 85' lang='lat' dir='ltr'>eadem</span> <span class='ocrx_word' id='word_1_107' title='bbox 1632 1014 1766 1061; x_wconf 84' lang='lat' dir='ltr'>parte,</span> 
     </span>
     <span class='ocr_line' id='line_1_16' title="bbox 353 1061 1768 1117; baseline -0.001 -13"><span class='ocrx_word' id='word_1_108' title='bbox 353 1063 503 1104; x_wconf 89' lang='lat' dir='ltr'>eodem</span> <span class='ocrx_word' id='word_1_109' title='bbox 526 1062 568 1102; x_wconf 90' lang='lat' dir='ltr'>in</span> <span class='ocrx_word' id='word_1_110' title='bbox 592 1076 760 1117; x_wconf 81' lang='lat' dir='ltr'>genere,</span> <span class='ocrx_word' id='word_1_111' title='bbox 780 1072 823 1102; x_wconf 91' lang='lat' dir='ltr'>et</span> <span class='ocrx_word' id='word_1_112' title='bbox 853 1061 1075 1102; x_wconf 79' lang='lat' dir='ltr'>definitiva</span> <span class='ocrx_word' id='word_1_113' title='bbox 1104 1076 1195 1103; x_wconf 87' lang='lat' dir='ltr'>esse</span> <span class='ocrx_word' id='word_1_114' title='bbox 1217 1072 1261 1103; x_wconf 88' lang='lat' dir='ltr'>et</span> <span class='ocrx_word' id='word_1_115' title='bbox 1282 1062 1542 1103; x_wconf 84' lang='lat' dir='ltr'>translativa.</span> <span class='ocrx_word' id='word_1_116' title='bbox 1603 1061 1659 1103; x_wconf 88' lang='lat' dir='ltr'>Et</span> <span class='ocrx_word' id='word_1_117' title='bbox 1676 1076 1768 1103; x_wconf 89' lang='lat' dir='ltr'>om-</span> 
     </span>
     <span class='ocr_line' id='line_1_17' title="bbox 354 1117 1769 1175; baseline -0.001 -15"><span class='ocrx_word' id='word_1_118' title='bbox 354 1121 456 1160; x_wconf 89' lang='lat' dir='ltr'>nino</span> <span class='ocrx_word' id='word_1_119' title='bbox 479 1120 594 1160; x_wconf 80' lang='lat' dir='ltr'>nulla</span> <span class='ocrx_word' id='word_1_120' title='bbox 619 1119 886 1169; x_wconf 76' lang='lat' dir='ltr'>constitutio,</span> <span class='ocrx_word' id='word_1_121' title='bbox 910 1133 987 1159; x_wconf 87' lang='lat' dir='ltr'>uec</span> <span class='ocrx_word' id='word_1_122' title='bbox 1010 1134 1105 1174; x_wconf 84' lang='lat' dir='ltr'>pars</span> <span class='ocrx_word' id='word_1_123' title='bbox 1124 1119 1460 1170; x_wconf 84' lang='lat' dir='ltr'>constitutionis,</span> <span class='ocrx_word' id='word_1_124' title='bbox 1481 1128 1623 1175; x_wconf 87' lang='lat' dir='ltr'>potest</span> <span class='ocrx_word' id='word_1_125' title='bbox 1643 1117 1769 1159; x_wconf 90' lang='lat' dir='ltr'>simul</span> 
     </span>
     <span class='ocr_line' id='line_1_18' title="bbox 353 1175 1768 1230; baseline -0.001 -13"><span class='ocrx_word' id='word_1_126' title='bbox 353 1188 394 1217; x_wconf 90' lang='lat' dir='ltr'>et</span> <span class='ocrx_word' id='word_1_127' title='bbox 429 1192 547 1217; x_wconf 86' lang='lat' dir='ltr'>suam</span> <span class='ocrx_word' id='word_1_128' title='bbox 572 1176 741 1227; x_wconf 85' lang='lat' dir='ltr'>habere,</span> <span class='ocrx_word' id='word_1_129' title='bbox 763 1186 806 1217; x_wconf 89' lang='lat' dir='ltr'>et</span> <span class='ocrx_word' id='word_1_130' title='bbox 829 1176 999 1216; x_wconf 84' lang='lat' dir='ltr'>alterius</span> <span class='ocrx_word' id='word_1_131' title='bbox 1021 1177 1065 1216; x_wconf 90' lang='lat' dir='ltr'>in</span> <span class='ocrx_word' id='word_1_132' title='bbox 1088 1192 1131 1218; x_wconf 89' lang='lat' dir='ltr'>se</span> <span class='ocrx_word' id='word_1_133' title='bbox 1154 1178 1240 1217; x_wconf 79' lang='lat' dir='ltr'>vim</span> <span class='ocrx_word' id='word_1_134' title='bbox 1263 1177 1503 1218; x_wconf 88' lang='lat' dir='ltr'>continere:</span> <span class='ocrx_word' id='word_1_135' title='bbox 1536 1176 1633 1218; x_wconf 89' lang='lat' dir='ltr'>ideo</span> <span class='ocrx_word' id='word_1_136' title='bbox 1654 1175 1768 1230; x_wconf 90' lang='lat' dir='ltr'>quod</span> 
     </span>
     <span class='ocr_line' id='line_1_19' title="bbox 355 1231 1770 1290; baseline -0.001 -16"><span class='ocrx_word' id='word_1_137' title='bbox 355 1248 622 1289; x_wconf 60' lang='lat' dir='ltr'>unaquaeque</span> <span class='ocrx_word' id='word_1_138' title='bbox 657 1248 712 1274; x_wconf 81' lang='lat' dir='ltr'>ex</span> <span class='ocrx_word' id='word_1_139' title='bbox 755 1248 812 1283; x_wconf 89' lang='lat' dir='ltr'>se,</span> <span class='ocrx_word' id='word_1_140' title='bbox 851 1243 893 1273; x_wconf 88' lang='lat' dir='ltr'>et</span> <span class='ocrx_word' id='word_1_141' title='bbox 923 1248 977 1273; x_wconf 82' lang='lat' dir='ltr'>ex</span> <span class='ocrx_word' id='word_1_142' title='bbox 1017 1249 1092 1274; x_wconf 85' lang='lat' dir='ltr'>sua</span> <span class='ocrx_word' id='word_1_143' title='bbox 1132 1245 1296 1285; x_wconf 86' lang='lat' dir='ltr'>natura,</span> <span class='ocrx_word' id='word_1_144' title='bbox 1339 1233 1590 1290; x_wconf 86' lang='lat' dir='ltr'>simpliciter</span> <span class='ocrx_word' id='word_1_145' title='bbox 1630 1231 1770 1274; x_wconf 91' lang='lat' dir='ltr'>consi-</span> 
     </span>
     <span class='ocr_line' id='line_1_20' title="bbox 353 1289 1778 1346; baseline -0.002 -14"><span class='ocrx_word' id='word_1_146' title='bbox 353 1292 544 1332; x_wconf 83' lang='lat' dir='ltr'>deratur:</span> <span class='ocrx_word' id='word_1_147' title='bbox 578 1290 708 1331; x_wconf 80' lang='lat' dir='ltr'>altera</span> <span class='ocrx_word' id='word_1_148' title='bbox 737 1300 937 1340; x_wconf 79' lang='lat' dir='ltr'>assumta,</span> <span class='ocrx_word' id='word_1_149' title='bbox 960 1305 1158 1332; x_wconf 79' lang='lat' dir='ltr'>numerus</span> <span class='ocrx_word' id='word_1_150' title='bbox 1190 1290 1546 1333; x_wconf 87' lang='lat' dir='ltr'>constitutionum</span> <span class='ocrx_word' id='word_1_151' title='bbox 1580 1289 1778 1346; x_wconf 48' lang='lat' dir='ltr'>duplica-⁴</span> 
     </span>
     <span class='ocr_line' id='line_1_21' title="bbox 356 1347 1775 1404; baseline -0.001 -16"><span class='ocrx_word' id='word_1_152' title='bbox 356 1359 436 1398; x_wconf 90' lang='lat' dir='ltr'>tur,</span> <span class='ocrx_word' id='word_1_153' title='bbox 461 1363 544 1388; x_wconf 91' lang='lat' dir='ltr'>non</span> <span class='ocrx_word' id='word_1_154' title='bbox 570 1348 630 1388; x_wconf 77' lang='lat' dir='ltr'>vis</span> <span class='ocrx_word' id='word_1_155' title='bbox 652 1347 973 1388; x_wconf 82' lang='lat' dir='ltr'>constitutionis</span> <span class='ocrx_word' id='word_1_156' title='bbox 1004 1358 1199 1404; x_wconf 87' lang='lat' dir='ltr'>augetur.</span> <span class='ocrx_word' id='word_1_157' title='bbox 1257 1348 1318 1389; x_wconf 85' lang='lat' dir='ltr'>At</span> <span class='ocrx_word' id='word_1_158' title='bbox 1347 1348 1626 1390; x_wconf 81' lang='lat' dir='ltr'>deliberativa</span> <span class='ocrx_word' id='word_1_159' title='bbox 1645 1360 1775 1388; x_wconf 85' lang='lat' dir='ltr'>causa</span> 
     </span>
     <span class='ocr_line' id='line_1_22' title="bbox 355 1404 1787 1461; baseline -0.001 -16"><span class='ocrx_word' id='word_1_160' title='bbox 355 1405 480 1446; x_wconf 79' lang='lat' dir='ltr'>simul</span> <span class='ocrx_word' id='word_1_161' title='bbox 510 1419 563 1445; x_wconf 81' lang='lat' dir='ltr'>ex</span> <span class='ocrx_word' id='word_1_162' title='bbox 587 1405 732 1445; x_wconf 82' lang='lat' dir='ltr'>eadem</span> <span class='ocrx_word' id='word_1_163' title='bbox 768 1416 901 1460; x_wconf 84' lang='lat' dir='ltr'>parte,</span> <span class='ocrx_word' id='word_1_164' title='bbox 924 1405 1075 1446; x_wconf 83' lang='lat' dir='ltr'>eodem</span> <span class='ocrx_word' id='word_1_165' title='bbox 1106 1406 1149 1446; x_wconf 88' lang='lat' dir='ltr'>in</span> <span class='ocrx_word' id='word_1_166' title='bbox 1172 1420 1340 1461; x_wconf 84' lang='lat' dir='ltr'>genere,</span> <span class='ocrx_word' id='word_1_167' title='bbox 1363 1415 1407 1446; x_wconf 89' lang='lat' dir='ltr'>et</span> <span class='ocrx_word' id='word_1_168' title='bbox 1423 1404 1787 1460; x_wconf 85' lang='lat' dir='ltr'>conjecturalem,-</span> 
     </span>
     <span class='ocr_line' id='line_1_23' title="bbox 356 1461 1773 1518; baseline -0.002 -15"><span class='ocrx_word' id='word_1_169' title='bbox 356 1473 398 1503; x_wconf 91' lang='lat' dir='ltr'>et</span> <span class='ocrx_word' id='word_1_170' title='bbox 429 1462 683 1518; x_wconf 79' lang='lat' dir='ltr'>generalem,</span> <span class='ocrx_word' id='word_1_171' title='bbox 706 1470 748 1502; x_wconf 88' lang='lat' dir='ltr'>et</span> <span class='ocrx_word' id='word_1_172' title='bbox 781 1461 1061 1513; x_wconf 81' lang='lat' dir='ltr'>definitivam,</span> <span class='ocrx_word' id='word_1_173' title='bbox 1083 1471 1127 1503; x_wconf 89' lang='lat' dir='ltr'>et</span> <span class='ocrx_word' id='word_1_174' title='bbox 1159 1463 1450 1504; x_wconf 86' lang='lat' dir='ltr'>translativam</span> <span class='ocrx_word' id='word_1_175' title='bbox 1481 1462 1588 1503; x_wconf 90' lang='lat' dir='ltr'>solet</span> <span class='ocrx_word' id='word_1_176' title='bbox 1616 1461 1773 1502; x_wconf 86' lang='lat' dir='ltr'>habere</span> 
     </span>
     <span class='ocr_line' id='line_1_24' title="bbox 356 1519 1772 1577; baseline -0.002 -17"><span class='ocrx_word' id='word_1_177' title='bbox 356 1520 724 1569; x_wconf 79' lang='lat' dir='ltr'>constitutionem,</span> <span class='ocrx_word' id='word_1_178' title='bbox 749 1529 792 1559; x_wconf 92' lang='lat' dir='ltr'>et</span> <span class='ocrx_word' id='word_1_179' title='bbox 814 1533 940 1559; x_wconf 85' lang='lat' dir='ltr'>unam</span> <span class='ocrx_word' id='word_1_180' title='bbox 963 1519 1206 1574; x_wconf 85' lang='lat' dir='ltr'>aliquando,</span> <span class='ocrx_word' id='word_1_181' title='bbox 1227 1532 1271 1561; x_wconf 85' lang='lat' dir='ltr'>et</span> <span class='ocrx_word' id='word_1_182' title='bbox 1290 1521 1428 1577; x_wconf 85' lang='lat' dir='ltr'>plures</span> <span class='ocrx_word' id='word_1_183' title='bbox 1449 1531 1772 1573; x_wconf 86' lang='lat' dir='ltr'>nonnunquam.</span> 
     </span>
     <span class='ocr_line' id='line_1_25' title="bbox 357 1574 1773 1633; baseline -0.001 -17"><span class='ocrx_word' id='word_1_184' title='bbox 357 1591 459 1632; x_wconf 87' lang='lat' dir='ltr'>ergo</span> <span class='ocrx_word' id='word_1_185' title='bbox 483 1577 573 1632; x_wconf 87' lang='lat' dir='ltr'>ipsa</span> <span class='ocrx_word' id='word_1_186' title='bbox 596 1591 674 1617; x_wconf 86' lang='lat' dir='ltr'>nec</span> <span class='ocrx_word' id='word_1_187' title='bbox 693 1576 945 1616; x_wconf 88' lang='lat' dir='ltr'>constitutio</span> <span class='ocrx_word' id='word_1_188' title='bbox 968 1586 1046 1626; x_wconf 83' lang='lat' dir='ltr'>est,</span> <span class='ocrx_word' id='word_1_189' title='bbox 1060 1591 1138 1618; x_wconf 86' lang='lat' dir='ltr'>nec</span> <span class='ocrx_word' id='word_1_190' title='bbox 1160 1592 1255 1633; x_wconf 83' lang='lat' dir='ltr'>pars</span> <span class='ocrx_word' id='word_1_191' title='bbox 1277 1577 1612 1619; x_wconf 86' lang='lat' dir='ltr'>constitutionis.</span> <span class='ocrx_word' id='word_1_192' title='bbox 1653 1574 1773 1616; x_wconf 85' lang='lat' dir='ltr'>Idem</span> 
     </span>
     <span class='ocr_line' id='line_1_26' title="bbox 357 1633 1776 1689; baseline -0.002 -15"><span class='ocrx_word' id='word_1_193' title='bbox 357 1634 399 1674; x_wconf 92' lang='lat' dir='ltr'>in</span> <span class='ocrx_word' id='word_1_194' title='bbox 433 1633 795 1674; x_wconf 65' lang='lat' dir='ltr'>demonstratione</span> <span class='ocrx_word' id='word_1_195' title='bbox 829 1633 935 1674; x_wconf 84' lang='lat' dir='ltr'>solet</span> <span class='ocrx_word' id='word_1_196' title='bbox 955 1637 1088 1674; x_wconf 85' lang='lat' dir='ltr'>3¹usu</span> <span class='ocrx_word' id='word_1_197' title='bbox 1118 1635 1301 1676; x_wconf 85' lang='lat' dir='ltr'>evenire.</span> <span class='ocrx_word' id='word_1_198' title='bbox 1363 1634 1534 1676; x_wconf 83' lang='lat' dir='ltr'>Genera</span> <span class='ocrx_word' id='word_1_199' title='bbox 1554 1634 1700 1689; x_wconf 84' lang='lat' dir='ltr'>igitur,</span> <span class='ocrx_word' id='word_1_200' title='bbox 1727 1640 1776 1672; x_wconf 88' lang='lat' dir='ltr'>ut</span> 
     </span>
     <span class='ocr_line' id='line_1_27' title="bbox 356 1688 1777 1748; baseline -0.001 -18"><span class='ocrx_word' id='word_1_201' title='bbox 356 1701 454 1731; x_wconf 85' lang='lat' dir='ltr'>ante</span> <span class='ocrx_word' id='word_1_202' title='bbox 476 1691 678 1741; x_wconf 83' lang='lat' dir='ltr'>diximus,</span> <span class='ocrx_word' id='word_1_203' title='bbox 703 1691 795 1731; x_wconf 78' lang='lat' dir='ltr'>liaee</span> <span class='ocrx_word' id='word_1_204' title='bbox 826 1705 1048 1731; x_wconf 78' lang='lat' dir='ltr'>causarum</span> <span class='ocrx_word' id='word_1_205' title='bbox 1078 1692 1269 1748; x_wconf 83' lang='lat' dir='ltr'>putanda</span> <span class='ocrx_word' id='word_1_206' title='bbox 1298 1701 1410 1742; x_wconf 86' lang='lat' dir='ltr'>sunt,</span> <span class='ocrx_word' id='word_1_207' title='bbox 1432 1706 1519 1732; x_wconf 90' lang='lat' dir='ltr'>non</span> <span class='ocrx_word' id='word_1_208' title='bbox 1541 1698 1682 1746; x_wconf 84' lang='lat' dir='ltr'>partes</span> <span class='ocrx_word' id='word_1_209' title='bbox 1700 1688 1777 1729; x_wconf 84' lang='lat' dir='ltr'>ali-</span> 
     </span>
     <span class='ocr_line' id='line_1_28' title="bbox 277 1740 1778 1805; baseline -0.001 -18"><span class='ocrx_word' id='word_1_210' title='bbox 277 1740 338 1787; x_wconf 80' lang='grc'>11</span> <span class='ocrx_word' id='word_1_211' title='bbox 356 1748 479 1802; x_wconf 73' lang='lat' dir='ltr'>eujus</span> <span class='ocrx_word' id='word_1_212' title='bbox 501 1748 838 1788; x_wconf 84' lang='lat' dir='ltr'>constitutionis.</span> <span class='ocrx_word' id='word_1_213' title='bbox 899 1748 1011 1789; x_wconf 78' lang='lat' dir='ltr'>Haec</span> <span class='ocrx_word' id='word_1_214' title='bbox 1033 1763 1136 1805; x_wconf 88' lang='lat' dir='ltr'>ergo</span> <span class='ocrx_word' id='word_1_215' title='bbox 1159 1749 1427 1800; x_wconf 88' lang='lat' dir='ltr'>constitutio,</span> <span class='ocrx_word' id='word_1_216' title='bbox 1449 1762 1578 1803; x_wconf 84' lang='lat' dir='ltr'>quam</span> <span class='ocrx_word' id='word_1_217' title='bbox 1601 1759 1778 1803; x_wconf 85' lang='lat' dir='ltr'>genera-</span> 
     </span>
    </p>

    <p class='ocr_par' dir='ltr' id='par_1_4' title="bbox 355 1802 1777 1860">
     <span class='ocr_line' id='line_1_29' title="bbox 355 1802 1777 1860; baseline -0.002 -14"><span class='ocrx_word' id='word_1_218' title='bbox 355 1805 438 1846; x_wconf 88' lang='lat' dir='ltr'>lem</span> <span class='ocrx_word' id='word_1_219' title='bbox 469 1805 754 1854; x_wconf 85' lang='lat' dir='ltr'>nominamus,</span> <span class='ocrx_word' id='word_1_220' title='bbox 779 1815 917 1860; x_wconf 79' lang='lat' dir='ltr'>purtes</span> <span class='ocrx_word' id='word_1_221' title='bbox 947 1805 1072 1845; x_wconf 90' lang='lat' dir='ltr'>nobis</span> <span class='ocrx_word' id='word_1_222' title='bbox 1102 1806 1271 1847; x_wconf 88' lang='lat' dir='ltr'>videtur</span> <span class='ocrx_word' id='word_1_223' title='bbox 1300 1806 1404 1847; x_wconf 86' lang='lat' dir='ltr'>duas</span> <span class='ocrx_word' id='word_1_224' title='bbox 1434 1802 1777 1858; x_wconf 85' lang='lat' dir='ltr'>habere‚juridi-</span> 
     </span>
    </p>

    <p class='ocr_par' dir='ltr' id='par_1_5' title="bbox 296 1859 1778 2147">
     <span class='ocr_line' id='line_1_30' title="bbox 357 1859 1777 1918; baseline -0.001 -16"><span class='ocrx_word' id='word_1_225' title='bbox 357 1862 523 1912; x_wconf 82' lang='lat' dir='ltr'>eiaiem,</span> <span class='ocrx_word' id='word_1_226' title='bbox 546 1872 588 1902; x_wconf 90' lang='lat' dir='ltr'>et</span> <span class='ocrx_word' id='word_1_227' title='bbox 611 1863 885 1917; x_wconf 86' lang='lat' dir='ltr'>negotialem.</span> <span class='ocrx_word' id='word_1_228' title='bbox 945 1862 1210 1904; x_wconf 71' lang='lat' dir='ltr'>,Juridicialis</span> <span class='ocrx_word' id='word_1_229' title='bbox 1234 1871 1312 1914; x_wconf 88' lang='lat' dir='ltr'>est,</span> <span class='ocrx_word' id='word_1_230' title='bbox 1332 1864 1375 1904; x_wconf 89' lang='lat' dir='ltr'>in</span> <span class='ocrx_word' id='word_1_231' title='bbox 1396 1877 1482 1918; x_wconf 87' lang='lat' dir='ltr'>qua</span> <span class='ocrx_word' id='word_1_232' title='bbox 1498 1861 1611 1916; x_wconf 86' lang='lat' dir='ltr'>aequi</span> <span class='ocrx_word' id='word_1_233' title='bbox 1633 1869 1677 1901; x_wconf 85' lang='lat' dir='ltr'>et</span> <span class='ocrx_word' id='word_1_234' title='bbox 1696 1859 1777 1900; x_wconf 89' lang='lat' dir='ltr'>ini-</span> 
     </span>
     <span class='ocr_line' id='line_1_31' title="bbox 355 1916 1778 1976; baseline -0.001 -18"><span class='ocrx_word' id='word_1_235' title='bbox 355 1919 428 1974; x_wconf 91' lang='lat' dir='ltr'>qui</span> <span class='ocrx_word' id='word_1_236' title='bbox 454 1929 619 1969; x_wconf 84' lang='lat' dir='ltr'>natura,</span> <span class='ocrx_word' id='word_1_237' title='bbox 641 1922 681 1950; x_wconf 68' lang='lat'>32¹</span> <span class='ocrx_word' id='word_1_238' title='bbox 694 1919 874 1975; x_wconf 75' lang='lat' dir='ltr'>praemii,</span> <span class='ocrx_word' id='word_1_239' title='bbox 897 1930 971 1960; x_wconf 85' lang='lat' dir='ltr'>aut</span> <span class='ocrx_word' id='word_1_240' title='bbox 995 1934 1139 1975; x_wconf 85' lang='lat' dir='ltr'>poenae</span> <span class='ocrx_word' id='word_1_241' title='bbox 1158 1920 1267 1961; x_wconf 82' lang='lat' dir='ltr'>ratio</span> <span class='ocrx_word' id='word_1_242' title='bbox 1289 1921 1519 1976; x_wconf 87' lang='lat' dir='ltr'>quaeritur:</span> <span class='ocrx_word' id='word_1_243' title='bbox 1550 1916 1778 1974; x_wconf 85' lang='lat' dir='ltr'>negotialis</span> 
     </span>
     <span class='ocr_line' id='line_1_32' title="bbox 357 1975 1778 2032; baseline -0.002 -16"><span class='ocrx_word' id='word_1_244' title='bbox 357 1987 435 2026; x_wconf 81' lang='lat' dir='ltr'>est,</span> <span class='ocrx_word' id='word_1_245' title='bbox 460 1976 500 2016; x_wconf 90' lang='lat' dir='ltr'>in</span> <span class='ocrx_word' id='word_1_246' title='bbox 526 1992 624 2031; x_wconf 86' lang='lat' dir='ltr'>qua,</span> <span class='ocrx_word' id='word_1_247' title='bbox 647 1976 748 2030; x_wconf 80' lang='lat' dir='ltr'>quid</span> <span class='ocrx_word' id='word_1_248' title='bbox 765 1975 876 2030; x_wconf 78' lang='lat' dir='ltr'>juris</span> <span class='ocrx_word' id='word_1_249' title='bbox 907 1992 961 2017; x_wconf 80' lang='lat' dir='ltr'>cx</span> <span class='ocrx_word' id='word_1_250' title='bbox 984 1977 1099 2017; x_wconf 82' lang='lat' dir='ltr'>civili</span> <span class='ocrx_word' id='word_1_251' title='bbox 1131 1991 1264 2028; x_wconf 87' lang='lat' dir='ltr'>more,</span> <span class='ocrx_word' id='word_1_252' title='bbox 1285 1988 1329 2018; x_wconf 90' lang='lat' dir='ltr'>et</span> <span class='ocrx_word' id='word_1_253' title='bbox 1351 1977 1554 2032; x_wconf 81' lang='lat' dir='ltr'>aequitate</span> <span class='ocrx_word' id='word_1_254' title='bbox 1576 1975 1644 2026; x_wconf 85' lang='lat' dir='ltr'>sit,</span> <span class='ocrx_word' id='word_1_255' title='bbox 1675 1988 1778 2015; x_wconf 88' lang='lat' dir='ltr'>con-</span> 
     </span>
     <span class='ocr_line' id='line_1_33' title="bbox 359 2030 1778 2090; baseline -0.002 -18"><span class='ocrx_word' id='word_1_256' title='bbox 359 2034 591 2073; x_wconf 83' lang='lat' dir='ltr'>sideratur:</span> <span class='ocrx_word' id='word_1_257' title='bbox 624 2033 693 2074; x_wconf 87' lang='lat' dir='ltr'>cui</span> <span class='ocrx_word' id='word_1_258' title='bbox 733 2033 970 2089; x_wconf 81' lang='lat' dir='ltr'>diligentiae</span> <span class='ocrx_word' id='word_1_259' title='bbox 1010 2048 1191 2089; x_wconf 85' lang='lat' dir='ltr'>praeesse</span> <span class='ocrx_word' id='word_1_260' title='bbox 1224 2034 1337 2090; x_wconf 82' lang='lat' dir='ltr'>apud</span> <span class='ocrx_word' id='word_1_261' title='bbox 1369 2048 1448 2075; x_wconf 87' lang='lat' dir='ltr'>nos</span> <span class='ocrx_word' id='word_1_262' title='bbox 1478 2030 1778 2088; x_wconf 83' lang='lat' dir='ltr'>jurisconsulti</span> 
     </span>
     <span class='ocr_line' id='line_1_34' title="bbox 296 2087 1778 2147; baseline -0.002 -18"><span class='ocrx_word' id='word_1_263' title='bbox 296 2096 342 2128; x_wconf 85' lang='lat'>15</span> <span class='ocrx_word' id='word_1_264' title='bbox 357 2090 672 2130; x_wconf 84' lang='lat' dir='ltr'>existimantur.</span> <span class='ocrx_word' id='word_1_265' title='bbox 733 2089 797 2130; x_wconf 84' lang='lat' dir='ltr'>Ac</span> <span class='ocrx_word' id='word_1_266' title='bbox 821 2090 1078 2144; x_wconf 74' lang='lat' dir='ltr'>juridicialis</span> <span class='ocrx_word' id='word_1_267' title='bbox 1100 2091 1274 2146; x_wconf 87' lang='lat' dir='ltr'>quidem</span> <span class='ocrx_word' id='word_1_268' title='bbox 1303 2091 1396 2147; x_wconf 85' lang='lat' dir='ltr'>ipsa</span> <span class='ocrx_word' id='word_1_269' title='bbox 1424 2091 1468 2130; x_wconf 90' lang='lat' dir='ltr'>in</span> <span class='ocrx_word' id='word_1_270' title='bbox 1501 2089 1604 2130; x_wconf 87' lang='lat' dir='ltr'>duas</span> <span class='ocrx_word' id='word_1_271' title='bbox 1635 2087 1778 2127; x_wconf 81' lang='lat' dir='ltr'>distri-</span> 
     </span>
    </p>
   </div>
   <div class='ocr_carea' id='block_1_2' title="bbox 295 900 340 932">
    <p class='ocr_par' dir='ltr' id='par_1_6' title="bbox 295 900 340 932">
     <span class='ocr_line' id='line_1_35' title="bbox 295 900 340 932; baseline -0.044 0"><span class='ocrx_word' id='word_1_272' title='bbox 295 900 340 932; x_wconf 75' lang='lat'>14</span> 
     </span>
    </p>
   </div>
   <div class='ocr_carea' id='block_1_3' title="bbox 393 2213 1043 2253">
    <p class='ocr_par' dir='ltr' id='par_1_7' title="bbox 393 2213 1043 2253">
     <span class='ocr_line' id='line_1_36' title="bbox 393 2213 1043 2253; baseline 0.002 -9"><span class='ocrx_word' id='word_1_273' title='bbox 393 2216 432 2244; x_wconf 73' lang='lat'>98</span> <span class='ocrx_word' id='word_1_274' title='bbox 453 2213 713 2244; x_wconf 57' lang='lat' dir='ltr'>&amp;mutationem</span> <span class='ocrx_word' id='word_1_275' title='bbox 726 2215 819 2244; x_wconf 57' lang='lat' dir='ltr'>ime.</span> <span class='ocrx_word' id='word_1_276' title='bbox 833 2213 878 2253; x_wconf 69' lang='lat' dir='ltr'>cL]</span> <span class='ocrx_word' id='word_1_277' title='bbox 896 2214 1043 2245; x_wconf 87' lang='lat' dir='ltr'>Primum</span> 
     </span>
    </p>
   </div>
   <div class='ocr_carea' id='block_1_4' title="bbox 351 2211 1780 2287">
    <p class='ocr_par' dir='ltr' id='par_1_8' title="bbox 351 2211 1780 2287">
     <span class='ocr_line' id='line_1_37' title="bbox 1086 2211 1780 2253; baseline -0.004 -10"><span class='ocrx_word' id='word_1_278' title='bbox 1086 2215 1172 2246; x_wconf 76' lang='lat' dir='ltr'>forte</span> <span class='ocrx_word' id='word_1_279' title='bbox 1186 2220 1219 2246; x_wconf 90' lang='lat' dir='ltr'>et</span> <span class='ocrx_word' id='word_1_280' title='bbox 1235 2215 1332 2246; x_wconf 78' lang='lat' dir='ltr'>alios:</span> <span class='ocrx_word' id='word_1_281' title='bbox 1357 2224 1433 2245; x_wconf 88' lang='lat' dir='ltr'>nam</span> <span class='ocrx_word' id='word_1_282' title='bbox 1455 2214 1585 2253; x_wconf 83' lang='lat' dir='ltr'>longius</span> <span class='ocrx_word' id='word_1_283' title='bbox 1604 2211 1780 2251; x_wconf 86' lang='lat' dir='ltr'>inquirere,</span> 
     </span>
     <span class='ocr_line' id='line_1_38' title="bbox 351 2256 1044 2287; baseline 0.004 -3"><span class='ocrx_word' id='word_1_284' title='bbox 351 2256 484 2285; x_wconf 83' lang='lat' dir='ltr'>verbum</span> <span class='ocrx_word' id='word_1_285' title='bbox 520 2267 537 2286; x_wconf 87' lang='lat' dir='ltr'>e</span> <span class='ocrx_word' id='word_1_286' title='bbox 565 2256 644 2285; x_wconf 85' lang='lat' dir='ltr'>Mss.</span> <span class='ocrx_word' id='word_1_287' title='bbox 673 2256 817 2286; x_wconf 85' lang='lat' dir='ltr'>restituit</span> <span class='ocrx_word' id='word_1_288' title='bbox 845 2256 950 2286; x_wconf 62' lang='grc' dir='ltr'>(ἐι-ων.</span> <span class='ocrx_word' id='word_1_289' title='bbox 985 2266 1044 2287; x_wconf 87' lang='lat' dir='ltr'>nec</span> 
     </span>
    </p>
   </div>
   <div class='ocr_carea' id='block_1_5' title="bbox 1086 2253 1785 2298">
    <p class='ocr_par' dir='ltr' id='par_1_9' title="bbox 1086 2253 1785 2298">
     <span class='ocr_line' id='line_1_39' title="bbox 1086 2253 1785 2298; baseline -0.007 -11"><span class='ocrx_word' id='word_1_290' title='bbox 1086 2257 1218 2298; x_wconf 81' lang='lat' dir='ltr'>insuper</span> <span class='ocrx_word' id='word_1_291' title='bbox 1240 2257 1421 2288; x_wconf 78' lang='lat' dir='ltr'>habuimus.</span> <span class='ocrx_word' id='word_1_292' title='bbox 1465 2256 1535 2287; x_wconf 79' lang='lat' dir='ltr'>Nec</span> <span class='ocrx_word' id='word_1_293' title='bbox 1556 2261 1669 2286; x_wconf 86' lang='lat' dir='ltr'>tamen</span> <span class='ocrx_word' id='word_1_294' title='bbox 1691 2253 1785 2283; x_wconf 84' lang='lat' dir='ltr'>nobis</span> 
     </span>
    </p>
   </div>
   <div class='ocr_carea' id='block_1_6' title="bbox 351 2298 1050 2928">
    <p class='ocr_par' dir='ltr' id='par_1_10' title="bbox 351 2298 1043 2380">
     <span class='ocr_line' id='line_1_40' title="bbox 351 2298 1043 2339; baseline 0.001 -11"><span class='ocrx_word' id='word_1_295' title='bbox 351 2298 460 2328; x_wconf 77' lang='lat' dir='ltr'>abesse</span> <span class='ocrx_word' id='word_1_296' title='bbox 475 2298 565 2328; x_wconf 80' lang='lat' dir='ltr'>salvo</span> <span class='ocrx_word' id='word_1_297' title='bbox 587 2307 682 2328; x_wconf 84' lang='lat' dir='ltr'>sensu</span> <span class='ocrx_word' id='word_1_298' title='bbox 707 2302 828 2338; x_wconf 84' lang='lat' dir='ltr'>potest:</span> <span class='ocrx_word' id='word_1_299' title='bbox 843 2304 995 2339; x_wconf 77' lang='lat' dir='ltr'>extatque</span> <span class='ocrx_word' id='word_1_300' title='bbox 1010 2299 1043 2329; x_wconf 89' lang='lat' dir='ltr'>in</span> 
     </span>
     <span class='ocr_line' id='line_1_41' title="bbox 352 2339 863 2380; baseline 0.002 -10"><span class='ocrx_word' id='word_1_301' title='bbox 352 2339 401 2370; x_wconf 82' lang='lat' dir='ltr'>ed.</span> <span class='ocrx_word' id='word_1_302' title='bbox 417 2339 489 2370; x_wconf 71' lang='lat' dir='ltr'>Ald.</span> <span class='ocrx_word' id='word_1_303' title='bbox 506 2340 661 2380; x_wconf 84' lang='lat' dir='ltr'>primum,</span> <span class='ocrx_word' id='word_1_304' title='bbox 677 2340 791 2371; x_wconf 86' lang='lat' dir='ltr'>Lamb.</span> <span class='ocrx_word' id='word_1_305' title='bbox 807 2341 863 2371; x_wconf 64' lang='lat' dir='ltr'>&amp;m</span> 
     </span>
    </p>

    <p class='ocr_par' dir='ltr' id='par_1_11' title="bbox 353 2381 1049 2665">
     <span class='ocr_line' id='line_1_42' title="bbox 395 2381 1047 2421; baseline 0.002 -8"><span class='ocrx_word' id='word_1_306' title='bbox 395 2385 435 2415; x_wconf 66' lang='lat'>‘29</span> <span class='ocrx_word' id='word_1_307' title='bbox 466 2382 545 2413; x_wconf 79' lang='lat' dir='ltr'>Non</span> <span class='ocrx_word' id='word_1_308' title='bbox 579 2392 643 2412; x_wconf 69' lang='lat' dir='ltr'>esse</span> <span class='ocrx_word' id='word_1_309' title='bbox 678 2381 957 2421; x_wconf 74' lang='lat' dir='ltr'>constitutionem]</span> <span class='ocrx_word' id='word_1_310' title='bbox 996 2382 1047 2414; x_wconf 87' lang='lat' dir='ltr'>Sic</span> 
     </span>
     <span class='ocr_line' id='line_1_43' title="bbox 354 2423 1049 2465; baseline 0.004 -12"><span class='ocrx_word' id='word_1_311' title='bbox 354 2423 433 2453; x_wconf 76' lang='lat' dir='ltr'>Mss.</span> <span class='ocrx_word' id='word_1_312' title='bbox 458 2429 492 2454; x_wconf 85' lang='lat' dir='ltr'>et</span> <span class='ocrx_word' id='word_1_313' title='bbox 516 2425 588 2455; x_wconf 86' lang='lat' dir='ltr'>edd.</span> <span class='ocrx_word' id='word_1_314' title='bbox 611 2435 658 2465; x_wconf 87' lang='lat' dir='ltr'>pr.</span> <span class='ocrx_word' id='word_1_315' title='bbox 685 2434 784 2464; x_wconf 83' lang='lat' dir='ltr'>usque</span> <span class='ocrx_word' id='word_1_316' title='bbox 810 2424 850 2454; x_wconf 83' lang='lat' dir='ltr'>ad</span> <span class='ocrx_word' id='word_1_317' title='bbox 873 2425 1005 2460; x_wconf 84' lang='lat' dir='ltr'>Aldmn,</span> <span class='ocrx_word' id='word_1_318' title='bbox 1029 2436 1049 2456; x_wconf 86' lang='lat' dir='ltr'>a</span> 
     </span>
     <span class='ocr_line' id='line_1_44' title="bbox 353 2466 1046 2506; baseline 0.004 -12"><span class='ocrx_word' id='word_1_319' title='bbox 353 2467 416 2505; x_wconf 76' lang='lat' dir='ltr'>qno</span> <span class='ocrx_word' id='word_1_320' title='bbox 433 2466 603 2505; x_wconf 79' lang='lat' dir='ltr'>vulgatum</span> <span class='ocrx_word' id='word_1_321' title='bbox 619 2477 677 2497; x_wconf 82' lang='lat' dir='ltr'>nee</span> <span class='ocrx_word' id='word_1_322' title='bbox 692 2468 803 2497; x_wconf 72' lang='lat' dir='ltr'>fluxit:</span> <span class='ocrx_word' id='word_1_323' title='bbox 828 2467 915 2506; x_wconf 85' lang='lat' dir='ltr'>quod</span> <span class='ocrx_word' id='word_1_324' title='bbox 938 2466 1046 2497; x_wconf 84' lang='lat' dir='ltr'>locum</span> 
     </span>
     <span class='ocr_line' id='line_1_45' title="bbox 354 2508 1049 2548; baseline 0.003 -11"><span class='ocrx_word' id='word_1_325' title='bbox 354 2518 411 2548; x_wconf 80' lang='lat' dir='ltr'>per</span> <span class='ocrx_word' id='word_1_326' title='bbox 436 2508 635 2539; x_wconf 83' lang='lat' dir='ltr'>latinitatem</span> <span class='ocrx_word' id='word_1_327' title='bbox 658 2519 724 2539; x_wconf 91' lang='lat' dir='ltr'>non</span> <span class='ocrx_word' id='word_1_328' title='bbox 753 2508 861 2539; x_wconf 84' lang='lat' dir='ltr'>habet.</span> <span class='ocrx_word' id='word_1_329' title='bbox 905 2509 1049 2540; x_wconf 88' lang='lat' dir='ltr'>Deberet</span> 
     </span>
     <span class='ocr_line' id='line_1_46' title="bbox 353 2551 1049 2581; baseline 0.003 -2"><span class='ocrx_word' id='word_1_330' title='bbox 353 2551 441 2580; x_wconf 84' lang='lat' dir='ltr'>enirn</span> <span class='ocrx_word' id='word_1_331' title='bbox 459 2560 543 2580; x_wconf 82' lang='lat' dir='ltr'>esse:</span> <span class='ocrx_word' id='word_1_332' title='bbox 560 2552 731 2581; x_wconf 62' lang='lat' dir='ltr'>deremnstr.</span> <span class='ocrx_word' id='word_1_333' title='bbox 747 2556 777 2581; x_wconf 77' lang='lat' dir='ltr'>et</span> <span class='ocrx_word' id='word_1_334' title='bbox 790 2551 1049 2581; x_wconf 66' lang='lat' dir='ltr'>‹lc-liberationem</span> 
     </span>
     <span class='ocr_line' id='line_1_47' title="bbox 353 2593 1048 2633; baseline 0.004 -12"><span class='ocrx_word' id='word_1_335' title='bbox 353 2602 417 2622; x_wconf 74' lang='lat' dir='ltr'>esse</span> <span class='ocrx_word' id='word_1_336' title='bbox 430 2603 486 2621; x_wconf 80' lang='lat' dir='ltr'>nec</span> <span class='ocrx_word' id='word_1_337' title='bbox 499 2598 594 2622; x_wconf 74' lang='lat' dir='ltr'>const.</span> <span class='ocrx_word' id='word_1_338' title='bbox 612 2604 668 2623; x_wconf 71' lang='lat' dir='ltr'>net·</span> <span class='ocrx_word' id='word_1_339' title='bbox 681 2594 748 2633; x_wconf 75' lang='lat' dir='ltr'>clep.</span> <span class='ocrx_word' id='word_1_340' title='bbox 766 2595 822 2623; x_wconf 68' lang='grc' dir='ltr'>ὄις.</span> <span class='ocrx_word' id='word_1_341' title='bbox 835 2594 937 2624; x_wconf 75' lang='lat' dir='ltr'>Vetus</span> <span class='ocrx_word' id='word_1_342' title='bbox 949 2593 1048 2624; x_wconf 88' lang='lat' dir='ltr'>etiam</span> 
     </span>
     <span class='ocr_line' id='line_1_48' title="bbox 354 2634 596 2665; baseline -0.004 0"><span class='ocrx_word' id='word_1_343' title='bbox 354 2634 471 2665; x_wconf 84' lang='lat' dir='ltr'>Lamb.</span> <span class='ocrx_word' id='word_1_344' title='bbox 489 2634 596 2664; x_wconf 78' lang='lat' dir='ltr'>habet.</span> 
     </span>
    </p>

    <p class='ocr_par' dir='ltr' id='par_1_12' title="bbox 355 2677 1050 2928">
     <span class='ocr_line' id='line_1_49' title="bbox 396 2677 1049 2717; baseline 0.003 -12"><span class='ocrx_word' id='word_1_345' title='bbox 396 2679 437 2706; x_wconf 78' lang='lat'>30</span> <span class='ocrx_word' id='word_1_346' title='bbox 452 2677 556 2716; x_wconf 79' lang='lat' dir='ltr'>Atque</span> <span class='ocrx_word' id='word_1_347' title='bbox 568 2678 598 2706; x_wconf 84' lang='grc' dir='ltr'>Ιι.</span> <span class='ocrx_word' id='word_1_348' title='bbox 614 2677 719 2706; x_wconf 78' lang='lat' dir='ltr'>eodem</span> <span class='ocrx_word' id='word_1_349' title='bbox 733 2678 930 2717; x_wconf 66' lang='lat' dir='ltr'>urgebitur]</span> <span class='ocrx_word' id='word_1_350' title='bbox 961 2677 1049 2707; x_wconf 78' lang='lat' dir='ltr'>Grae-</span> 
     </span>
     <span class='ocr_line' id='line_1_50' title="bbox 355 2718 1049 2750; baseline 0.006 -5"><span class='ocrx_word' id='word_1_351' title='bbox 355 2718 425 2748; x_wconf 69' lang='lat' dir='ltr'>vius</span> <span class='ocrx_word' id='word_1_352' title='bbox 439 2718 561 2749; x_wconf 85' lang='lat' dir='ltr'>addidit</span> <span class='ocrx_word' id='word_1_353' title='bbox 576 2719 770 2748; x_wconf 75' lang='lat' dir='ltr'>incommodo</span> <span class='ocrx_word' id='word_1_354' title='bbox 784 2731 800 2749; x_wconf 95' lang='lat' dir='ltr'>e</span> <span class='ocrx_word' id='word_1_355' title='bbox 818 2720 880 2750; x_wconf 82' lang='lat' dir='ltr'>Ms.</span> <span class='ocrx_word' id='word_1_356' title='bbox 903 2720 972 2750; x_wconf 88' lang='lat' dir='ltr'>Erf.</span> <span class='ocrx_word' id='word_1_357' title='bbox 1010 2720 1049 2750; x_wconf 85' lang='lat' dir='ltr'>ln</span> 
     </span>
     <span class='ocr_line' id='line_1_51' title="bbox 359 2759 1050 2801; baseline 0.003 -12"><span class='ocrx_word' id='word_1_358' title='bbox 359 2762 422 2791; x_wconf 82' lang='lat' dir='ltr'>Gu.</span> <span class='ocrx_word' id='word_1_359' title='bbox 440 2763 531 2792; x_wconf 51' lang='grc' dir='ltr'>Ἄρεϊ</span> <span class='ocrx_word' id='word_1_360' title='bbox 543 2770 642 2800; x_wconf 79' lang='lat' dir='ltr'>supra</span> <span class='ocrx_word' id='word_1_361' title='bbox 664 2759 864 2801; x_wconf 73' lang='lat' dir='ltr'>adscriptum</span> <span class='ocrx_word' id='word_1_362' title='bbox 888 2773 907 2792; x_wconf 80' lang='lat' dir='ltr'>a</span> <span class='ocrx_word' id='word_1_363' title='bbox 929 2762 1050 2801; x_wconf 71' lang='lat' dir='ltr'>glossa-</span> 
     </span>
     <span class='ocr_line' id='line_1_52' title="bbox 355 2802 1049 2843; baseline 0.001 -11"><span class='ocrx_word' id='word_1_364' title='bbox 355 2809 437 2833; x_wconf 83' lang='lat' dir='ltr'>tore.</span> <span class='ocrx_word' id='word_1_365' title='bbox 496 2803 594 2833; x_wconf 86' lang='lat' dir='ltr'>Errat</span> <span class='ocrx_word' id='word_1_366' title='bbox 623 2802 884 2843; x_wconf 81' lang='lat' dir='ltr'>Oudendorpius,</span> <span class='ocrx_word' id='word_1_367' title='bbox 912 2814 986 2834; x_wconf 85' lang='lat' dir='ltr'>eum</span> <span class='ocrx_word' id='word_1_368' title='bbox 1016 2803 1049 2833; x_wconf 92' lang='lat' dir='ltr'>in</span> 
     </span>
     <span class='ocr_line' id='line_1_53' title="bbox 357 2843 1050 2876; baseline 0.003 -3"><span class='ocrx_word' id='word_1_369' title='bbox 357 2843 449 2875; x_wconf 82' lang='lat' dir='ltr'>nulla</span> <span class='ocrx_word' id='word_1_370' title='bbox 476 2850 553 2875; x_wconf 86' lang='lat' dir='ltr'>ante</span> <span class='ocrx_word' id='word_1_371' title='bbox 581 2844 725 2875; x_wconf 84' lang='lat' dir='ltr'>editione</span> <span class='ocrx_word' id='word_1_372' title='bbox 755 2855 822 2875; x_wconf 81' lang='lat' dir='ltr'>esse</span> <span class='ocrx_word' id='word_1_373' title='bbox 845 2844 935 2875; x_wconf 89' lang='lat' dir='ltr'>dieit.</span> <span class='ocrx_word' id='word_1_374' title='bbox 990 2845 1050 2876; x_wconf 85' lang='lat' dir='ltr'>Est</span> 
     </span>
     <span class='ocr_line' id='line_1_54' title="bbox 358 2886 1049 2928; baseline 0.003 -12"><span class='ocrx_word' id='word_1_375' title='bbox 358 2892 468 2917; x_wconf 80' lang='lat' dir='ltr'>autem</span> <span class='ocrx_word' id='word_1_376' title='bbox 496 2897 547 2927; x_wconf 79' lang='lat' dir='ltr'>ap.</span> <span class='ocrx_word' id='word_1_377' title='bbox 577 2886 651 2918; x_wconf 82' lang='lat' dir='ltr'>Ald.</span> <span class='ocrx_word' id='word_1_378' title='bbox 677 2886 792 2918; x_wconf 79' lang='lat' dir='ltr'>Lzunb.</span> <span class='ocrx_word' id='word_1_379' title='bbox 845 2888 904 2919; x_wconf 84' lang='lat' dir='ltr'>Ro.</span> <span class='ocrx_word' id='word_1_380' title='bbox 933 2887 1049 2928; x_wconf 77' lang='lat' dir='ltr'>steph.</span> 
     </span>
    </p>
   </div>
   <div class='ocr_carea' id='block_1_7' title="bbox 1087 2297 1797 2929">
    <p class='ocr_par' dir='ltr' id='par_1_13' title="bbox 1087 2297 1797 2414">
     <span class='ocr_line' id='line_1_55' title="bbox 1087 2297 1781 2330; baseline -0.007 0"><span class='ocrx_word' id='word_1_381' title='bbox 1087 2299 1158 2330; x_wconf 82' lang='lat' dir='ltr'>istae</span> <span class='ocrx_word' id='word_1_382' title='bbox 1179 2301 1391 2330; x_wconf 83' lang='lat' dir='ltr'>auctoritates</span> <span class='ocrx_word' id='word_1_383' title='bbox 1413 2299 1491 2329; x_wconf 85' lang='lat' dir='ltr'>satis</span> <span class='ocrx_word' id='word_1_384' title='bbox 1513 2297 1638 2328; x_wconf 82' lang='lat' dir='ltr'>idoneae</span> <span class='ocrx_word' id='word_1_385' title='bbox 1653 2300 1711 2327; x_wconf 85' lang='lat' dir='ltr'>aut</span> <span class='ocrx_word' id='word_1_386' title='bbox 1727 2305 1781 2326; x_wconf 85' lang='lat' dir='ltr'>ne-</span> 
     </span>
     <span class='ocr_line' id='line_1_56' title="bbox 1088 2339 1797 2380; baseline -0.007 -8"><span class='ocrx_word' id='word_1_387' title='bbox 1088 2342 1234 2372; x_wconf 79' lang='lat' dir='ltr'>cessariae</span> <span class='ocrx_word' id='word_1_388' title='bbox 1249 2343 1324 2372; x_wconf 80' lang='lat' dir='ltr'>visae</span> <span class='ocrx_word' id='word_1_389' title='bbox 1336 2346 1424 2372; x_wconf 87' lang='lat' dir='ltr'>sunt.</span> <span class='ocrx_word' id='word_1_390' title='bbox 1437 2339 1528 2371; x_wconf 81' lang='lat' dir='ltr'>Sunfi</span> <span class='ocrx_word' id='word_1_391' title='bbox 1541 2339 1651 2380; x_wconf 81' lang='lat' dir='ltr'>potuit</span> <span class='ocrx_word' id='word_1_392' title='bbox 1662 2348 1682 2369; x_wconf 86' lang='lat' dir='ltr'>a</span> <span class='ocrx_word' id='word_1_393' title='bbox 1692 2347 1780 2376; x_wconf 86' lang='lat' dir='ltr'>seqq.</span> <span class='ocrx_word' id='word_1_394' title='bbox 1793 2343 1797 2347; x_wconf 88' lang='lat'>&#39;</span> 
     </span>
     <span class='ocr_line' id='line_1_57' title="bbox 1090 2384 1462 2414; baseline 0 0"><span class='ocrx_word' id='word_1_395' title='bbox 1090 2384 1146 2414; x_wconf 89' lang='lat' dir='ltr'>ubi</span> <span class='ocrx_word' id='word_1_396' title='bbox 1161 2384 1361 2414; x_wconf 76' lang='lat' dir='ltr'>incommoda</span> <span class='ocrx_word' id='word_1_397' title='bbox 1375 2388 1462 2414; x_wconf 86' lang='lat' dir='ltr'>sunt.</span> 
     </span>
    </p>

    <p class='ocr_par' dir='ltr' id='par_1_14' title="bbox 1090 2419 1785 2759">
     <span class='ocr_line' id='line_1_58' title="bbox 1132 2419 1781 2465; baseline -0.012 -8"><span class='ocrx_word' id='word_1_398' title='bbox 1132 2429 1168 2456; x_wconf 86' lang='lat'>31</span> <span class='ocrx_word' id='word_1_399' title='bbox 1191 2425 1259 2457; x_wconf 74' lang='lat' dir='ltr'>Usu</span> <span class='ocrx_word' id='word_1_400' title='bbox 1273 2426 1424 2465; x_wconf 65' lang='lat' dir='ltr'>evenire]</span> <span class='ocrx_word' id='word_1_401' title='bbox 1452 2424 1569 2455; x_wconf 74' lang='lat' dir='ltr'>Venire</span> <span class='ocrx_word' id='word_1_402' title='bbox 1584 2421 1700 2455; x_wconf 84' lang='lat' dir='ltr'>maluit</span> <span class='ocrx_word' id='word_1_403' title='bbox 1715 2419 1781 2450; x_wconf 89' lang='lat' dir='ltr'>Ou-</span> 
     </span>
     <span class='ocr_line' id='line_1_59' title="bbox 1090 2465 1783 2508; baseline -0.012 -9"><span class='ocrx_word' id='word_1_404' title='bbox 1090 2467 1197 2505; x_wconf 68' lang='lat' dir='ltr'>dend„</span> <span class='ocrx_word' id='word_1_405' title='bbox 1221 2468 1297 2508; x_wconf 87' lang='lat' dir='ltr'>quia</span> <span class='ocrx_word' id='word_1_406' title='bbox 1310 2468 1380 2498; x_wconf 89' lang='lat' dir='ltr'>haee</span> <span class='ocrx_word' id='word_1_407' title='bbox 1394 2465 1542 2507; x_wconf 69' lang='lat' dir='ltr'>legitima</span> <span class='ocrx_word' id='word_1_408' title='bbox 1555 2467 1660 2496; x_wconf 79' lang='lat' dir='ltr'>forma</span> <span class='ocrx_word' id='word_1_409' title='bbox 1673 2467 1734 2498; x_wconf 79' lang='lat' dir='ltr'>est,</span> <span class='ocrx_word' id='word_1_410' title='bbox 1749 2466 1783 2493; x_wconf 78' lang='lat' dir='ltr'>et</span> 
     </span>
     <span class='ocr_line' id='line_1_60' title="bbox 1090 2504 1783 2552; baseline -0.01 -11"><span class='ocrx_word' id='word_1_411' title='bbox 1090 2519 1175 2550; x_wconf 87' lang='lat' dir='ltr'>saepe</span> <span class='ocrx_word' id='word_1_412' title='bbox 1192 2511 1226 2540; x_wconf 89' lang='lat' dir='ltr'>in</span> <span class='ocrx_word' id='word_1_413' title='bbox 1248 2510 1343 2541; x_wconf 72' lang='lat' dir='ltr'>libris</span> <span class='ocrx_word' id='word_1_414' title='bbox 1359 2511 1423 2540; x_wconf 84' lang='lat' dir='ltr'>ista</span> <span class='ocrx_word' id='word_1_415' title='bbox 1438 2514 1516 2539; x_wconf 88' lang='lat' dir='ltr'>sunt</span> <span class='ocrx_word' id='word_1_416' title='bbox 1537 2509 1684 2543; x_wconf 76' lang='lat' dir='ltr'>confusa,</span> <span class='ocrx_word' id='word_1_417' title='bbox 1698 2504 1783 2552; x_wconf 34' lang='lat' dir='ltr'>quo-d</span> 
     </span>
     <span class='ocr_line' id='line_1_61' title="bbox 1091 2546 1784 2596; baseline -0.009 -14"><span class='ocrx_word' id='word_1_418' title='bbox 1091 2553 1205 2582; x_wconf 88' lang='lat' dir='ltr'>multis</span> <span class='ocrx_word' id='word_1_419' title='bbox 1217 2552 1371 2593; x_wconf 81' lang='lat' dir='ltr'>exemplis</span> <span class='ocrx_word' id='word_1_420' title='bbox 1386 2551 1521 2592; x_wconf 88' lang='lat' dir='ltr'>planum</span> <span class='ocrx_word' id='word_1_421' title='bbox 1536 2551 1625 2581; x_wconf 76' lang='lat' dir='ltr'>facit.</span> <span class='ocrx_word' id='word_1_422' title='bbox 1670 2546 1732 2596; x_wconf 73' lang='lat' dir='ltr'>Sed</span> <span class='ocrx_word' id='word_1_423' title='bbox 1745 2546 1784 2576; x_wconf 82' lang='lat'>11-</span> 
     </span>
     <span class='ocr_line' id='line_1_62' title="bbox 1092 2594 1784 2626; baseline -0.009 -2"><span class='ocrx_word' id='word_1_424' title='bbox 1092 2594 1140 2624; x_wconf 88' lang='lat' dir='ltr'>bri</span> <span class='ocrx_word' id='word_1_425' title='bbox 1155 2599 1344 2626; x_wconf 84' lang='lat' dir='ltr'>constanter</span> <span class='ocrx_word' id='word_1_426' title='bbox 1365 2595 1399 2624; x_wconf 87' lang='lat' dir='ltr'>in</span> <span class='ocrx_word' id='word_1_427' title='bbox 1421 2594 1546 2624; x_wconf 81' lang='lat' dir='ltr'>evenire</span> <span class='ocrx_word' id='word_1_428' title='bbox 1559 2594 1784 2624; x_wconf 80' lang='lat' dir='ltr'>consentiunt,</span> 
     </span>
     <span class='ocr_line' id='line_1_63' title="bbox 1092 2630 1785 2673; baseline -0.004 -7"><span class='ocrx_word' id='word_1_429' title='bbox 1092 2640 1129 2666; x_wconf 86' lang='lat' dir='ltr'>ut</span> <span class='ocrx_word' id='word_1_430' title='bbox 1141 2637 1212 2666; x_wconf 84' lang='lat' dir='ltr'>aliis</span> <span class='ocrx_word' id='word_1_431' title='bbox 1228 2636 1318 2673; x_wconf 84' lang='lat' dir='ltr'>locis,</span> <span class='ocrx_word' id='word_1_432' title='bbox 1333 2646 1363 2666; x_wconf 91' lang='lat' dir='ltr'>v.</span> <span class='ocrx_word' id='word_1_433' title='bbox 1376 2647 1403 2666; x_wconf 83' lang='lat' dir='ltr'>c.</span> <span class='ocrx_word' id='word_1_434' title='bbox 1419 2635 1504 2665; x_wconf 87' lang='lat' dir='ltr'>infra</span> <span class='ocrx_word' id='word_1_435' title='bbox 1517 2645 1544 2665; x_wconf 91' lang='lat' dir='ltr'>c.</span> <span class='ocrx_word' id='word_1_436' title='bbox 1559 2637 1609 2665; x_wconf 85' lang='lat'>54.</span> <span class='ocrx_word' id='word_1_437' title='bbox 1624 2633 1685 2664; x_wconf 86' lang='lat' dir='ltr'>nisi</span> <span class='ocrx_word' id='word_1_438' title='bbox 1699 2630 1785 2671; x_wconf 85' lang='lat' dir='ltr'>quod</span> 
     </span>
     <span class='ocr_line' id='line_1_64' title="bbox 1092 2675 1784 2717; baseline -0.01 -8"><span class='ocrx_word' id='word_1_439' title='bbox 1092 2678 1154 2708; x_wconf 89' lang='lat' dir='ltr'>Gu.</span> <span class='ocrx_word' id='word_1_440' title='bbox 1173 2683 1309 2717; x_wconf 82' lang='lat' dir='ltr'>uterque</span> <span class='ocrx_word' id='word_1_441' title='bbox 1327 2678 1360 2708; x_wconf 89' lang='lat' dir='ltr'>in</span> <span class='ocrx_word' id='word_1_442' title='bbox 1375 2682 1514 2716; x_wconf 82' lang='lat' dir='ltr'>utroque</span> <span class='ocrx_word' id='word_1_443' title='bbox 1533 2675 1606 2706; x_wconf 89' lang='lat' dir='ltr'>loco</span> <span class='ocrx_word' id='word_1_444' title='bbox 1619 2675 1719 2706; x_wconf 87' lang='lat' dir='ltr'>habet</span> <span class='ocrx_word' id='word_1_445' title='bbox 1731 2684 1784 2703; x_wconf 81' lang='lat' dir='ltr'>ve·-</span> 
     </span>
     <span class='ocr_line' id='line_1_65' title="bbox 1092 2718 1728 2759; baseline -0.005 -9"><span class='ocrx_word' id='word_1_446' title='bbox 1092 2722 1173 2750; x_wconf 79' lang='lat' dir='ltr'>m&#39;re.</span> <span class='ocrx_word' id='word_1_447' title='bbox 1219 2720 1335 2751; x_wconf 79' lang='lat' dir='ltr'>Venire</span> <span class='ocrx_word' id='word_1_448' title='bbox 1341 2721 1411 2759; x_wconf 83' lang='lat' dir='ltr'>jam</span> <span class='ocrx_word' id='word_1_449' title='bbox 1424 2719 1525 2749; x_wconf 83' lang='lat' dir='ltr'>edidit</span> <span class='ocrx_word' id='word_1_450' title='bbox 1539 2718 1728 2749; x_wconf 81' lang='lat' dir='ltr'>Lambinus.</span> 
     </span>
    </p>

    <p class='ocr_par' dir='ltr' id='par_1_15' title="bbox 1091 2761 1787 2929">
     <span class='ocr_line' id='line_1_66' title="bbox 1133 2761 1786 2800; baseline -0.009 -7"><span class='ocrx_word' id='word_1_451' title='bbox 1133 2764 1174 2793; x_wconf 73' lang='lat'>32</span> <span class='ocrx_word' id='word_1_452' title='bbox 1189 2762 1326 2792; x_wconf 73' lang='lat' dir='ltr'>Proemz‘i</span> <span class='ocrx_word' id='word_1_453' title='bbox 1339 2766 1398 2793; x_wconf 81' lang='lat' dir='ltr'>aut</span> <span class='ocrx_word' id='word_1_454' title='bbox 1408 2761 1458 2800; x_wconf 84' lang='lat' dir='ltr'>p.]</span> <span class='ocrx_word' id='word_1_455' title='bbox 1475 2761 1583 2800; x_wconf 84' lang='lat' dir='ltr'>Vulgo</span> <span class='ocrx_word' id='word_1_456' title='bbox 1592 2764 1652 2791; x_wconf 78' lang='lat' dir='ltr'>aut</span> <span class='ocrx_word' id='word_1_457' title='bbox 1659 2769 1694 2799; x_wconf 81' lang='lat' dir='ltr'>p.</span> <span class='ocrx_word' id='word_1_458' title='bbox 1708 2768 1740 2789; x_wconf 90' lang='grc' dir='ltr'>α.</span> <span class='ocrx_word' id='word_1_459' title='bbox 1748 2767 1786 2797; x_wconf 75' lang='lat' dir='ltr'>p.</span> 
     </span>
     <span class='ocr_line' id='line_1_67' title="bbox 1093 2803 1787 2844; baseline -0.009 -8"><span class='ocrx_word' id='word_1_460' title='bbox 1093 2804 1281 2836; x_wconf 79' lang='lat' dir='ltr'>Delevimus</span> <span class='ocrx_word' id='word_1_461' title='bbox 1316 2804 1458 2844; x_wconf 86' lang='lat' dir='ltr'>primum</span> <span class='ocrx_word' id='word_1_462' title='bbox 1486 2808 1559 2840; x_wconf 80' lang='lat' dir='ltr'>aut,</span> <span class='ocrx_word' id='word_1_463' title='bbox 1587 2803 1673 2842; x_wconf 84' lang='lat' dir='ltr'>quod</span> <span class='ocrx_word' id='word_1_464' title='bbox 1698 2810 1787 2840; x_wconf 76' lang='lat' dir='ltr'>saepe</span> 
     </span>
     <span class='ocr_line' id='line_1_68' title="bbox 1092 2845 1784 2886; baseline -0.006 -10"><span class='ocrx_word' id='word_1_465' title='bbox 1092 2846 1177 2876; x_wconf 72' lang='lat' dir='ltr'>male</span> <span class='ocrx_word' id='word_1_466' title='bbox 1203 2846 1362 2876; x_wconf 86' lang='lat' dir='ltr'>insertum</span> <span class='ocrx_word' id='word_1_467' title='bbox 1387 2849 1448 2882; x_wconf 87' lang='lat' dir='ltr'>est,</span> <span class='ocrx_word' id='word_1_468' title='bbox 1472 2855 1547 2875; x_wconf 88' lang='lat' dir='ltr'>eum</span> <span class='ocrx_word' id='word_1_469' title='bbox 1569 2845 1714 2886; x_wconf 82' lang='lat' dir='ltr'>proxime</span> <span class='ocrx_word' id='word_1_470' title='bbox 1734 2851 1784 2872; x_wconf 70' lang='lat' dir='ltr'>se·</span> 
     </span>
     <span class='ocr_line' id='line_1_69' title="bbox 1091 2886 1606 2929; baseline -0.004 -11"><span class='ocrx_word' id='word_1_471' title='bbox 1091 2889 1260 2929; x_wconf 82' lang='lat' dir='ltr'>quebatur.</span> <span class='ocrx_word' id='word_1_472' title='bbox 1304 2888 1418 2919; x_wconf 84' lang='lat' dir='ltr'>Lamb.</span> <span class='ocrx_word' id='word_1_473' title='bbox 1435 2886 1536 2918; x_wconf 78' lang='lat' dir='ltr'>edidit</span> <span class='ocrx_word' id='word_1_474' title='bbox 1549 2888 1606 2917; x_wconf 71' lang='lat' dir='ltr'>vel.</span> 
     </span>
    </p>
   </div>
  </div>
 </body>
</html>
