1914 3220
267 134 322 175 lvi
786 131 1184 176 PRAEFATIO.

330 240 563 282 Veniamus
594 240 646 282 ad
670 240 869 297 exempla
889 240 1045 281 horum
1074 239 1283 281 librorum
1304 238 1633 296 typographica,
1657 239 1714 283 de

270 308 426 364 quibus
450 310 551 350 satis
587 319 784 352 accurate
817 309 1010 350 nondum
1039 308 1203 350 dictum
1233 317 1297 365 est
1320 308 1374 349 ab
1397 307 1504 348 aliis.
1566 308 1714 350 Prima

272 391 346 432 per
377 388 509 418 artem
534 379 904 436 typographorum
930 377 1044 419 facta
1069 385 1169 418 sunt
1199 391 1224 417 a
1248 375 1510 417 Szeeinlzemio
1532 382 1570 416 et
1593 375 1713 417 Pan-

272 446 407 486 rem-tio
432 446 674 497 Germanis,
697 463 809 488 auno
832 446 1131 501 quintidecimi
1155 444 1300 497 seculi,
1320 445 1505 501 primum
1529 444 1714 501 septimo

270 521 314 552 et
347 515 632 569 sexagesimo,
666 516 707 556 iu
742 515 856 556 claro
888 515 1148 555 monasterio
1171 513 1437 564 Sublacensi,
1468 527 1572 553 mox
1600 525 1715 552 anno

269 591 475 635 sequente
507 583 659 623 iterum
694 582 863 633 Romoe,
887 591 935 624 ut
965 583 1073 624 bene
1096 583 1436 624 demonstratum
1457 588 1522 621 est
1551 594 1576 619 a
1598 576 1716 619 Mer-

271 664 420 691 mcmno
443 666 484 706 p.
508 652 604 693 246.
637 651 792 691 eruditi
815 651 956 706 operis
987 651 1040 692 de
1064 650 1220 707 Origg.
1243 658 1416 707 typogr.
1478 647 1563 690 Eos
1595 661 1717 689 seeu-

273 729 342 761 tus
363 732 427 761 est
450 720 493 760 in
515 720 663 760 eadem
686 720 790 760 urbe
819 719 962 760 Roma
989 717 1149 760 Ulricas
1171 717 1275 760 Han
1298 716 1645 759 Vindobonensis
1675 731 1715 757 a.

271 788 757 844 duodeseptuagesimoz
791 787 914 842 cujus
953 786 1200 843 exemplum
1238 786 1322 827 fuit
1361 786 1406 827 in
1444 785 1637 842 ejusdem
1668 783 1717 826 de

275 856 388 900 Boze
420 856 707 898 Bibliotheca.
769 855 979 896 Neutram
1010 854 1117 896 mihi
1140 855 1282 896 videre
1312 855 1480 911 uspiam
1502 853 1715 910 contigit:

272 926 346 982 qui
380 935 523 967 autem
554 925 709 966 vidisse
744 937 786 964 se
819 923 1090 979 profitentur,
1121 924 1195 978 qui
1229 932 1328 964 sunt
1349 922 1471 964 valde
1504 921 1645 978 pauci,
1668 920 1716 972 ii,

271 994 326 1036 de
348 1008 466 1035 more
488 992 755 1049 superiorum
779 1000 1036 1047 temporum,
1059 990 1182 1042 nihil,
1203 991 1318 1046 quod
1341 990 1539 1045 cuiquam
1564 988 1716 1045 prosit,

271 1062 326 1102 de
362 1061 413 1102 iis
442 1060 632 1110 tradunt,
660 1060 854 1101 contenti
886 1059 938 1100 de
971 1058 1111 1100 forma
1142 1067 1335 1109 externa,
1373 1057 1417 1099 h.
1453 1072 1491 1098 e.
1523 1054 1716 1108 modulo,

269 1129 444 1180 chartis,
469 1129 617 1186 figuris
639 1128 857 1170 literarum
885 1127 1136 1184 prodidisse.
1180 1116 1408 1168 *Proxima
1431 1126 1485 1166 ab
1506 1124 1573 1166 his
1596 1124 1713 1166 facta

273 1208 375 1240 sunt
424 1198 625 1254 exempla
673 1197 840 1239 Veneta
889 1194 1139 1252 Waldarferi
1184 1201 1304 1240 1470.
1352 1200 1474 1240 1473.
1525 1193 1717 1248 itemque

274 1265 460 1308 Mediol.
488 1272 609 1311 1477.
633 1280 707 1322 per
727 1264 1008 1321 Lavagffiam,
1032 1263 1171 1304 Andr.
1197 1261 1462 1304 Catlzarensis
1487 1267 1607 1308 1478.
1629 1275 1717 1317 quo

273 1350 374 1376 usus
397 1343 462 1375 est
485 1333 700 1374 Pearcz'us.
762 1332 881 1374 Inter
903 1333 998 1374 haec
1019 1331 1271 1374 collocanda
1292 1330 1491 1387 exempla
1524 1338 1624 1371 sunt
1651 1344 1718 1382 ea,

274 1418 372 1459 quae
395 1403 486 1443 sine
503 1401 588 1443 loci
610 1411 653 1442 et
676 1401 777 1442 anni
796 1411 901 1443 nota
922 1408 1088 1442 extant.
1150 1399 1256 1454 Ejus
1279 1399 1447 1455 generis
1469 1397 1719 1455 exemplum

275 1486 319 1513 se
339 1471 494 1512 vidisse
526 1470 586 1511 ait
618 1469 856 1510 Illasttarz'us
884 1467 936 1509 T.
969 1467 1048 1509 IV.
1071 1467 1186 1509 Ann.
1220 1476 1312 1524 typ.
1336 1483 1378 1524 p.
1402 1472 1500 1512 750.
1530 1466 1717 1522 inbcujus

276 1539 361 1581 fine
384 1538 648 1595 adscriptum
672 1545 799 1589 esset,
821 1552 915 1578 eam
932 1535 1167 1578 editionem
1189 1535 1350 1576 factam
1372 1534 1567 1576 Venetiis
1593 1539 1715 1577 1485.

273 1623 350 1665 per
385 1606 521 1648 Andr.
554 1605 695 1647 Ascal.
733 1605 851 1661 quod
893 1604 962 1645 ille
1004 1611 1119 1645 recte
1152 1603 1364 1659 repudiat,
1403 1602 1605 1658 illamque
1634 1602 1718 1645 hac

274 1675 665 1734 prioremjudicat.
727 1674 842 1715 Nam
873 1672 968 1714 haec
999 1671 1180 1723 Veneta,
1203 1672 1328 1727 cujus
1360 1671 1611 1728 exemplum
1633 1671 1717 1728 ipsi

272 1746 496 1794 habemus,
534 1742 658 1799 plane
693 1741 862 1783 diversa
899 1749 978 1791 est,
1020 1740 1252 1796 habetque,
1298 1748 1453 1796 praeter
1496 1740 1629 1782 libros
1664 1739 1719 1781 de

276 1813 398 1855 Orat.
416 1827 515 1853 cum
538 1809 761 1852 Omnibonz'
776 1808 1117 1859 Commentario,
1132 1815 1296 1848 eeteros
1320 1808 1506 1849 minores
1524 1806 1717 1860 libellos;

274 1883 327 1923 dc
359 1880 516 1936 quibus
548 1894 624 1919 suo
664 1877 760 1918 loco
801 1877 1008 1917 dicemus.
1086 1874 1165 1916 Illa
1197 1890 1296 1916 vero
1327 1883 1392 1916 est
1424 1875 1718 1932 superioribus

274 1951 402 2005 longe
423 1947 672 1998 correctior,
701 1954 744 1987 et
775 1945 960 2001 repetita
988 1959 1014 1985 a
1044 1942 1289 1984 Minuciano
1322 1943 1363 1984 in
1398 1942 1717 1985 Mediolanensi

274 2030 454 2073 operum
485 2015 783 2056 universorum
805 2012 1009 2063 editione,
1030 2011 1128 2053 inde
1157 2013 1212 2052 ab
1228 2010 1418 2052 Ascensz'o
1445 2017 1566 2052 1511.
1626 2010 1718 2052 Ad-

267 2086 414 2142 §iecere
436 2082 589 2124 deinde
624 2081 766 2124 sztae
800 2080 994 2121 animum
1027 2079 1080 2120 ad
1111 2094 1269 2120 novam
1300 2079 1551 2130 editionem,
1572 2079 1643 2121 cui
1673 2087 1718 2120 et

274 2153 406 2195 ceteri
439 2151 625 2192 minores
659 2148 883 2190 Ciceronis
917 2147 1015 2188 libri
1055 2147 1232 2188 oratorii
1269 2147 1404 2188 additi
1436 2155 1549 2198 sunt,
1581 2162 1719 2204 eaque

274 2222 394 2263 facta
414 2228 479 2261 cst
510 2233 548 2260 a.
586 2223 707 2260 1514.
738 2216 978 2271 eodemque
1009 2215 1116 2256 adeo
1153 2230 1281 2267 anno,
1312 2230 1398 2271 quo
1427 2214 1587 2257 Aldina
1617 2231 1718 2273 pro-

276 2290 370 2340 diit,
394 2288 446 2329 de
478 2301 563 2343 qua
593 2300 722 2342 supra
751 2284 930 2326 dictum.
993 2282 1044 2324 Ei
1077 2298 1121 2324 se
1152 2283 1376 2339 praefuisse
1409 2281 1546 2326 Lucas
1576 2283 1717 2327 Robia

238 2402 241 2404 ,
274 2357 503 2415 profitetur
521 2355 641 2396 brevi
664 2351 935 2410 praefatione,
960 2351 1034 2393 sed
1065 2366 1171 2406 quos
1195 2352 1326 2393 libros
1346 2362 1517 2394 secutus
1540 2352 1610 2404 sit,
1631 2367 1719 2409 qua

274 2426 443 2467 ratione
464 2421 720 2464 emendandi
742 2435 842 2461 usus
865 2419 934 2471 sit,
956 2434 1044 2460 non
1066 2420 1211 2461 tradit.
1273 2420 1406 2462 Basin
1425 2421 1600 2477 quidem
1622 2430 1718 2464 tex-

273 2504 345 2535 tus
367 2493 431 2534 sui
455 2491 607 2533 fecisse
630 2488 1002 2530 Mediolanensem
1024 2487 1322 2540 animadverti,
1342 2489 1414 2530 sed
1436 2503 1534 2530 eum
1557 2491 1717 2546 passim

275 2560 538 2604 correxisse:
571 2556 806 2613 quomodo,
837 2555 1036 2612 exempla
1065 2556 1108 2596 in
1139 2556 1253 2598 notis
1275 2557 1434 2597 nostris
1457 2558 1629 2614 prodita
1651 2558 1717 2599 in-

275 2629 498 2670 dicabunt.
561 2625 722 2668 Differt
743 2625 812 2666 ille
843 2624 1017 2679 quidem
1049 2638 1163 2679 saepe
1194 2625 1247 2665 ab
1279 2624 1454 2676 Aldino,
1477 2625 1520 2666 in
1543 2640 1629 2681 quo
1650 2626 1718 2667 ni-

272 2697 355 2738 mis
379 2695 514 2737 multa
534 2694 587 2735 de
609 2693 862 2750 conjectura
882 2700 1051 2733 mutata
1073 2701 1186 2743 sunt,
1209 2692 1460 2748 plerumque
1481 2707 1568 2734 non
1591 2694 1718 2746 bene,

275 2774 324 2804 ut
353 2764 478 2805 nobis
502 2762 684 2804 videtur.
746 2760 803 2802 Et
827 2770 971 2802 tamen
1002 2759 1073 2801 hic
1105 2768 1249 2801 textus
1282 2759 1479 2812 Aldinus,
1509 2770 1558 2802 ut
1589 2776 1718 2818 supra

278 2832 482 2883 diximus,
513 2830 815 2874 auctoritatem
847 2829 1031 2901 Primam
1052 2828 1167 2885 apud
1189 2836 1414 2885 sequentes
1436 2829 1622 2871 editores
1653 2837 1718 2870 te-
