1945 3235
650 115 836 155 LIBER
864 115 1138 155 TERTIUS.
1542 119 1619 155 389

175 219 276 272 silii,
295 229 338 263 et
360 221 558 279 gerendae
577 220 764 263 civitatis
782 220 951 271 ducem,
966 229 1009 261 et
1032 218 1254 260 sententiae
1268 230 1396 283 atque
1418 219 1621 276 eloquen-

177 279 250 319 tiae
275 281 528 336 principem,
551 280 594 319 in
618 287 781 328 senatu,
812 278 855 318 in
887 276 1096 333 populo,
1088 291 1127 316 m
1161 291 1300 317 caus1s
1319 278 1507 341 publicis
1528 291 1620 318 esse

175 336 388 378 volumus.
450 337 543 377 Nec
564 335 646 377 ulla
668 345 809 376 tamen
832 335 870 375 ei
903 333 1188 390 philosophiae
1213 333 1287 374 fiet
1316 334 1473 388 injuria
1494 350 1518 375 a
1539 349 1618 375 no-

177 393 257 434 bis.
318 397 357 428 57
374 395 472 435 Non
496 394 609 434 enim
634 393 859 448 repelletur
877 392 991 442 inde,
1021 405 1107 446 quo
1138 405 1194 446 ag
1198 390 1316 446 gredi
1339 391 1509 446 cupiet:
1542 392 1615 432 sed

175 449 218 490 in
241 451 419 492 hortulis
441 451 632 505 quiescet
650 464 750 499 51115,
774 449 847 489 ubi
870 448 976 500 vult,
1002 449 1073 489 ubi
1096 448 1227 488 etiam
1250 448 1457 489 recubans
1478 448 1615 488 molli-

176 517 239 548 ter
260 518 304 549 et
325 509 519 558 delicate,
549 522 625 547 nos
649 515 802 547 avocat
833 521 857 546 a
879 506 1039 557 rostris,
1063 521 1088 546 a
1109 505 1305 561 judiciis,
1326 520 1351 545 a
1372 505 1505 556 curia,
1528 504 1614 545 for-

176 574 287 606 tasse
323 566 550 621 sapienter,
588 567 627 594 58
646 564 725 604 hac
764 563 1003 627 praesertim
1037 563 1270 619 republica.
1334 562 1491 602 Verum
1532 575 1613 617 ego
1626 572 1678 605 64

175 636 260 662 non
283 637 430 686 quaero
460 636 587 671 nunc,
621 635 717 676 quae
749 621 804 661 sit
837 621 1114 677 philosophia
1147 620 1379 671 verissima,
1413 619 1486 660 sed
1519 633 1616 673 quae

174 694 223 719 01
224 680 332 720 ¹itori
352 679 587 734 conjuncta
604 678 1016 725 max1me.Qua1e
1039 678 1143 719 istos
1167 679 1257 718 sine
1279 677 1365 718 ulla
1394 686 1620 717 contume-

172 735 230 777 lia
251 736 533 776 dimittamus.
558 747 656 777 sunt
689 736 804 776 enim
827 744 871 776 et
906 735 1007 776 boni
1032 735 1126 786 viri,
1149 745 1191 775 et
1213 735 1417 790 quoniam
1446 733 1527 774 sibi
1559 733 1621 774 ita

174 794 386 843 videntur,
408 793 538 834 beati.
558 802 812 847 tantumque
834 807 907 833 eos
937 793 1258 843 admoneamus,
1281 791 1466 843 utillud,
1489 791 1621 832 etiam

173 849 208 890 si
238 859 302 890 est
324 825 605 900 veiissimum,
629 850 809 890 tacitum
843 860 1001 901 tamen,
1024 858 1241 906 tamquam
1266 850 1534 906 mysterium,
1557 858 1620 889 te-

172 917 316 957 neant,
331 908 444 963 quod
467 917 627 964 negant
648 908 803 948 versari
822 908 864 948 in
884 907 1104 972 republica
1121 922 1213 948 esse
1233 907 1453 972 sapientis,
1489 907 1618 957 Nam,

172 964 207 1004 si
239 964 320 1005 hoc
355 966 493 1017 nobis,
527 975 655 1020 atque
687 966 854 1021 optimo
877 968 1032 1020 cuique
1062 966 1364 1029 persuaserint,
1388 979 1471 1005 non
1497 974 1619 1020 pote-

172 1032 272 1062 runt
308 1022 388 1081 ipsi
426 1037 531 1073 esse,
561 1023 603 1063 id
634 1023 749 1078 quod
786 1023 974 1063 maxime
1009 1024 1205 1079 cupiunt,
1234 1023 1379 1063 otiosi.
1447 1012 1701 1063 Stoicoslss

172 1089 332 1130 autem,
356 1095 463 1135 quos
488 1080 665 1120 minime
690 1080 910 1144 ...improbo
930 1080 1103 1121 dimitto
1123 1090 1281 1130 tamen,
1300 1095 1378 1120 nec
1397 1094 1470 1121 eos
1488 1088 1680 1121 11at0s65

173 1151 335 1187 v·,ere01
353 1137 557 1192 quoniam
582 1152 759 1178 ommno
780 1152 903 1178 nasei
929 1138 1148 1179 nesciunt:
1181 1146 1310 1192 atque
1330 1137 1471 1178 hanc
1464 1138 1513 1178 1is
1546 1137 1621 1177 ha-

174 1194 256 1235 beo
291 1195 490 1259 gratiam,
521 1195 637 1250 quod
669 1195 746 1235 soli
783 1209 836 1235 ex
861 1196 1062 1236 omnibus
1084 1195 1389 1259 eloquentiam,
1417 1195 1620 1235 virtutem

171 1266 222 1292 ac
246 1252 501 1307 sapientiam
519 1266 609 1292 esse
628 1252 751 1292 dixer
755 1261 845 1293 unt
908 1252 990 1293 Sed
1010 1263 1239 1307 utrumque
1257 1262 1321 1293 est
1341 1253 1382 1293 in
1402 1252 1483 1303 his,
1505 1251 1652 1320 quoda
1634 1258 1665 1287 Ρ·
1687 1248 1757 1279 149.

173 1310 228 1349 ab
258 1309 356 1359 hoc,
385 1324 513 1364 quem
545 1309 811 1361 instruimus,
836 1319 1006 1350 or·at01e
1034 1310 1154 1350 valde
1188 1300 1652 1359 abh01·1eat:59vel‚³

173 1367 288 1421 quod
311 1381 476 1417 omnes,
495 1366 569 1422 qui
595 1367 808 1422 sapientes
826 1382 911 1408 non
937 1369 1036 1418 sint,
1061 1382 1220 1419 servos,
1238 1368 1438 1418 latrones,
1461 1366 1623 1417 hostes,

173 1423 346 1465 insanos
383 1438 474 1465 esse
508 1424 685 1475 dicunt3
717 1439 855 1480 neque
881 1434 1023 1466 tamen
1054 1439 1313 1489 quemquam
1339 1439 1430 1466 esse
1455 1425 1624 1481 sapien-

175 1490 277 1522 tem.
339 1481 473 1522 Valde
502 1492 645 1522 autem
677 1491 742 1522 est
768 1483 1016 1533 absurdum,
1047 1498 1085 1523 61
1112 1497 1383 1534 coneionem‚
1407 1491 1482 1523 aut
1505 1497 1626 1523 sena-

173 1547 281 1590 tum,
302 1547 375 1579 aut
394 1538 525 1580 ullum
545 1549 711 1580 coetum
736 1539 960 1580 bominum
985 1541 1271 1591 committere,
1294 1540 1363 1580 cui
1385 1554 1511 1581 nemo
1531 1539 1625 1581 illo-

173 1610 283 1646 rum,
307 1597 380 1651 qui
405 1596 561 1647 adsint,
577 1611 718 1646 sanus,
737 1611 862 1637 nemo
881 1598 1003 1648 civis,
1029 1613 1154 1639 nemo
1174 1598 1280 1639 libcr
1300 1612 1391 1638 esse
1415 1597 1622 1638 videatur.

174 1653 359 1695 Accedit
382 1654 497 1709 quod
522 1654 728 1694 orationis
757 1655 888 1695 etiam
909 1669 1044 1710 genus
1068 1655 1228 1696 habent
1252 1655 1432 1695 fortasse
1451 1655 1621 1705 subtile,
1632 1656 1686 1693 66

174 1711 216 1741 60
229 1720 272 1751 et
295 1722 410 1752 certe
433 1721 634 1752 acutum:
668 1712 755 1762 sed,
776 1722 823 1752 ut
845 1712 888 1752 in
913 1722 1097 1763 oratore,
1117 1713 1244 1764 exile,
1262 1713 1532 1763 inusitatum,
1548 1713 1625 1753 ab·

175 1767 352 1809 horrens
373 1769 427 1809 ab
450 1768 622 1809 auribus
642 1768 776 1825 vulgi,
794 1770 1041 1821 obscurum,
1066 1771 1208 1821 inane,
1224 1769 1444 1826 jejunum,
1461 1770 1626 1811 61atta-

176 1840 275 1866 men
299 1826 526 1882 ejusmodi,
551 1841 636 1881 quo
663 1827 723 1867 uti
747 1827 798 1868 ad
836 1828 987 1884 vulgus
1020 1828 1136 1869 nullo
1158 1829 1289 1869 modo
1316 1828 1466 1883 possit.
1525 1826 1626 1868 Alia

175 1884 289 1924 enim
321 1893 363 1924 et
387 1884 514 1934 bona,
544 1894 587 1924 et
610 1884 722 1924 mala
752 1884 950 1925 videntur
983 1885 1156 1936 Stoicis,
1190 1896 1233 1926 et
1263 1885 1416 1926 ceteris
1439 1885 1624 1935 civibus,

174 1945 240 1981 vel
280 1942 423 1997 potius
459 1942 691 1997 gentibus:
723 1941 805 1982 alia
839 1943 900 1982 vis
925 1943 1114 1993 honoris,
1147 1943 1414 1999 ignominiae,
1438 1941 1623 2007 praeumii,

176 1999 402 2054 supplicii:
436 2013 547 2049 vere,
566 2014 619 2039 an
646 2013 780 2050 secus,
804 1999 911 2040 nihil
932 2000 984 2040 ad
1009 2000 1091 2041 hoc
1118 2011 1309 2056 tempus:
1343 2001 1415 2041 sed
1434 2015 1484 2040 ea
1503 2015 1536 2040 51
1558 2014 1623 2040 56-

175 2070 249 2109 qu
237 2071 372 2106 unm
401 2055 560 2096 nullam
596 2071 799 2111 umquam
832 2072 919 2098 rem
944 2058 1128 2099 dicendo
1158 2058 1363 2114 expedire
1393 2058 1622 2114 possimus.

178 2112 352 2170 Reliqui
377 2122 477 2155 sunt
498 2112 776 2172 Peripatetici
798 2127 842 2156 et
863 2115 1139 2159 Academici:
1172 2130 1433 2172 quamquam
1453 2115 1619 2157 Acade·
1630 2118 1685 2159 67

221 2279 259 2311 57
285 2277 364 2307 Non
387 2278 474 2308 enim
501 2278 679 2317 repelletur
705 2278 792 2315 inde,
819 2288 880 2318 quo

177 2320 318 2357 aggredi
341 2320 461 2359 cupiet]
489 2320 569 2350 Haec
594 2320 722 2350 nullum
748 2330 878 2351 sensum

178 2361 316 2392 habent:
342 2367 376 2392 et
399 2363 526 2393 variant
540 2362 622 2393 Edd.
645 2372 694 2403 pr.
734 2362 798 2400 An,
814 2373 879 2393 non

179 2405 265 2435 em'm
279 2406 466 2441 revelletur,
481 2405 567 2435 unde
589 2405 729 2444 aggredi
750 2407 876 2445 cupiet,-

178 2446 263 2484 quod
274 2447 482 2486 sequentibus
492 2448 574 2479 bene
584 2447 749 2484 convenit,
761 2457 878 2489 nempe

180 2489 220 2518 ab
235 2489 373 2519 hortulis
388 2489 464 2520 suis.

224 2533 262 2561 58
287 2532 347 2561 hac
355 2541 440 2571 2¹¹¹·oe
432 2534 539 2563 ·ertim
556 2532 737 2572 republica]
763 2531 823 2562 Est
838 2532 878 2562 ab

182 2571 356 2610 Lambim»,
382 2584 479 2613 quem
505 2580 593 2605 recte
616 2575 716 2605 ceteri
739 2579 817 2604 sunt
833 2584 881 2604 se-

182 2615 263 2645 cuti.
309 2596 390 2646 Edd.
416 2623 496 2647 vett.
522 2617 573 2647 vel
594 2627 635 2648 αι·
653 2617 835 2657 praesertim
860 2626 882 2647 a

181 2657 359 2696 republica,
375 2659 426 2689 vel
437 2669 606 2708 acpraeser
609 2661 668 2690 tam
681 2661 781 2690 etlam
797 2669 818 2689 a
830 2668 882 2689 re-

177 2700 335 2738 publica:
359 2710 432 2739 quae
447 2709 524 2732 sunt
538 2702 662 2742 inepta.

227 2743 266 2775 59
288 2744 350 2778 vel,
377 2744 461 2782 quod
483 2745 605 2784 omnes]
635 2745 713 2776 Non
735 2743 883 2782 sequitur

184 2783 274 2814 aliud
301 2786 367 2817 vel‚·
394 2784 450 2815 sed
475 2790 587 2816 tamen
617 2787 758 2818 alterum
786 2789 883 2815 sensu

182 2831 232 2855 est
261 2826 295 2855 in
319 2826 436 2863 verbis,
463 2828 596 2859 Accedit
619 2830 703 2868 quod
727 2828 885 2859 oratioms

181 2877 287 2908 genus
305 2869 363 2900 &cu
399 2870 485 2901 Sunt
499 2871 586 2905 enim
600 2871 677 2910 duo,
690 2881 763 2911 quae
777 2879 883 2911 repre-

920 2277 1060 2310 hendat:
1084 2279 1229 2320 primum
1253 2279 1287 2309 in
1302 2278 1412 2315 rebus,
1427 2278 1569 2308 alterum
1585 2278 1621 2308 in

920 2322 1037 2353 verbis.
1065 2322 1211 2352 Mutavit
1225 2321 1365 2351 formam
1377 2321 1534 2351 orationis
1548 2330 1622 2361 pro-

920 2369 994 2404 pter
1008 2364 1190 2404 longiorem
1206 2363 1502 2403 interpositionem.

964 2407 1005 2437 60
1026 2411 1058 2437 et
1070 2411 1156 2437 certe
1171 2406 1321 2445 acutum]
1340 2405 1390 2436 Et
1400 2406 1517 2436 melius
1530 2406 1622 2436 abes-

921 2453 983 2485 set,
1000 2459 1060 2480 nee
1084 2460 1103 2480 a
1123 2449 1280 2480 Cicerone
1302 2448 1336 2478 in
1362 2448 1421 2479 hac
1445 2448 1551 2479 forma
1565 2457 1623 2489 po·

922 2491 1025 2522 nitur.

964 2534 1001 2563 61
1027 2537 1177 2563 attamen
1200 2530 1370 2573 ejusmodi]
1398 2533 1556 2563 Attamen
1582 2531 1624 2563 ab

923 2574 986 2605 hoe
1009 2575 1082 2605 loco
1109 2575 1296 2611 abhorrere,
1322 2583 1434 2605 omnes
1459 2576 1623 2613 sentiunt,

924 2617 980 2647 sed
1005 2618 1093 2648 varie
1121 2618 1313 2656 corrigunt3
1349 2617 1383 2647 in
1420 2617 1470 2648 his
1497 2618 1624 2658 optime

925 2659 1105 2691 Lambinus
1113 2670 1153 2690 ac
1166 2660 1315 2690 tandem.-
1330 2659 1416 2699 quod
1424 2660 1524 2690 etiam
1536 2670 1624 2699 quae-

925 2702 1001 2732 dam
1024 2702 1096 2733 edd.
1111 2703 1246 2733 habent.
1292 2702 1376 2733 Mihi
1391 2702 1454 2732 hoc
1467 2702 1623 2741 languere

926 2744 1066 2781 videtur,
1080 2745 1259 2784 malimque
1274 2754 1314 2774 ac
1332 2748 1435 2775 totum
1454 2743 1621 2785 ejusmodi.

926 2786 1046 2818 Ortum
1062 2792 1112 2818 est
1124 2788 1241 2818 vitium
1256 2798 1273 2817 e
1289 2786 1450 2826 scriptura
1469 2795 1624 2828 compen-

926 2829 1039 2860 diaria.
1083 2830 1122 2860 In
1132 2831 1234 2873 possit
1248 2829 1355 2860 intell.
1372 2833 1492 2860 orator.

844 2918 971 2956 cc3
