1945 3235
335 178 413 214 002
429 197 432 201 ·
717 171 953 216 ORATOR}
962 175 1012 213 :E
1056 168 1425 215 PARTITIONES.

336 288 406 322 cta
427 287 469 320 et
492 288 671 320 eventus
698 288 770 321 aut
805 280 972 322 consilii
1009 289 1122 331 sunt,
1144 290 1216 320 aut
1247 279 1576 338 imprudentiae3
1606 272 1703 337 quae
1724 276 1791 324 esf

337 337 479 378 autin
511 351 627 386 casu,
665 348 740 379 aut
775 337 817 380 in
850 339 1033 394 quadam
1064 338 1194 378 animi
1220 338 1511 393 permotione:
1543 352 1660 390 casu,
1687 335 1786 380 cum

338 394 510 435 ⁵9aliter
545 395 717 446 cecidit,
739 410 789 436 ac
824 405 1019 451 putatum
1051 395 1128 436 sit:
1164 395 1446 451 permotione,
1469 409 1567 436 cum
1603 405 1678 437 aut
1709 396 1787 437 ob·-

340 450 458 503 livio,
485 462 558 493 aut
580 466 710 502 error,
733 462 807 493 aut
827 463 978 502 metim,
1001 462 1073 493 aut
1106 452 1249 508 aliqua
1268 452 1520 508 cupiditatis
1543 467 1671 494 causa
1693 467 1788 509 per-

338 510 505 552 movit.⁴
555 508 632 551 Est
653 510 782 550 etiarn
809 510 851 549 in
883 509 1171 564 imprudentia
1195 510 1424 550 necessitas
1443 510 1655 565 ponenda.
1704 510 1790 552 Re-

339 581 434 608 rum
467 576 609 608 autem
635 568 840 608 bonarum
866 576 909 607 ct
940 565 1145 607 malarum
1172 567 1252 608 tria
1274 579 1373 607 sunt
1396 581 1567 623 genera.
1590 581 1688 609 nam
1711 578 1788 609 ant

340 624 383 664 in
404 625 574 675 animis,
597 635 671 665 aut
695 625 736 664 in
760 622 1028 678 corporibuS,
1051 634 1125 664 aut
1147 635 1270 665 extra
1290 639 1380 665 esse
1404 634 1598 680 possunt.
1642 624 1789 680 Hujus*

342 681 476 738 igitur
518 682 722 731 materia),
764 681 815 722 ad
863 690 1163 735 argumentum
1212 681 1436 735 subjecta»,
1483 681 1790 737 perlustrandae

343 738 487 781 animo
511 748 651 795 partes
668 747 793 779 eruut
814 752 978 788 omncs)
995 746 1038 777 et
1059 738 1111 778 ad
1136 737 1192 787 id,
1211 739 1325 793 quod
1345 751 1512 795 agetur,
1530 753 1584 780 ex
1607 739 1671 780 sin
1710 739 1789 781 ulis

281 813 331 848 39
344 796 594 852 conjectura
616 796 839 852 capienda.
874 794 950 836 Est
971 795 1102 838 ctiam
1124 809 1259 850 genus
1282 806 1635 851 argumentorum
1658 753 1790 848 affiud,

342 854 457 908 quod
489 867 543 894 ex
577 853 679 895 facti
715 852 910 909 vestigiis
938 852 1134 901 sumitur,
1161 862 1209 892 ut
1239 852 1386 904 telum,
1418 868 1557 904 cruor,
1578 853 1792 895 60clamor

342 911 498 960 editus,
527 911 747 962 titubatio,
775 909 1034 966 permutatio
1058 909 1227 959 coloris,
1259 910 1397 951 oratio
1417 910 1680 962 inconstans,
1704 920 1789 952 tre-

341 982 450 1018 mor,
487 978 530 1010 ct
561 982 710 1009 eorum
745 967 921 1023 aliquid,
953 967 1067 1022 quod
1092 981 1214 1007 sensu
1241 967 1403 1023 percipi
1426 967 1589 1023 possit:
1620 968 1788 1010 etiamsi

342 1035 630 1081 praeparatum
653 1025 830 1081 aliquid,
852 1025 885 1065 si
910 1024 1277 1065 communicatum
1294 1039 1392 1065 cum
1407 1025 1566 1080 aliquo,
1585 1024 1618 1065 si
1640 1034 1792 1081 postea

280 1103 332 1135 40
345 1083 498 1133 visum,
520 1083 730 1133 auditum,
761 1082 1012 1124 indicatum.
1074 1081 1334 1122 Verisimilia
1353 1091 1496 1123 autem
1526 1082 1680 1138 partim
1703 1082 1791 1124 sin-

344 1140 445 1196 gula
465 1150 642 1182 movent
664 1155 740 1181 suo
765 1139 966 1196 pondere,
983 1139 1155 1196 partim,
1174 1139 1341 1180 etiamsi
1364 1139 1562 1181 videntur
1582 1153 1674 1181 esse
1694 1139 1788 1181 exi-

301 1216 330 1245 Β,
345 1212 427 1253 gua
448 1212 523 1254 per
544 1212 602 1248 sc,
625 1198 807 1238 multum
830 1208 988 1248 tamen,
1010 1211 1108 1238 cum
1132 1206 1232 1237 sunt
1252 1207 1519 1248 coacervata,
1543 1195 1798 1253 proficiunt.

342 1265 472 1311 atque
495 1256 537 1296 in
569 1256 636 1296 his
658 1254 961 1296 verisimilibus
985 1255 1131 1294 insunt
1159 1268 1483 1309 nonnumquam
1506 1254 1637 1296 etiam
1659 1264 1790 1296 certae

342 1327 479 1354 rerum
515 1323 558 1353 et
586 1313 775 1369 propriae.
807 1323 936 1353 notae.
999 1311 1244 1352 Maximam
1275 1323 1419 1352 autem
1447 1311 1552 1353 facit
1574 1311 1702 1353 fidem
1735 1310 1798 1353 ad'

340 1370 666 1411 similitudinem
696 1370 798 1421 veri,
827 1370 1014 1425 primum
1047 1369 1321 1424 exemplum;
1352 1369 1507 1410 deinde
1544 1368 1791 1410 introducta

341 1428 399 1468 rei
422 1427 682 1469 similitudo:
717 1427 864 1468 fabula
893 1427 1023 1468 etiam
1049 1440 1388 1482 nonnumquam,
1409 1427 1445 1458 6¹
1463 1426 1543 1467 etsi
1565 1436 1631 1467 est
1652 1426 1791 1468 incre-

341 1485 500 1534 dibilis,
524 1494 664 1531 tamen
688 1485 882 1525 homines
904 1493 1165 1525 commovet.

264 1551 326 1597 12
402 1542 453 1583 C.
480 1543 526 1583 Γ.
550 1543 696 1589 Quid?
728 1542 992 1582 delinitionis
1015 1556 1112 1595 quae
1136 1541 1245 1581 ratio
1267 1549 1332 1582 est
1352 1549 1396 1581 et
1417 1555 1513 1596 quae
1536 1540 1629 1582 via?
1661 1540 1713 1582 C.
1739 1540 1796 1583 P.

279 1624 326 1655 41
347 1600 444 1641 Non
470 1600 649 1640 dubium
684 1608 749 1640 est
782 1599 824 1640 id
855 1599 1046 1654 quidem,
1074 1598 1179 1654 quin
1201 1597 1398 1638 definitio
1426 1611 1580 1653 genere
1603 1597 1791 1639 declare-

344 1667 425 1707 tur,
467 1667 510 1698 et
550 1657 811 1713 proprietate
852 1656 1052 1710 quadam,
1091 1664 1166 1695 aut
1203 1656 1333 1696 etiam
1375 1655 1668 1695 communium
1707 1655 1800 1697 si·e-·

339 1715 530 1769 quentia,
549 1730 603 1755 ex
627 1715 799 1769 quibus,
813 1714 1034 1769 proprium
1053 1713 1154 1768 quid
1171 1713 1239 1763 sit,
1257 1713 1436 1754 eluceat.
1478 1712 1560 1753 Sed
1583 1712 1790 1767 quoniam

337 1773 391 1813 de
415 1773 598 1828 propriis
621 1773 756 1812 oritur
786 1773 1035 1827 plerumque
1066 1785 1225 1826 magna
1252 1769 1475 1820 dissensio,
1497 1769 1791 1811 definiendum

337 1839 402 1870 est
425 1845 539 1886 saepe
569 1845 624 1871 ex
647 1829 887 1879 contrariis,
911 1843 1025 1884 saepe
1048 1828 1177 1867 etiam
1201 1842 1253 1868 ex
1283 1826 1577 1877 dissimilibus,
1600 1841 1714 1883 saepe
1733 1841 1788 1868 ex

337 1888 527 1943 paribus.
591 1887 886 1934 Quamobrem
926 1885 1236 1941 descriptiones
1275 1898 1446 1940 quoque
1485 1893 1585 1924 sunt
1626 1884 1670 1924 in
1706 1884 1790 1926 hoc

339 1959 495 1999 genere
528 1959 643 2000 saepe
671 1954 801 2000 aptae,
823 1952 866 1984 et
888 1942 1154 1984 enumeratio
1177 1941 1550 1998 consequentium,
1572 1941 1790 1998 inprimis-

339 2016 422 2057 que
443 2012 689 2043 commovet
711 2001 946 2057 explicatio
971 1999 1167 2040 vocabuli
1190 2015 1239 2041 ac
1257 1999 1458 2040 nominis.

275 2071 325 2104 4‘2
400 2059 452 2101 C.
477 2060 524 2100 F.
549 2059 660 2101 Sunt
680 2058 882 2115 exposita
905 2058 999 2113 jam
1032 2058 1119 2099 sere
1152 2072 1216 2108 ea,
1249 2072 1346 2112 quae
1377 2057 1430 2098 de
1453 2055 1788 2112 fact0,quaeque

338 2116 390 2158 de
418 2117 520 2158 facti
552 2116 839 2173 appellatione
867 2125 1133 2171 quaeruntur.
1194 2115 1364 2170 Nempe
1386 2115 1519 2170 igitur
1539 2128 1590 2154 ea
1610 2122 1787 2166 restant,

337 2189 450 2229 quae,
469 2176 509 2205 62
520 2189 618 2215 cum
644 2174 804 2215 factum
841 2182 1025 2223 constet,
1047 2182 1091 2213 et
1120 2187 1292 2222 nomen,
1315 2173 1458 2226 qualia
1488 2171 1587 2222 sint,
1607 2181 1787 2212 vocatur

338 2233 381 2272 in
405 2232 600 2274 dubium.
663 2231 715 2273 C.
738 2231 787 2272 P.
815 2231 892 2272 Est
916 2231 989 2281 ita,
1013 2242 1059 2270 ut
1081 2230 1204 2271 dieis.
1248 2229 1300 2271 C.
1325 2229 1373 2270 F.
1397 2229 1508 2275 Quae
1532 2239 1632 2269 sunt
1653 2228 1788 2284 igitur

338 2289 379 2330 in
395 2305 445 2330 eo
465 2304 621 2343 genere
640 2299 781 2345 partes
798 2291 810 2331 ?
843 2288 894 2329 C.
913 2288 962 2329 P.
980 2286 1181 2342 Autjure
1199 2288 1238 2318 63
1254 2287 1432 2337 factum,
1451 2285 1690 2342 depellendi
1713 2295 1789 2327 aut

337 2343 569 2388 ulciscendi
593 2347 752 2387 doloris
785 2346 936 2402 gratia,
967 2354 1043 2386 aut
1067 2345 1254 2400 pietatiS,
1276 2353 1350 2385 aut
1373 2343 1610 2400 pudicitiae,
1631 2353 1705 2384 aut
1722 2356 1787 2384 re-

337 2403 526 2459 lig-ionis,
550 2414 623 2445 aut
656 2405 804 2460 patriae
837 2403 1026 2453 nomine,
1057 2411 1131 2443 aut
1159 2403 1343 2457 denique
1368 2401 1635 2452 necessitate,
1655 2400 1786 2441 insci-

274 2478 322 2511 43
339 2463 412 2513 tia,
448 2477 564 2503 casu.
626 2462 739 2503 Nam
778 2476 875 2518 quae
911 2470 1031 2501 motu
1064 2460 1194 2501 animi
1233 2469 1276 2500 et
1306 2459 1630 2516 perturbatione
1671 2457 1788 2499 facta

379 2589 419 2620 59
441 2588 540 2617 aliter
556 2587 683 2626 cecidit]
713 2587 765 2616 Sic
789 2585 838 2617 ed.
855 2586 937 2617 Ven.
953 2583 1040 2624 quod
1082 2595 1157 2615 men
1171 2586 1267 2624 quale
1278 2585 1330 2615 sit.
1347 2584 1442 2620 bene,
1457 2587 1495 2614 ut
1509 2586 1603 2623 puto-

336 2635 386 2659 ost
415 2630 532 2660 melius
569 2640 666 2668 qiiam
702 2629 872 2667 vulgatum
909 2628 1038 2658 acddit.
1125 2628 1164 2657 63
1177 2627 1316 2668 jhc-mm
1342 2627 1526 2666 depellitur,
1542 2629 1602 2655 aue
1627 2623 1708 2665 ula]
1731 2624 1786 2655 Sic

339 2673 417 2702 Mox
432 2672 545 2702 cadem
568 2682 627 2711 pro
645 2673 796 2711 ponenda
812 2672 909 2702 habet
919 2671 1039 2710 ponde·
1082 2669 1219 2708 vulgati.
1250 2669 1430 2699 Lambinus
1443 2668 1627 2707 corrigebat
1641 2667 1786 2706 delendi-

335 2715 458 2745 rmnln.
1083 2716 1151 2749 eur,
1167 2716 1205 2741 ut
1220 2717 1270 2741 est
1281 2712 1353 2742 aliis
1366 2711 1445 2741 locis
1460 2711 1493 2740 in
1509 2709 1568 2740 tali
1582 2719 1628 2745 re,
1643 2714 1679 2740 ut
1693 2719 1722 2739 c.
1736 2712 1784 2743 19.
1800 2722 1803 2726 ·

377 2758 418 2786 60
440 2758 567 2786 clamor
580 2755 698 2794 editus]
723 2755 782 2785 Ed.
798 2754 1038 2786 Vcn.c1urlitus.
1082 2754 1246 2785 Neutrum
1263 2754 1380 2793 probat
1395 2753 1568 2782 Gruterus.
1589 2752 1654 2783 Ms.
1670 2751 1709 2782 V.
1725 2761 1788 2781 au-

375 2801 410 2829 61
439 2801 496 2829 ets-t
512 2803 558 2829 est
571 2798 780 2837 incredibilis]
799 2798 851 2828 Sic
867 2806 953 2828 reete
970 2799 1033 2828 Ms.
1078 2802 1147 2826 tem
1162 2802 1197 2826 et
1217 2796 1266 2826 ed.
1281 2796 1364 2826 Ven.
1379 2795 1502 2825 habent
1525 2793 1703 2834 depellendi
1724 2797 1786 2824 aut

333 2841 371 2871 Ε.
388 2841 485 2879 vulgo
497 2843 550 2871 sil.
1079 2840 1143 2868 ule.
1167 2837 1253 2877 quod
1279 2848 1388 2868 verum
1417 2844 1511 2877 putu,
1540 2843 1639 2877 atque
1663 2835 1781 2877 recepi.
1803 2852 1805 2855 ·

375 2884 414 2913 62
437 2894 513 2913 cum
525 2882 663 2923 saelum
687 2886 820 2918 constet,
849 2886 879 2911 et
904 2891 1032 2918 nomen,
1080 2881 1145 2912 Ms.
1162 2881 1188 2910 E
1216 2879 1314 2911 habet
1328 2881 1522 2920 appelletur.

333 2927 445 2965 qualia
467 2926 546 2965 sint]
578 2926 639 2956 Μς.
660 2925 699 2956 E.
716 2929 746 2955 a!
758 2923 911 2964 J'aclum,
927 2928 957 2955 el
979 2933 1035 2953 m-
