1945 3235
316 138 370 173 26
801 135 884 175 AD
916 135 1291 176 HERENNIUM
1316 148 1319 149 ⁷

318 237 404 281 hoc
424 238 557 280 modo
578 238 853 281 tractandum
875 250 955 282 est.
989 240 1200 292 Primum,
1220 240 1331 282 sitne
1353 240 1625 296 ambiguum,
1646 255 1766 297 quae-

319 294 501 336 rendum
522 306 602 337 est.
639 295 821 347 Deinde,
843 299 1063 352 quomodo
1083 299 1291 354 scriptum
1311 306 1437 348 esset,
1460 298 1494 338 si
1517 297 1574 349 id,
1595 299 1766 353 44quod

319 351 551 394 adversarii
587 353 938 410 interpretentur,
972 355 1157 411 scriptor
1180 356 1270 396 fieri
1296 355 1514 406 voluisset,
1535 355 1767 396 ostenden-

320 408 422 450 dum
445 420 524 452 est.
563 409 730 452 Deinde
753 411 810 462 id,
833 412 949 467 quod
976 427 1054 453 nos
1079 413 1422 469 interpretemur,
1444 421 1489 453 et
1511 411 1601 452 fieri
1626 426 1767 468 posse,

319 476 364 507 et
387 465 580 520 honeste,
594 478 722 519 recte,
747 468 854 525 lege,
875 483 1006 520 more,
1026 479 1193 520 natura,
1214 471 1328 512 bono
1351 479 1395 511 et
1413 484 1539 524 aequo
1563 469 1653 510 fieri
1668 484 1770 525 pos-.

272 543 276 546 ·
320 537 391 574 se;
423 526 538 580 quod
579 526 809 567 adversarii
843 526 1193 582 interpretentur,
1223 543 1247 569 e
1287 527 1532 569 contrario:
1565 541 1644 568 nec
1676 534 1772 568 esse'

320 582 527 638 ambigue
562 583 786 639 scriptum,
817 597 916 624 cum
951 584 1229 637 intelligutur,
1265 594 1409 626 utrum
1432 584 1647 627 sententia
1667 598 1770 625 vera

321 639 391 680 sit.
451 642 632 690 4:³b’unt,
663 640 737 695 qui
769 641 1045 692 arbitrentur,
1079 641 1131 682 ad
1166 641 1277 683 lianc
1299 656 1474 684 causam
1497 640 1769 683 tractandam

320 695 598 738 vehementer
617 698 830 753 pertinere
842 698 1140 754 cognitionem
1159 699 1522 756 ampliiboliarum
1541 713 1651 750 eam,
1670 713 1769 754 quae

321 768 344 794 a
377 754 614 795 dialecticis
649 753 880 810 profertur.
942 756 1036 797 Kos
1072 770 1171 797 vero
1212 757 1486 807 arbitramur,
1517 771 1605 798 non
1635 755 1769 798 modo

321 810 439 851 nullo
453 811 706 866 adjumento
728 827 834 863 esse,
853 813 926 853 sed
951 813 1094 869 potius
1113 815 1306 856 maximo
1326 814 1653 870 impedimento.
1676 827 1771 855 om-

318 882 397 909 nes
429 870 545 909 enim
581 869 639 910 illi
671 869 958 925 amphibolias
993 880 1278 927 aucupantur,
1308 886 1379 913 eas
1412 872 1558 922 etiam,
1592 886 1690 926 quae
1713 883 1770 913 ex

320 924 457 966 altera
479 936 600 982 parte
620 927 879 967 sententiam
902 926 1062 968 nullam
1085 938 1267 983 possunt
1285 929 1572 984 interpretari.
1617 927 1773 984 ltaque

321 990 366 1023 et
387 982 514 1024 alieni
538 985 745 1024 sermonis
768 984 938 1025 inolesti
962 984 1317 1041 interpellatores,
1335 995 1380 1027 et
1400 986 1550 1042 scripti
1562 994 1655 1027 tum
1677 985 1773 1027 odi-

319 1041 400 1091 osi,
423 1049 514 1082 tum
537 1042 709 1082 obscuri
734 1042 988 1097 interpretes
1009 1053 1132 1094 sunt;
1160 1051 1204 1083 et
1224 1042 1328 1084 dum
1351 1051 1476 1084 caute
1498 1051 1543 1084 et
1565 1042 1773 1100 expedite

321 1096 441 1153 loqui
465 1098 630 1150 volunt,
654 1098 932 1141 infantissimi
948 1099 1233 1156 reperiuntur.
1296 1100 1366 1141 Ita
1386 1100 1490 1141 dum
1509 1108 1710 1141 metuunt
1728 1099 1773 1142 in

323 1155 524 1206 dicendo,
542 1157 584 1187 46
596 1171 649 1197 ne
672 1157 775 1211 quid
798 1156 1054 1213 ambiguum
1073 1158 1235 1208 dicant,
1254 1172 1413 1199 nomen
1432 1171 1557 1198 suum
1577 1171 1769 1214 pronun-

324 1213 431 1253 tiare
450 1228 536 1254 non
561 1224 755 1269 possunt.
805 1214 967 1256 Verum
988 1215 1146 1256 horum
1168 1215 1351 1271 pueriles
1373 1215 1601 1272 opiniones
1624 1215 1774 1256 rectis-

324 1270 446 1311 simis
468 1271 722 1323 rationibus,
756 1287 856 1313 cum
879 1272 1010 1324 voles,
1047 1272 1303 1314 refellemus.
1367 1273 1417 1314 In
1442 1273 1794 1329 praesentiarum-

324 1327 680 1371 hocinterdicere
698 1344 785 1370 non
806 1330 992 1371 alienum
1012 1330 1110 1380 fuit,
1127 1340 1172 1371 ut
1192 1330 1319 1386 hujus
1340 1330 1536 1372 infantiae
1557 1330 1774 1387 garrulam

246 1371 310 1421 12
326 1384 599 1442 disciplinam
621 1399 1010 1428 contemneremus.
1071 1387 1184 1429 Cum
1204 1388 1458 1430 definitione
1481 1397 1665 1439 utemur,
1688 1387 1776 1444 pri-

265 1443 447 1484 171num
479 1443 705 1486 afferemus
730 1445 903 1486 brevem
938 1445 1137 1486 vocabuli
1171 1445 1486 1497 definitionem,
1508 1445 1593 1487 hoe
1614 1445 1772 1486 modo:

282 1492 312 1523 b.
328 1499 614 1556 Majestatem
649 1503 683 1543 is
707 1503 878 1554 minuit,
912 1503 986 1558 qui
1009 1517 1060 1544 ea
1094 1502 1221 1554 tollit,
1244 1518 1300 1544 ex
1323 1504 1482 1559 quibus
1516 1503 1641 1544 rebus
1664 1502 1774 1543 civi-

327 1559 429 1599 tatis
471 1560 712 1616 amplitudo
743 1570 940 1602 constat:
990 1563 1030 1594 47
1044 1561 1161 1615 [quae
1194 1571 1295 1602 sunt
1324 1564 1402 1602 ea?
1444 1575 1543 1617 quae
1574 1558 1774 1616 capiunt]

324 1615 531 1673 suffragia
558 1617 723 1674 populi,
745 1628 790 1658 et
809 1618 1144 1673 ⁴31nagist1·atus
1178 1618 1424 1660 consilium.
1486 1618 1658 1674 Nempe
1691 1617 1776 1673 igi-

325 1682 394 1713 tur
415 1683 460 1715 tu
474 1687 518 1715 et
531 1674 740 1731 populum
755 1674 962 1732 suffragio
982 1685 1025 1716 et
1040 1675 1340 1731 magistratum
1373 1675 1555 1718 consilio
1579 1674 1777 1732 privasti,

323 1745 424 1772 cum
458 1742 612 1788 pontes
639 1733 906 1774 disturbasti.
970 1732 1082 1774 Item
1117 1748 1172 1774 ex
1215 1735 1459 1775 contrario:
1492 1732 1776 1788 Majestatem

324 1788 359 1829 is
383 1789 554 1840 minuit,
573 1790 647 1845 qui
667 1790 995 1846 amplitudinem
1018 1791 1207 1832 civitatis
1221 1791 1481 1832 detrimento
1494 1790 1646 1831 afficit.
1679 1789 1777 1846 Ego

324 1860 413 1887 non
435 1847 577 1898 affeci,
600 1847 672 1888 sed
695 1848 899 1904 prohibui
922 1848 1208 1900 detrimento;
1242 1850 1441 1890 aerarium
1466 1848 1583 1890 enim
1605 1861 1777 1890 conser-

323 1904 438 1954 vavi,
452 1904 621 1945 libidini
637 1905 848 1946 malorum
864 1906 1016 1956 restiti,
1031 1906 1302 1961 majestatem
1315 1921 1488 1947 omnem
1502 1904 1677 1946 interire
1688 1919 1778 1952 non

325 1975 474 2017 passus
489 1977 599 2003 sum.
633 1962 828 2003 Primum
851 1963 985 2019 igitur
1001 1963 1200 2004 vocabuli
1215 1964 1429 2004 sententia
1445 1963 1645 2014 breviter,
1661 1972 1706 2004 et
1722 1962 1778 2004 ad

326 2018 557 2060 utilitatem
581 2034 722 2062 causae
753 2020 1080 2062 accommodate
1111 2020 1402 2063 describetur:
1434 2019 1589 2062 deinde
1612 2019 1778 2061 factum

324 2086 521 2117 nostrum
536 2092 635 2118 cum
651 2078 768 2119 verbi
792 2078 1082 2133 descriptione
1096 2078 1388 2134 conjungetur
1402 2095 1411 2120 :
1436 2077 1591 2119 deinde
1606 2087 1778 2118 contra-

326 2133 401 2174 riae
425 2133 728 2191 descriptionis
752 2135 860 2175 ratio
876 2135 1105 2185 refelletur,
1120 2135 1153 2175 si
1177 2146 1249 2176 aut
1274 2136 1379 2176 fals-a
1392 2136 1486 2187 erit,
1501 2144 1576 2176 aut
1591 2134 1778 2184 inutilis,

328 2199 403 2231 aut
426 2191 577 2247 turpiS,
600 2201 676 2232 aut
698 2192 920 2247 injuriosa,
944 2192 986 2232 id
1009 2207 1181 2248 quoque
1203 2208 1256 2234 ex
1285 2193 1397 2248 juris
1419 2193 1614 2249 partibus
1637 2206 1780 2233 sume-

266 2246 315 2282 18
331 2257 398 2289 tur
413 2248 465 2290 de
480 2249 718 2304 =juridiciali
734 2249 945 2300 absoluta,
958 2250 1010 2290 dc
1023 2265 1109 2305 qua
1115 2251 1209 2305 jam
1224 2250 1463 2306 loquemur.
1497 2250 1720 2297 Quaeritur
1734 2249 1779 2292 in

367 2387 410 2416 44
430 2383 530 2424 ‚Quod
541 2385 723 2415 adversar-iz·
744 2384 1026 2426 intemetemur]
1114 2389 1153 2420 47
1191 2385 1277 2427 ‚Quae
1311 2391 1388 2417 sunt
1422 2397 1473 2423 ea,
1510 2395 1582 2426 quae
1614 2385 1777 2426 capiunt]

325 2426 378 2458 Sic
408 2434 526 2457 contra
561 2427 660 2458 libros
697 2427 858 2464 dedimus,
893 2428 970 2467 quia
996 2432 1031 2458 et
1075 2428 1174 2458 Plane
1204 2430 1365 2459 assentior
1397 2429 1526 2459 Graevio
1552 2432 1586 2458 et
1614 2427 1803 2467 Oudend,⁴

324 2474 493 2510 structura
506 2470 666 2500 orationis
687 2470 862 2507 desiderat,
877 2476 912 2501 et
933 2471 968 2501 in
983 2479 1033 2501 se-
1074 2471 1129 2510 qui
1158 2471 1229 2501 haee
1255 2473 1366 2512 spuria
1395 2477 1429 2501 et
1455 2471 1614 2512 ejicienda
1640 2475 1779 2511 putant:
1801 2490 1804 2491 γ

324 2512 502 2551 quentibus
517 2518 569 2542 ter
583 2513 629 2542 sie
643 2517 692 2542 est
708 2514 742 2542 in
757 2513 871 2543 eadem
887 2523 931 2543 re.
1075 2523 1176 2552 quare
1197 2514 1288 2544 uncis
1307 2514 1437 2544 inclusi.
1483 2514 1569 2544 Nam
1584 2513 1635 2543 vel
1649 2512 1780 2546 nullum

367 2556 408 2584 45
433 2553 532 2591 Sunt,
561 2564 616 2594 qm
644 2555 876 2595 arbitr-enimn]
909 2556 962 2585 Sic
992 2566 1031 2586 ex
1074 2564 1207 2586 sensum
1229 2555 1354 2586 habent
1375 2556 1600 2591 commodum,
1615 2555 1667 2585 vel
1680 2555 1708 2586 si
1726 2564 1781 2585 ca-

323 2593 452 2635 legibus
478 2598 575 2627 certis
605 2598 838 2628 Grammaticis
871 2597 1031 2628 edidimus
1071 2599 1169 2637 piant
1196 2599 1468 2639 interpretamur,
1492 2597 1689 2638 impediunt,
1713 2598 1781 2628 vim

326 2647 388 2677 pro
415 2638 550 2678 vulgato
578 2640 801 2677 arbitramur,
838 2641 872 2670 in
907 2651 971 2680 quo
998 2645 1033 2671 et
1076 2640 1227 2670 adimunt
1246 2647 1280 2670 et
1294 2651 1404 2678 usum,
1419 2646 1471 2670 est
1492 2646 1606 2670 tamen
1628 2649 1782 2681 superva-

326 2679 408 2713 MSS.
437 2690 531 2721 paeue
558 2691 672 2711 omnes
693 2684 919 2713 consentiunt.
963 2682 1034 2712 Ali-
1076 2691 1198 2720 cuum3
1221 2683 1398 2713 cumidem
1412 2684 1455 2713 sit
1467 2688 1556 2714 ante.

325 2728 406 2762 quot
433 2729 548 2753 tamen
576 2723 703 2754 codices
732 2724 881 2755 Oudend.
909 2725 1035 2756 habent
1118 2728 1160 2755 43
1182 2724 1406 2764 Mag-istratus
1419 2723 1614 2764 eonsilium]
1641 2724 1694 2754 Sic
1707 2723 1782 2756 dedi

328 2766 554 2796 arbitrentur:
576 2765 691 2806 quibus
699 2766 863 2806 judicium
879 2774 1032 2798 nostrum
1075 2778 1092 2798 e
1108 2766 1188 2797 Mss.
1213 2767 1406 2806 quibusdam
1428 2774 1462 2798 et
1478 2767 1550 2798 edd.
1572 2777 1622 2808 pr.
1643 2765 1779 2797 Mediol.
1800 2781 1805 2785 ·

326 2807 496 2839 firmatum
511 2813 571 2838 est.
1074 2810 1174 2840 Junt.
1206 2811 1363 2840 Ceterum
1392 2820 1441 2840 res
1468 2810 1539 2840 haec
1566 2809 1715 2850 pertinet
1740 2808 1782 2840 ad

369 2851 410 2881 46
436 2850 490 2880 Ne
503 2851 582 2890 quid
594 2851 789 2890 ambiguum
803 2852 941 2893 divana]
966 2852 1033 2884 De·
1076 2862 1210 2885 causam
1224 2853 1388 2894 Caepionis
1403 2853 1442 2884 de
1457 2863 1523 2893 qua
1535 2851 1574 2884 L.
1589 2851 1616 2884 1.
1632 2851 1771 2884 dictum.

326 2891 423 2922 hebat
440 2901 508 2922 esse
523 2894 690 2932 ambigue.
