1945 3235
353 137 430 172 506
910 137 1181 177 BRUTus.
1220 130 1224 134 ’

354 253 479 295 paine
497 240 742 282 evanuisset
762 240 1040 294 Hortensius,
1062 253 1102 284 et
1128 258 1210 299 ego
1233 257 1345 283 anno
1368 257 1478 294 meo,
1501 256 1624 284 sexto
1645 250 1794 285 autem

356 307 452 351 post
487 296 604 338 illum
640 299 872 350 consulein,
895 301 1042 346 consul
1079 300 1217 341 factus
1248 314 1399 351 essen),
1431 313 1629 341 revocare
1661 315 1704 341 se
1734 301 1784 342 ad

355 354 607 395 industriam
640 356 802 411 coepit:
836 372 902 407 ne,
933 373 1029 398 cuni
1067 372 1184 413 pares
1218 357 1378 398 honore
1413 371 1614 408 essemus,
1646 357 1788 412 aliqua

354 424 399 450 re
430 412 667 467 superiores
692 414 943 454 videremur.
1005 416 1076 455 Sic
1099 415 1322 455 duodecim
1350 423 1448 470 post
1471 421 1609 455 ineuin
1633 429 1788 455 consu-

354 466 484 508 latum
521 484 654 510 annos
687 471 726 510 in
753 471 952 511 maximis
985 472 1138 522 causis,
1170 486 1268 512 cuin
1301 486 1383 527 ego
1415 471 1519 511 mibi
1553 471 1790 522 munh-sibi

354 539 422 565 me
454 525 522 567 ille
553 527 796 574 anteferret,
825 528 1176 581 conjunctissime
1211 530 1361 569 versati
1396 543 1564 569 sumus:
1596 528 1790 569 consula-

358 594 509 637 [usquc
539 598 672 633 meus,
705 585 777 638 qui
815 584 930 624 illum
965 585 1102 639 primo
1137 586 1283 626 leviter
1325 586 1644 642 perstrinxerat,
1677 586 1790 626 idem

357 653 433 679 nos
467 655 601 681 rerum
639 655 826 681 nicarum
861 651 1093 697 gestarum,
1116 657 1220 696 quas
1255 643 1322 683 ille
1344 643 1649 693 admirabatur,
1669 642 1792 683 laude

268 698 342 732 324
357 697 656 751 conjunxerat.
719 697 916 739 Maxime
958 713 1058 738 vero
1098 710 1320 754 perspecta
1357 710 1421 741 est
1461 701 1680 755 utriusque
1714 713 1793 740 no-

357 755 490 794 struin
514 755 770 795 exercitatio
796 755 936 810 paullo
969 765 1082 805 ante,
1105 770 1230 810 quain
1266 758 1534 812 perterritum
1559 757 1686 797 armis
1710 756 1793 797 hoc

356 811 560 860 studium,
605 811 751 861 Brute,
795 821 985 852 nostruin
1029 814 1239 854 conticuit
1283 814 1426 854 subito
1468 825 1511 855 et
1547 814 1791 855 obmutuit:

355 882 452 908 cum
486 868 579 923 lege
607 868 816 924 Pompeia
848 870 977 910 ternis
1002 869 1116 910 horis
1139 870 1190 911 ad
1213 870 1440 911 dicendum
1464 871 1589 922 datis,
1609 872 1659 912 ad
1691 885 1792 912 cau-

355 940 422 964 sas
444 925 680 966 simillimas
714 928 822 966 inter
845 941 902 976 se,
931 926 994 967 vel
1020 927 1163 982 potius
1185 927 1370 977 easdem,
1393 928 1492 968 novi
1518 929 1792 969 veniebamus

355 983 563 1036 quotidie.
606 984 762 1038 quibus
800 983 974 1038 quidem
1010 984 1148 1024 causis
1189 995 1231 1024 tu
1267 986 1412 1035 etiam,
1448 985 1594 1035 Brute,
1633 995 1791 1041 p'raesto

356 1039 492 1089 suisti,
525 1041 851 1095 compluresque
881 1051 924 1081 et
959 1041 1200 1092 nobiscum,
1231 1051 1273 1082 et
1305 1042 1417 1082 solus
1448 1042 1599 1098 egisti:
1633 1050 1695 1093 ut,
1717 1042 1791 1097 qui

358 1111 442 1137 non
467 1097 568 1137 satis
592 1098 663 1137 diu
698 1098 855 1138 vixerit
888 1097 1162 1149 Hortensius,
1190 1109 1329 1139 tamen
1354 1099 1468 1139 huuc
1497 1113 1668 1140 cursum
1691 1113 1794 1140 con-

357 1153 520 1194 fecerit.
579 1154 717 1195 Annis
740 1166 838 1195 ante
859 1155 1004 1197 decem
1030 1171 1177 1196 causas
1200 1171 1325 1212 agere
1347 1156 1498 1212 coepit,
1517 1170 1646 1211 quam
1670 1165 1715 1197 tu
1747 1170 1792 1197 es

355 1222 495 1252 natus.
539 1212 650 1253 idem
688 1223 840 1267 quarto
872 1225 915 1254 et
944 1214 1213 1269 sexagesimo
1255 1228 1383 1264 anuo,
1427 1213 1651 1269 perpaucis
1692 1224 1793 1254 ante

356 1280 537 1309 mortem
560 1269 725 1319 diebus,
744 1285 829 1310 una
852 1279 992 1311 tecum
1017 1285 1209 1311 socerum
1236 1282 1353 1312 tuum
1377 1270 1570 1311 defendit
1583 1270 1791 1327 Appium‘.

359 1324 544 1367 Dicendi
566 1337 708 1367 autem
728 1341 862 1383 genus
881 1328 994 1382 quod
1021 1328 1150 1369 fuerit
1169 1329 1211 1369 in
1236 1339 1431 1383 utroque,
1451 1328 1664 1369 orationes
1688 1328 1793 1369 utri-

356 1397 492 1437 usque
512 1384 641 1424 etiam
667 1384 844 1440 posteris
867 1385 1022 1426 nostris
1044 1386 1311 1426 iudicabunt.

276 1444 346 1500 95
415 1441 515 1491 Sed,
538 1441 570 1481 si
605 1442 850 1496 quaerimus,
873 1457 949 1483 cur
974 1443 1220 1483 adolescens
1254 1442 1390 1499 inagis
1424 1442 1616 1484 floruerit
1647 1442 1795 1483 dicen-

270 1517 346 1551 325
360 1497 430 1547 do,
453 1513 581 1552 quam
616 1499 756 1539 senior
780 1498 1065 1550 Hortensiu53
1104 1514 1252 1540 causas
1275 1500 1532 1555 reperiemus
1556 1499 1794 1541 verissimas

359 1555 478 1596 duas.
536 1558 576 1585 20
592 1554 800 1605 Primum,
835 1557 948 1610 quod
993 1571 1127 1612 genus
1161 1567 1251 1597 erat
1289 1557 1496 1598 orationis
1537 1556 1793 1607 Asiaticum,

352 1612 652 1653 adolescentiae
669 1613 806 1668 magis
828 1628 1094 1664 concessum,
1117 1628 1245 1668 quam
1269 1614 1494 1655 senectuti.
1527 1614 1698 1656 Genera
1717 1628 1792 1655 au-

353 1679 438 1709 tem
479 1669 683 1711 Asiaticae
715 1670 933 1722 dictionis,
971 1671 1057 1711 duo
1089 1681 1211 1712 sunt:
1245 1685 1377 1711 unum
1411 1671 1721 1712 sententiosum
1749 1679 1794 1712 et

352 1738 568 1782 argutum,
591 1727 813 1768 sententiis
836 1743 921 1769 non
947 1738 1033 1769 tam
1057 1729 1261 1783 gravibus
1283 1738 1326 1769 et
1349 1728 1519 1780 severis,
1541 1743 1667 1784 quam
1689 1743 1794 1770 con-

352 1784 491 1824 cinnis
524 1794 568 1825 et
606 1785 820 1836 venustis3
852 1785 988 1841 qualis
1020 1786 1062 1826 in
1097 1785 1276 1827 historia
1306 1785 1510 1836 Timaeus,
1538 1786 1579 1827 in
1609 1786 1794 1828 dicendo

352 1851 510 1892 autem,
544 1842 684 1897 pueris
727 1843 866 1893 nobis,
899 1842 1123 1884 Hierocles
1156 1843 1446 1894 AlabandeuS,
1484 1843 1623 1900 magis
1661 1843 1792 1885 etiam

353 1897 589 1950 Menecles,
629 1899 759 1940 frater
791 1900 898 1955 ejus,
941 1900 1054 1942 fuit:
1099 1915 1281 1956 quorum
1327 1901 1546 1956 utriusque
1575 1901 1792 1942 orationes

351 1966 451 1996 sunt
490 1956 531 1997 in
568 1957 731 2012 primis,
765 1967 813 1997 ut
844 1956 1039 1999 Asiatico
1072 1957 1113 1997 in
1148 1972 1318 2014 genere,
1349 1958 1599 1999 laudabiles.
1658 1957 1791 2000 Aliud

351 2023 494 2055 autem
527 2028 661 2070 genus
691 2025 755 2055 est
785 2029 870 2055 non
909 2024 995 2055 tam
1028 2016 1251 2056 sententiis
1294 2015 1629 2070 frequentatum,
1660 2029 1790 2071 quam

354 2071 498 2112 verbis
526 2071 697 2112 volucre
727 2082 856 2126 atque
889 2072 1142 2122 incitatum3
1175 2072 1289 2127 quali
1320 2083 1386 2113 est
1416 2087 1530 2115 nunc
1551 2071 1657 2115 Asia
1687 2081 1794 2124 tota,

352 2141 432 2168 nec
463 2128 640 2168 flumine
662 2129 799 2169 solum
829 2129 1050 2179 orationis,
1074 2129 1144 2170 sed
1176 2130 1304 2170 etiarn
1337 2141 1547 2171 exornato
1577 2139 1621 2171 et
1649 2129 1792 2171 faceto

354 2198 510 2239 genere
533 2187 784 2227 verborum:
818 2186 860 2226 in
892 2201 977 2241 quo
1014 2187 1095 2228 fuit
1119 2186 1350 2243 AEschylus
1382 2186 1579 2238 Cnidius,
1600 2197 1644 2228 et
1671 2198 1814 2229 meus·

354 2242 530 2296 aequalis
566 2242 765 2283 Milesius
795 2243 1037 2284 AEschines.
1101 2242 1152 2284 In
1195 2244 1245 2286 iis
1278 2253 1369 2284 erat
1401 2244 1664 2286 admirabilis
1697 2259 1793 2286 ora·

354 2308 484 2339 tionis
526 2314 688 2350 cursus,
726 2310 878 2341 ornata
919 2311 1226 2342 sententiarum
1260 2313 1529 2343 coneinnitas
1567 2316 1653 2343 non
1685 2311 1791 2342 erat.

264 2355 466 2397 326Haec
499 2368 642 2397 autem
686 2362 754 2409 (ut
785 2357 897 2408 dixi)
932 2372 1089 2413 genera
1112 2358 1281 2399 dicendi
1320 2359 1489 2415 aptiora
1519 2368 1618 2400 sunt
1649 2359 1792 2400 adole·

353 2414 595 2456 scentibus:
628 2414 669 2454 in
694 2415 866 2455 senibus
890 2416 1145 2471 gravitatem
1172 2431 1254 2456 non
1280 2416 1453 2457 liabent.
1498 2416 1650 2471 Itaque
1674 2415 1791 2457 Hor-

352 2471 514 2511 tensius
536 2483 718 2526 utroque
737 2486 892 2527 genere
914 2473 1085 2523 florem,
1099 2472 1305 2514 clamores
1325 2472 1512 2515 faciebat
1529 2473 1790 2514 adolescens.

353 2527 558 2571 Habebat
588 2530 702 2568 enim
735 2540 778 2569 et
815 2528 1082 2570 Meneclium
1114 2529 1213 2571 illud
1239 2530 1429 2571 studium
1451 2531 1695 2572 crebrarum
1721 2545 1791 2572 ve-

349 2594 656 2640 nustarumque
689 2588 1019 2629 sententiarum:
1063 2587 1106 2627 in
1138 2587 1309 2643 quibus,
1352 2597 1400 2628 ut
1431 2588 1475 2628 in
1509 2586 1581 2628 illo
1614 2587 1789 2640 Graeco,

347 2643 409 2683 sic
432 2643 473 2682 in
506 2642 602 2692 hoc,
625 2653 746 2683 erant
768 2644 967 2698 quaedam
994 2645 1129 2697 magis
1154 2654 1345 2685 venustae
1367 2644 1597 2700 dulcesque
1619 2656 1790 2686 senten-

348 2700 436 2750 tiae,
468 2714 596 2755 quam
630 2709 705 2740 aut
742 2702 1009 2753 necessariae,
1043 2696 1118 2743 aut
1151 2702 1365 2743 interdum
1405 2701 1544 2743 utiles.
1607 2701 1662 2743 Et.
1698 2710 1790 2744 erat

380 2818 427 2860 '90
448 2828 622 2868 Primum]
664 2829 740 2864 Sine
754 2829 852 2860 dubio
867 2830 963 2861 debet
978 2840 1046 2862 esse
1088 2832 1202 2870 quitur
1215 2831 1307 2871 quod.
1330 2832 1362 2862 Si
1374 2833 1523 2872 primum
1538 2831 1729 2872 scripsisset,
1742 2841 1803 2868 se->

337 2873 500 2912 primam,
513 2881 558 2903 sc.
573 2881 703 2902 causam
722 2884 728 2902 :
753 2873 894 2903 maxime
907 2874 984 2913 quia
997 2883 1045 2905 se·
1088 2879 1255 2914 queretur,
1266 2883 1371 2915 genus
1384 2878 1458 2905 erae
1473 2875 1531 2906 ἀρ.
1546 2874 1616 2906 sine
1630 2875 1723 2916 quod.
