1945 3235
539 91 724 131 LIBER
763 90 1082 130 SECUNDUS.
1458 96 1535 136 5287

105 195 302 251 ignarum
335 196 484 239 fuisse:
524 205 728 251 erantque
754 194 892 246 multi,
922 195 1010 249 qui,
1043 208 1301 248 quamquam
1330 197 1443 237 lnon
1478 197 1540 238 ita

105 266 195 294 sese
228 269 315 295 rem
349 254 505 295 habere
535 253 855 302 arbitrarentur,
890 263 1046 301 tamen,
1069 265 1154 305 quo
1178 251 1343 292 facilius
1374 268 1450 294 nos
1473 254 1538 294 in-

103 324 253 351 censos
286 311 428 352 studio
466 311 633 352 dicendi
666 325 691 351 a
719 309 915 351 doctrina
955 308 1230 357 deterr·,e1ent
1265 307 1446 349 libenter
1480 311 1537 361 id,

105 368 221 421 quod
259 368 366 419 dixi,
399 368 452 409 de
483 367 565 408 illis
597 367 838 408 or·at01ibus
870 364 1170 428 praedicarent,
1201 374 1262 413 ut,
1285 365 1318 404 si
1343 365 1538 407 homines

102 438 188 470 non
211 425 365 466 eruditi
389 440 598 466 summam
629 433 770 465 essent
790 422 1060 487 prudentiam
1083 432 1212 476 atque
1243 421 1537 464 incredibilem

100 481 389 537 eloquentiam
423 481 657 532 consecuti,
689 481 826 521 inanis
861 494 1000 520 omnis
1032 489 1176 520 noster
1208 493 1298 519 esse
1328 478 1463 529 labor,
1495 490 1538 520 et

101 539 305 580 stultum
296 554 339 580 m
358 540 481 580 nobis
503 538 759 588 erudiendis,
782 538 915 593 patris
935 537 1084 587 nostri,
1106 535 1260 592 optimi
1282 550 1331 576 ac
1354 511 1538 592 pruden-

103 596 256 637 tissimi
278 596 372 646 viri,
402 596 591 636 studium
614 595 843 636 videretur.
903 595 1025 641 Quos
1058 603 1165 644 tum,
1187 603 1235 633 ut
1266 608 1400 649 pueri,
1423 593 1535 634 refu·
1548 599 1572 633 2

101 662 192 694 tare
211 652 456 694 domesticis
490 653 686 704 testibus,
708 662 844 710 patre,
873 662 917 692 et
952 650 1004 692 C
1026 650 1260 701 Aculeone,
1293 651 1536 706 propinquo

99 720 261 761 nostro,
283 719 327 750 et
360 708 409 750 L
433 709 658 761 Cicerone,
690 721 858 766 patruo,
881 708 1135 759 solebamus,
1167 707 1282 763 quod
1305 708 1356 748 de
1380 707 1536 749 Crasso

97 776 232 822 pater,
269 775 313 807 et
342 766 522 818 Aculeo,
557 771 795 822 2(quocum
828 776 919 807 erat
948 775 1094 806 nostra
1125 767 1387 815 matertera)
1409 780 1537 820 quem

100 823 276 865 Crassus
298 823 452 865 dilexit
472 839 526 865 ex
549 826 749 867 omnibus
784 823 1030 879 plurimum,
1053 831 1098 864 et
1119 832 1310 878 patruus,
1339 823 1411 877 qui
1435 838 1538 864 cum

96 880 322 922 Antonio
314 896 356 922 in
381 881 580 923 Ciliciam
617 881 836 937 proiectus
865 896 948 922 una
980 880 1232 931 decesserat,
1257 880 1390 920 multa
1413 881 1537 921 nobis

96 937 149 979 de
183 938 276 994 ejus
306 939 449 980 studio
479 939 762 994 doctrinaque
794 953 908 994 saepe
945 938 1191 979 ssnarravit:
1239 951 1424 992 cumque
1461 953 1537 981 nos

94 1010 194 1036 cum
228 995 496 1037 consobrinis
518 997 690 1047 nostris,
724 995 958 1037 Aculeonis
989 995 1102 1046 filiis,
1124 1005 1167 1035 et
1188 1009 1238 1035 ea
1259 994 1535 1046 disceremus,

94 1067 192 1108 quae
237 1052 394 1094 Crasso
435 1054 667 1110 placerent,
699 1063 743 1094 et
774 1053 829 1093 ab
872 1053 935 1093 bis
972 1052 1237 1102 doctoribus,
1267 1051 1424 1106 quibus
1467 1052 1537 1094 ille

96 1119 302 1162 uteretur,
334 1111 613 1163 erudiremur
637 1110 767 1152 etiam
798 1110 900 1151 illud
931 1124 1045 1173 saepe
1067 1108 1358 1150 intelleximus
1387 1113 1535 1163 4(eum

93 1181 281 1208 essemus
303 1167 530 1232 ejusmodi,
550 1168 665 1224 quod
699 1167 763 1209 vel
796 1167 916 1223 pueri
938 1166 1096 1208 sentire
1117 1167 1382 1222 poteramus)
1412 1166 1533 1209 illum

93 1235 137 1264 et
160 1224 315 1266 Graece
337 1226 397 1266 sic
427 1225 559 1280 loqui,
580 1225 740 1266 nullam
773 1235 821 1266 ut
849 1239 975 1265 nosse
1006 1223 1133 1265 aliam
1154 1223 1347 1279 linguam
1371 1224 1533 1265 videre-

95 1291 177 1333 tur,
199 1291 243 1322 et
264 1282 514 1323 doctoribus
534 1283 692 1323 nostris
714 1297 765 1323 ea
795 1296 956 1338 ponere
976 1281 1019 1322 in
1039 1281 1375 1337 percunctando,
1397 1296 1532 1337 eaque

91 1338 234 1394 ipsum
266 1340 384 1380 omni
418 1340 462 1380 in
494 1354 689 1380 sermone
720 1349 918 1391 tractare,
952 1349 998 1380 ut
1030 1338 1138 1379 nihil
1173 1352 1264 1379 esse
1285 1353 1324 1379 ei
1354 1354 1531 1391 novum,

90 1395 198 1437 nihil
231 1396 472 1437 inauditum
504 1397 736 1438 videretur.
796 1396 866 1438 De
900 1395 1096 1438 Antonio
1118 1409 1235 1447 vero,
1268 1411 1565 1451 quamquamg

90 1467 206 1509 saepc
222 1468 277 1494 ex
300 1453 610 1495 humanissimo
633 1454 822 1505 homine,
847 1463 999 1511 patruo
1026 1462 1189 1504 nostro,
1211 1467 1572 1509 acceperamus,p.
1593 1467 1661 1500 109

87 1511 450 1565 quemadmodum
470 1511 539 1552 ille
564 1511 629 1552 vel
651 1511 834 1552 Athenis
864 1511 927 1553 vel
946 1511 1089 1552 Rhodi
1113 1525 1157 1552 se
1178 1510 1570 1552 doctissimoruma·

88 1567 315 1610 hominum
347 1569 615 1610 sermonibus
637 1569 847 1610 dedisset:
882 1579 1024 1610 tamen
1055 1567 1147 1623 ipse
1176 1567 1534 1620 adolescentulus,

89 1635 298 1679 quantum
318 1625 432 1666 illius
455 1625 643 1666 ineuntis
666 1627 806 1667 aetatis
829 1640 936 1667 meae
959 1625 1204 1681 patiebatur
1224 1625 1375 1681 pudor,
1399 1626 1533 1667 inulta

89 1695 143 1722 ex
167 1696 217 1723 eo
236 1697 350 1738 saepe
372 1683 567 1738 quaesivi
629 1683 730 1725 Non
752 1684 834 1724 erit
866 1684 1063 1739 profecto
1095 1683 1191 1733 tibi,
1222 1683 1336 1737 qnod
1372 1684 1530 1736 scribo,

88 1738 173 1780 11ο6
194 1753 355 1780 novum
377 1739 603 1795 (namjam
636 1749 727 1782 tum
759 1755 814 1782 ex
837 1754 906 1782 me
931 1740 1169 1792 audiebas,)
1201 1740 1308 1780 mihi
1333 1739 1450 1781 illum
1474 1755 1529 1783 ex

89 1796 250 1860 multis,
281 1797 494 1852 variisque
525 1799 806 1849 sermonibus,
828 1797 985 1838 nullius
1007 1798 1083 1847 rei,
1104 1812 1201 1852 quae
1224 1797 1398 1852 quidem
1417 1806 1530 1839 esset

89 1853 132 1893 in
157 1853 222 1894 his
243 1854 422 1904 altibus,
451 1854 503 1895 de
524 1855 680 1909 quibus
709 1855 870 1910 aliquid
893 1855 1141 1896 existimare
1172 1869 1356 1909 possem,
1378 1856 1528 1896 rudem

87 1920 162 1951 aut
184 1911 380 1966 ignarum
402 1925 493 1952 esse
514 1913 668 1953 visum.
728 1912 812 1953 Sed
844 1911 929 1953 fuit
960 1911 1081 1953 hoc
1072 1926 1115 1952 ln
1149 1922 1333 1966 utroque
1363 1927 1564 1966 eorum,4

87 1978 136 2008 ut
170 1967 349 2009 Crassus
386 1983 472 2009 non
505 1977 590 2009 tam
623 1969 862 2011 existimari
895 1968 1021 2009 vellet
1052 1983 1139 2009 non
1161 1969 1376 2020 didicisse,
1397 1985 1528 2025 quam

88 2024 161 2065 illa
181 2025 415 2082 despicere,
437 2035 480 2066 et
511 2037 755 2067 nostrorum
778 2025 1003 2067 hominum
1035 2026 1080 2066 in
1109 2027 1227 2066 omni
1251 2041 1405 2082 genere
1428 2042 1528 2083 pru-

86 2081 276 2124 dentiam
300 2083 467 2124 Giaecis
490 2082 722 2126 anteferre
755 2083 973 2125 Antonius
990 2092 1134 2125 antem
1159 2085 1176 2114 5
1193 2084 1527 2140 probabiliorem

130 2241 142 2269 1
168 2239 293 2269 nonita
308 2248 373 2269 sese
393 2249 463 2269 rem
487 2239 532 2279 Iu]
559 2239 639 2271 Non
661 2239 783 2271 addidi-

87 2290 159 2312 mus
173 2292 212 2311 ex
227 2281 298 2311 edd.
315 2291 364 2321 pr.
379 2281 466 2320 quod
478 2287 511 2312 et
526 2283 561 2312 in
577 2282 641 2313 Ms.
658 2282 695 2313 E.
719 2289 782 2321 est,

84 2330 119 2354 et
142 2324 190 2354 vel
206 2324 275 2354 sine
292 2323 382 2353 libris
402 2323 584 2355 addendum
599 2330 695 2356 esset.
717 2336 784 2356 sese

84 2376 123 2397 ex
138 2366 250 2396 iisdem
266 2365 336 2396 edd.
355 2376 466 2406 prose.

128 2410 147 2440 2
161 2418 296 2448 quocum
308 2413 382 2439 erat
394 2413 505 2438 nostra
520 2408 618 2448 mat]
638 2408 720 2439 Haec
736 2410 782 2439 vi-

84 2449 224 2480 deantur
249 2460 317 2481 esse
340 2450 412 2481 loeo
441 2450 562 2487 alieno,
588 2451 674 2490 quod
708 2462 781 2483 ora-

84 2492 208 2522 tionem
235 2492 398 2523 duriorem
424 2493 569 2531 faciunt3
599 2503 779 2532 quocum-

84 2543 190 2572 quem,
204 2535 319 2565 melius
334 2541 407 2575 post
419 2535 620 2575 superiorem
635 2535 777 2566 hominis

84 2577 305 2607 mentionem:
348 2578 382 2608 C.
398 2578 571 2616 Aculeone,
586 2587 623 2618 p.
647 2587 680 2609 n.
701 2588 778 2618 quo-

83 2628 159 2648 cum
174 2619 230 2648 διε.
243 2618 442 2650 collocanda.

126 2663 145 2690 3
179 2661 355 2701 narravit]
393 2661 471 2693 Non
500 2661 667 2692 consentit
691 2666 777 2692 tem-

82 2711 162 2742 pore
176 2713 250 2733 cum
264 2705 454 2740 solebamus,
469 2714 610 2743 quocum
624 2714 681 2744 per
694 2704 781 2744 quod

82 2744 239 2782 cohaeret,
264 2744 439 2785 legendum
466 2746 516 2776 vel
535 2747 710 2784 narrabat,
726 2746 778 2777 vel

81 2791 291 2817 narraverat.
327 2787 453 2819 Vitium
467 2792 579 2820 ortum
593 2799 611 2820 e
623 2798 778 2829 compen-

83 2830 149 2866 dio,
166 2837 202 2860 ut
218 2830 279 2860 Ms-
295 2829 333 2860 E.
349 2831 480 2861 narras.

867 2242 890 2271 4
911 2249 986 2270 cum
1008 2249 1148 2270 essemus
1169 2238 1338 2281 ejusmodi,
1354 2240 1438 2280 quod
1452 2240 1526 2282 &e.]

828 2281 901 2314 Hoc
917 2292 984 2312 non
998 2288 1106 2322 potest
1129 2293 1187 2323 per
1206 2284 1456 2322 grammaticam
1477 2293 1528 2314 ra-

826 2325 954 2356 tionem
969 2330 1099 2355 rectum
1112 2335 1149 2355 ac
1162 2335 1273 2355 verum
1291 2335 1377 2356 esse:
1403 2335 1462 2355 nec
1472 2336 1527 2355 ex-

825 2367 965 2408 pediunt
981 2376 1062 2404 rem,
1080 2368 1135 2406 qui
1151 2367 1322 2406 corrigunt
1334 2366 1404 2407 ejus
1419 2367 1524 2400 domi,-

825 2419 903 2440 nam
919 2409 951 2439 id
967 2419 1043 2439 cum
1065 2409 1275 2448 sequentibus
1298 2419 1365 2439 non
1388 2419 1525 2439 consen-

824 2451 880 2483 tit.
924 2451 976 2482 An
997 2451 1144 2491 scripsit·
1169 2461 1244 2482 cum
1266 2456 1346 2482 esset
1367 2450 1525 2492 ejusmodi

826 2494 886 2533 (56.
905 2493 1089 2532 negotium,
1104 2502 1154 2523 res
1158 2492 1181 2532 ,)
1199 2493 1284 2533 quod
1297 2495 1356 2524 διο.
1399 2494 1524 2524 Secun-

820 2535 899 2566 dum
915 2535 1060 2578 ἆκξῖἔεωιν
1070 2535 1200 2574 quidem
1208 2545 1375 2575 possemus
1386 2545 1455 2566 esse
1467 2536 1523 2566 de-

822 2577 925 2616 beret,
947 2578 1003 2608 sed
1023 2582 1102 2608 suut
1123 2577 1188 2608 alia
1212 2577 1362 2618 exempla
1387 2578 1520 2615 similia,

821 2630 926 2660 pauca
947 2625 1074 2657 tamen,
1097 2629 1170 2659 quae
1193 2619 1258 2651 vid.
1279 2630 1330 2660 ap.
1349 2620 1522 2651 Pearcium

821 2664 861 2694 ad
876 2662 909 2694 h.
925 2661 947 2693 l.
964 2672 1024 2693 nec
1036 2672 1075 2692 ea
1089 2662 1201 2692 omnia
1211 2667 1291 2692 sunt
1305 2667 1406 2693 certa.
1442 2663 1521 2692 Sen-

821 2714 875 2734 sus
899 2703 1032 2744 quidem
1055 2704 1108 2734 hic
1129 2713 1299 2745 expressus
1321 2714 1389 2735 csse
1411 2703 1521 2742 debet,

821 2756 918 2786 quem
933 2745 1122 2777 emendatio
1135 2751 1249 2777 nostra
1263 2747 1374 2777 efficit.

865 2791 883 2819 5
912 2789 1163 2829 probabiliorem
1207 2790 1263 2818 hoc
1300 2790 1421 2829 populo
1455 2788 1518 2828 oin]

821 2830 974 2862 Pearcius
996 2831 1132 2871 corrigit
1148 2832 1234 2868 huic,
1251 2831 1327 2870 quia
1348 2833 1417 2868 lzoc,
1438 2830 1523 2861 nihil
