1945 3235
346 156 421 196 178
809 160 891 200 DE
923 163 1309 203 INVENTIONE

348 255 402 296 tis
428 259 556 300 verba
573 259 754 315 dedisse,
773 266 889 320 quod
920 267 1112 318 Clodius,
1143 277 1217 310 aut
1241 268 1459 320 Caecilius,
1490 276 1564 310 aut
1585 267 1778 321 Mucia&

285 327 335 363 29
350 326 616 359 vocarentur.
677 319 733 361 Et
755 322 807 364 de
828 333 982 365 natura
1002 325 1102 366 licet
1131 325 1442 381 aliquantulum
1462 325 1617 367 ducere
1639 328 1778 383 suspi-

346 372 498 414 cionis.
530 376 676 418 omnia
695 379 809 420 enim
832 380 941 431 haec,
966 381 1043 431 vir,
1075 396 1127 422 an
1150 382 1323 434 mulier;
1355 381 1483 436 hujus
1506 398 1559 423 an
1583 383 1693 424 illius
1715 385 1777 425 ci-

345 429 492 471 vitatis
515 432 595 484 sit3
627 435 783 489 quibus
803 438 858 478 sit
879 437 1130 491 majoribus,
1149 439 1305 494 quibus
1324 440 1669 496 consanguineiS‚
1690 455 1778 496 qua

344 495 486 537 aetate,
514 504 599 544 quo
622 492 781 544 animo,
801 508 886 548 quo
909 509 1102 549 corpore,
1125 511 1221 551 quae
1245 506 1409 538 naturae
1433 505 1532 537 sunt
1552 496 1777 548 attributa,

340 544 393 584 ad
415 544 601 600 aliquam
620 548 914 603 conjecturam
933 550 1172 600 faciendam
1192 553 1483 609 pertinebunt.
1518 552 1575 594 Et
1586 568 1640 605 ex
1657 554 1775 596 victu

342 601 490 643 multae
507 603 731 646 trahuntur
756 608 1038 663 suspiciones,
1061 624 1174 660 eum,
1198 610 1576 666 quemadmodum,
1595 618 1639 651 et
1659 611 1775 666 apud

340 672 462 712 quos,
485 668 528 699 et
550 675 574 700 a
594 661 751 715 quibus
775 664 980 706 educatus
1003 676 1047 707 et
1068 668 1259 708 eruditus
1283 668 1351 718 sit,
1375 667 1596 723 quaeritur,
1618 675 1662 709 et
1679 667 1774 723 qui-

341 715 520 756 buscum
545 717 674 769 vivat,
697 735 782 775 qua
805 723 968 764 ratione
991 724 1107 775 vitm,
1130 739 1216 779 quo
1237 739 1356 766 more
1379 724 1617 766 domestico
1639 725 1772 766 vivat.

278 777 331 812 80
345 770 399 812 Et
412 787 465 813 ex
485 772 659 816 fortuna
677 791 790 834 saepe
803 783 1120 836 argumentatio
1146 782 1349 832 nascitur,
1363 797 1462 823 cum
1480 796 1624 822 servus
1649 795 1704 823 an
1724 781 1776 824 li-

342 830 428 878 ber,
442 831 699 885 pecuniosus
720 850 774 876 an
788 851 964 893 pauper,
979 838 1134 880 nobilis
1153 854 1206 880 an
1229 839 1447 895 ignobilis,
1459 838 1564 880 felix
1583 854 1637 880 an
1662 837 1772 880 infe-

297 882 315 896 '
336 886 412 936 lix,
434 887 623 942 privatus
644 893 686 921 34
699 906 753 932 an
775 893 818 933 in
838 904 1050 949 potestate
1070 896 1139 946 sit,
1161 906 1236 937 aut
1258 896 1400 947 fuerit,
1419 906 1495 937 aut
1511 896 1681 937 futurus
1697 896 1768 947 sit,

334 944 649 988 consideratur:
682 957 756 989 aut
773 950 958 1005 denique
976 952 1137 1007 aliquid
1159 967 1306 994 eorum
1326 953 1547 1008 quaeritur,
1565 968 1662 1008 quae
1683 951 1770 994 for-

335 1008 450 1042 tunae
473 1016 564 1043 esse
580 1004 790 1048 attributa
811 1007 1123 1065 intelliguntur.
1178 1009 1368 1051 Habitus
1388 1019 1546 1061 autem,
1565 1009 1769 1066 quoniam

335 1058 378 1098 in
408 1058 551 1114 aliqua
583 1060 776 1116 perfecta
803 1073 846 1105 et
868 1067 1084 1107 constanti
1117 1067 1248 1107 animi
1284 1076 1359 1107 aut
1385 1067 1577 1122 corporis
1598 1067 1770 1109 absolu-

334 1115 452 1156 tione
481 1118 694 1171 consistit,
725 1136 810 1176 quo
842 1123 885 1164 in
920 1137 1075 1179 genere
1110 1135 1174 1165 est
1204 1124 1354 1175 virtus,
1377 1124 1571 1175 scientia,
1605 1133 1648 1165 et
1670 1140 1769 1180 quae

325 1172 549 1215 'contraria
577 1186 698 1229 sunt3
730 1193 795 1219 res
829 1179 936 1236 ipsa,
968 1196 1097 1222 causa
1129 1181 1284 1237 posita,
1306 1180 1496 1232 docebit,
1518 1181 1674 1236 ecquid
1697 1181 1768 1223 hic

333 1244 505 1286 quoque
534 1231 653 1274 locus
683 1236 940 1292 suspicionis
974 1239 1187 1280 ostendat.
1253 1239 1369 1280 Nam
1401 1237 1643 1279 affectionis
1673 1239 1769 1294 qui-

333 1287 431 1328 dem
461 1289 570 1330 ratio
602 1293 872 1348 perspicuam
906 1295 1014 1336 solet
1035 1299 1075 1328 35
1087 1311 1173 1351 prae
1205 1310 1248 1337 se
1279 1310 1425 1351 gerere
1456 1294 1767 1350 conjecturam,

333 1353 381 1384 ut
411 1359 544 1396 amor,
576 1347 810 1402 iracundia,
841 1352 1061 1394 molestia:
1094 1362 1321 1409 propterea
1353 1353 1468 1408 quod
1500 1361 1544 1393 et
1573 1352 1765 1409 ipsorum

332 1400 397 1442 vis
420 1401 688 1459 intelligitur,
711 1417 753 1447 et
779 1423 876 1463 quae
902 1424 966 1450 res
999 1409 1150 1450 harum
1172 1410 1359 1465 aliquam
1388 1424 1478 1450 rem
1499 1424 1766 1466 consequan-

269 1464 317 1500 31
335 1467 416 1509 tur,
459 1459 606 1502 faciles
645 1465 825 1519 cognitu
865 1476 977 1507 sunt.
1038 1467 1240 1508 Studium
1274 1476 1419 1508 autem
1454 1467 1659 1522 quoniam
1699 1476 1768 1509 est

331 1516 501 1558 assidua
521 1526 565 1558 et
586 1521 815 1562 vehemens
836 1523 890 1564 ad
909 1523 1096 1579 aliquam
1127 1539 1215 1565 rem
1237 1524 1454 1580 applicata
1474 1538 1633 1580 magna
1664 1539 1765 1566 cum

329 1573 550 1616 voluntate
589 1580 834 1634 occupatio,
868 1580 993 1622 facile
1035 1595 1090 1622 ex
1123 1596 1174 1622 eo
1213 1582 1392 1622 ducetur
1431 1581 1764 1637 argumentatio,

327 1645 456 1685 quam
476 1646 540 1672 res
562 1632 657 1689 ipsa'
677 1636 938 1678 desiderabit
957 1639 999 1679 in
1020 1653 1162 1680 causa.
1210 1637 1320 1679 Item
1343 1653 1397 1679 ex
1421 1638 1602 1679 consilio
1622 1653 1762 1679 sume-

325 1696 394 1728 tur
416 1688 575 1744 aliquid
602 1693 874 1749 suspicionis.
897 1710 996 1736 nam
1028 1696 1256 1736 consilium
1289 1705 1367 1747 est,
1390 1695 1553 1751 aliquid
1577 1695 1763 1737 faciendi

323 1758 409 1785 non
440 1746 682 1791 faciendive
715 1752 968 1808 excogitata
999 1752 1125 1794 ratio.
1184 1752 1283 1795 Jam
1317 1753 1446 1804 facta,
1478 1762 1522 1794 et
1552 1767 1690 1805 casuS,
1719 1763 1765 1794 et

323 1803 552 1856 orationes,
576 1813 672 1861 quac
697 1818 795 1849 sunt
817 1810 963 1857 omnia
983 1815 1051 1862 (ut
1085 1811 1127 1851 in
1159 1810 1500 1852 confirmationis
1532 1810 1762 1866 praeceptis

323 1859 487 1900 dictum
511 1864 593 1913 est)
617 1864 660 1905 in
681 1866 762 1906 tria
781 1876 976 1922 tempora
998 1867 1245 1918 distributa,
1268 1867 1392 1908 facile
1411 1867 1492 1908 erit
1514 1867 1671 1918 videre,
1691 1881 1762 1909 ec-

324 1917 428 1971 quid
450 1918 631 1960 afferant
652 1922 704 1963 ad
724 1923 1019 1978 conjecturam
1041 1925 1379 1966 confirmandam
1403 1924 1676 1980 suspicionis.

246 1971 312 2018 lO
382 1973 448 2015 Ac
481 1979 673 2030 personis
706 1981 880 2035 quidem
907 1996 972 2022 res
1006 1996 1068 2023 eae
1103 1992 1202 2023 sunt
1228 1982 1465 2033 attributae,
1507 1996 1561 2022 ex
1603 1981 1760 2036 quibus

262 2043 311 2077 32
326 2032 526 2073 omnibus
545 2049 679 2076 unum
709 2037 752 2077 in
783 2037 925 2079 locum
956 2039 1132 2090 coactis,
1155 2039 1417 2080 accusatoris
1439 2039 1521 2080 erit
1541 2038 1760 2094 improba-

326 2088 441 2129 tione
464 2089 650 2132 hominis
673 2094 751 2134 uti.
782 2109 881 2135 nam
911 2110 1040 2136 causa
1066 2095 1169 2136 facti
1201 2110 1351 2152 parum
1384 2095 1661 2136 firmitudinis
1684 2094 1760 2137 ha-

321 2145 408 2195 bet,
432 2147 513 2186 nisi
544 2149 710 2190 animus
741 2151 848 2205 ejuS,
880 2152 953 2207 qui
977 2152 1261 2205 insimulatur,
1286 2153 1328 2193 in
1351 2167 1444 2193 eam
1468 2152 1758 2208 suspicionem

318 2202 571 2254 adducatur,
603 2216 650 2246 ut
683 2223 708 2248 a
738 2208 811 2248 tali
845 2209 972 2265 culpa
1004 2224 1091 2250 non
1122 2210 1316 2251 videatur
1347 2209 1634 2251 abhorruisse.
1695 2209 1759 2251 Ut

317 2259 432 2299 enim
455 2261 647 2304 animum
674 2264 855 2320 alicujus
886 2267 1130 2322 improbare
1161 2267 1268 2308 nihil
1300 2267 1469 2317 attinet,
1492 2281 1592 2307 eum
1613 2280 1757 2318 causa,

317 2318 357 2347 36
371 2331 501 2371 quare
523 2322 780 2374 peccaverit,
812 2338 899 2364 non
921 2324 1186 2365 intercessit:
1220 2324 1281 2365 sic
1304 2338 1478 2375 eausam
1501 2323 1668 2380 peccati
1691 2323 1756 2364 in-

317 2374 531 2415 tercedere
564 2376 657 2418 leve
686 2389 764 2430 est,
798 2380 831 2420 si
858 2381 1026 2422 animus
1059 2381 1163 2421 nulli
1195 2381 1334 2422 minus
1365 2380 1558 2422 honestae
1596 2379 1753 2431 rationi

315 2429 454 2471 affinis
478 2434 732 2477 ostenditur.
797 2438 942 2483 Quare
962 2439 1095 2479 vitam
1118 2438 1225 2493 ejus,
1248 2452 1376 2494 quem
1395 2437 1553 2493 arguit,
1571 2451 1626 2477 ex
1652 2446 1753 2478 ante

313 2485 440 2527 factis
473 2501 698 2533 accusator
737 2493 980 2551 improbare
1019 2495 1209 2547 debebit,
1251 2505 1294 2536 et
1326 2495 1565 2545 ostendere,
1598 2494 1634 2535 si
1669 2508 1755 2550 quo

312 2605 374 2636 Gu.
395 2611 420 2637 1.
447 2619 466 2638 a
490 2619 532 2639 m.
557 2619 581 2640 S.
608 2612 679 2643 edd.
702 2624 749 2653 pr.
772 2614 853 2645 item
877 2615 1006 2646 Manut.
1052 2615 1113 2646 Sed
1129 2621 1163 2646 et.
1182 2616 1345 2646 similibus
1359 2615 1520 2647 informis
1543 2624 1661 2654 gerere
1674 2614 1754 2646 diei-

310 2647 436 2679 Victor.
484 2652 601 2683 Sensus
615 2660 677 2690 est,
692 2656 777 2695 quod
789 2657 853 2686 illis
866 2659 1027 2688 nomini-.
1052 2658 1184 2694 tur,ubi
1208 2658 1361 2688 usitatius
1375 2662 1426 2689 est
1438 2657 1551 2698 serre,
1569 2662 1608 2688 ut
1625 2658 1747 2697 palam

310 2691 371 2720 bus
385 2691 534 2723 homines
557 2695 590 2724 in
605 2696 715 2736 aliquo
737 2708 854 2738 genere
873 2700 945 2730 vitii
960 2700 1008 2731 vel
1051 2710 1167 2738 gerere
1181 2700 1221 2730 ad
1233 2699 1305 2731 Att.
1322 2701 1371 2737 16,
1385 2705 1417 2735 9.

311 2733 441 2764 virtutis
454 2736 524 2765 noti
537 2742 654 2767 essent.
1093 2742 1133 2772 36
1147 2741 1531 2782 Quarepeccazrerit,non
1546 2741 1751 2781 intercessit]

353 2776 455 2806 34An
465 2778 499 2806 in
502 2782 661 2816 potestate
669 2781 735 2820 sit.]
749 2782 829 2812 Edd.
841 2788 919 2813 vett.
933 2793 1007 2814 cum
1052 2785 1238 2815 lutere-essu
1261 2790 1349 2815 reete
1368 2785 1448 2815 Mss.
1462 2785 1564 2815 etiam
1581 2783 1670 2814 Cass.
1685 2783 1749 2814 Gu.

304 2821 474 2855 potestate.
515 2820 576 2850 Sed
585 2823 717 2861 privato
732 2826 850 2855 rectius
865 2827 1003 2865 opponi·
1052 2826 1124 2857 edd.
1145 2836 1191 2866 pr.
1207 2834 1285 2857 ante
1305 2826 1437 2857 Aldum.
1481 2825 1545 2857 Sed
1558 2825 1656 2859 iidem
1671 2825 1752 2872 scri-

309 2865 377 2895 tur,
401 2861 455 2899 qui
471 2865 522 2891 est
545 2863 580 2892 in
593 2868 754 2903 potestate
773 2867 794 2896 i.
807 2876 834 2897 e.
851 2868 886 2898 in
903 2869 1006 2908 magi·
1050 2870 1098 2909 pti
1134 2868 1258 2898 habent
1283 2870 1431 2909 peccarit
1462 2878 1521 2908 pro
1551 2870 1751 2907 peccaverat.-

309 2906 428 2932 Stratu·
1052 2910 1141 2951 quod
1154 2911 1283 2942 videtur
1296 2922 1364 2943 esse
1378 2921 1437 2953 pro
1445 2914 1608 2952 peccaret.

351 2946 392 2974 :35
403 2944 482 2976 Proe
489 2955 522 2976 se
530 2948 670 2988 gerere]
684 2949 845 2982 Usitatius
853 2951 1007 2992 estferre.
