1945 3235
197 736 230 767 p.

227 310 299 359 45
313 307 415 348 dum
446 308 598 348 tentari
627 309 859 364 oportebit.

246 1188 296 1220 84
309 1181 423 1222 enim
447 1183 605 1238 probus
627 1191 705 1223 est

245 729 296 758 53.

265 780 295 800 a.

317 149 389 185 153
783 145 864 186 DE
888 146 1272 187 INVENTIONE

312 264 363 290 ea
382 248 570 305 quidem,
588 264 689 314 *quae
711 251 831 306 quasi
862 253 1103 308 probabilia
1122 255 1163 285 22
1174 262 1408 318 sumentur,
1430 253 1492 295 ad
1511 253 1626 297 hunc
1644 261 1738 298 mo-

921 310 1032 356 Qun
1064 324 1163 351 v·ero
1197 311 1321 351 sicuti
1355 312 1592 354 necessaria
1613 313 1737 355 indu*-

310 375 475 415 centur,
496 379 547 406 ea
568 365 601 406 si
624 364 735 407 forte
757 366 1040 408 imitabuntur
1057 368 1186 408 modo
1209 368 1491 409 necessariam
1512 383 1739 425 aruumen-

311 421 532 472 tationem,
555 437 692 477 neque
712 437 757 463 e1
762 433 837 463 unt
857 423 1084 478 ejusmodi,
1103 425 1163 465 sie
1186 424 1562 480 reprehendentur.
1560 403 1632 458 023
1645 427 1738 468 Pri-

308 492 427 520 mum
461 479 722 535 complexio,
745 494 857 534 quae,
887 490 1030 522 utrum
1061 496 1335 532 concesser1S,
1362 482 1491 523 debet
1514 482 1674 534 tollere,
1704 485 1740 524 si

309 550 408 577 vera
424 546 502 587 est,
526 551 744 600 nunquam
774 538 1132 592 replweliendetur
1164 539 1229 579 sin
1252 538 1371 589 falsa,
1393 539 1561 580 duobus
1583 541 1736 590 modis,

309 603 383 634 aut
415 608 525 634 com
528 608 708 644 cisione,
731 603 806 634 aut
823 594 995 635 alterius
1018 596 1150 650 partis
1179 595 1483 637 infirmatione.
1545 596 1737 639 Conver-

312 650 444 701 sione,
477 651 560 691 hoc
578 650 734 693 modo:

465 725 563 760 Nam.
581 726 613 760 si
628 729 782 768 veretur,
797 727 886 774 quid
903 737 984 762 eum
999 738 1152 769 accuses,
1171 728 1234 775 qui
1250 732 1301 762 est
1316 728 1450 775 probus
1463 729 1484 764 ,9

465 776 531 812 Sin
550 778 825 814 inverecundum
840 779 954 814 animi
972 780 1157 825 ingenium
1167 781 1340 827 possidet,

465 829 561 870 Quid
577 841 655 865 eum
670 842 822 872 accuses,
843 832 905 878 qui
923 831 962 867 z'd
979 831 1132 879 24parvi
1146 832 1275 867 auditu
1289 833 1497 868 existimet?

309 895 412 946 Hic,
445 895 534 936 sive
566 896 700 936 vereri
734 896 909 947 dixeris,
941 897 1029 938 sive
1061 912 1147 938 non
1180 898 1328 948 vereri,
1367 898 1740 940 25concedendum

306 953 390 993 hoc
421 961 558 1008 putat,
582 962 629 994 ut
658 963 788 1009 neget
813 968 903 994 esse
936 954 1238 995 accusandum.
1301 956 1431 1002 Quod
1461 956 1742 997 conversione

308 1010 369 1050 sic
392 1010 748 1066 1Mep1ehendetur:
782 1010 922 1051 Immo
946 1025 1045 1052 vero
1068 1012 1334 1052 accusandus
1356 1022 1434 1053 est.
1476 1013 1589 1054 Nam
1613 1014 1647 1054 si
1670 1027 1742 1054 ve-

309 1077 660 1118 r·,etui·1ccuses:
691 1083 778 1109 non
809 1068 925 1108 enim
947 1068 1067 1124 parii
1091 1068 1240 1109 auditu
1264 1069 1514 1110 aestimabit.
1580 1070 1688 1111 Sin
1679 1085 1744 1111 ln-

308 1125 596 1165 verecundum
630 1125 761 1165 animi
793 1125 1016 1181 ingenium
1040 1125 1243 1181 possidet,
1278 1135 1422 1167 tamen
1444 1141 1631 1168 accuses.
1653 1141 1742 1168 non

765 1161 953 1223 Alterius
986 1193 1130 1223 autem
1160 1183 1292 1238 partis
1326 1183 1629 1234 infirmatione,
1659 1184 1742 1225 hoc

307 1239 438 1280 modo
469 1239 820 1295 ieprzehendetur
855 1235 1015 1281 Verum
1046 1240 1079 1280 si
1113 1249 1294 1291 v·e1etur,
1315 1241 1640 1282 26acc11satione
1670 1249 1744 1282 tua

310 1305 542 1348 coi-‚rectus
566 1298 620 1338 ab
643 1306 782 1338 errato
806 1297 989 1338 recedet.
1051 1297 1330 1338 Enumeratio
1351 1298 1509 1338 vitiosa
1539 1297 1742 1354 intelligi—

307 1362 390 1403 tur,
414 1354 447 1394 si
471 1366 544 1395 aut
569 1355 832 1410 praeteritum
851 1354 1054 1410 quiddam
1077 1355 1284 1405 dicemus,
1303 1355 1420 1410 quod
1439 1354 1617 1396 velimus
1639 1370 1743 1396 con-

304 1411 468 1461 cedere,
492 1421 566 1452 aut
598 1412 813 1452 infirmum
847 1411 1007 1466 aliquid
1030 1421 1372 1462 annumeratum,
1395 1412 1511 1467 quod
1535 1421 1610 1453 aut
1639 1427 1742 1454 con-

307 1476 371 1508 tra
394 1469 479 1509 dici
503 1469 651 1524 possit,
671 1478 746 1509 aut
776 1484 904 1510 causa
926 1484 1011 1510 non
1043 1469 1112 1519 sit,
1142 1483 1273 1524 quare
1295 1484 1382 1509 non
1402 1470 1582 1510 honeste
1603 1470 1740 1525 possi-

303 1539 398 1565 mus
418 1527 666 1567 concedere.
729 1526 979 1567 Praeteritur
1008 1526 1213 1581 quiddam
1245 1526 1289 1566 in
1321 1526 1533 1581 ejusmodi
1567 1540 1741 1567 enume-

304 1583 569 1624 rationibus:
604 1583 823 1629 Quoniam
846 1583 976 1624 habes
999 1583 1131 1624 istum
1149 1597 1322 1639 equum,
1344 1591 1419 1624 aut
1439 1583 1592 1624 emeris
1614 1598 1743 1640 opor-

304 1648 381 1690 tet,
415 1649 489 1680 aut
527 1640 764 1681 hereditate
806 1641 1040 1696 possideaS,
1070 1649 1145 1681 aut
1186 1654 1362 1681 munere
1398 1641 1630 1705 acceperis,
1667 1649 1741 1682 aut

305 1697 423 1737 domi
447 1698 526 1738 tibi
551 1708 675 1738 natus
699 1697 767 1748 sit,
791 1706 879 1749 aut,
903 1698 936 1738 si
969 1698 1123 1738 horum
1146 1697 1256 1739 nihil
1285 1707 1363 1748 est,
1387 1698 1640 1762 surripueris
1669 1710 1743 1738 ne-

305 1768 422 1794 cesse
444 1763 531 1806 est3
564 1755 635 1795 sed
657 1769 796 1810 neque
829 1755 985 1806 emisti,
1008 1769 1148 1810 neque
1179 1754 1418 1796 hereditate
1449 1755 1583 1806 venit,
1605 1768 1743 1810 neque

303 1811 420 1852 domi
440 1788 564 1853 natiis
588 1822 667 1863 cst,
699 1826 838 1867 neque
860 1812 1042 1854 donatus
1069 1821 1159 1854 est:
1191 1826 1364 1853 necesse
1394 1820 1460 1853 est
1480 1826 1583 1869 ergo
1614 1812 1743 1854 surri-

344 1965 386 1995 22
412 1964 595 1995 Sumentm·
610 1964 683 2003 &c.]
709 1964 760 1994 Sic
784 1963 909 1994 correxi
931 1963 1002 1994 vul·
1044 1969 1104 1996 aut
1119 1975 1158 1996 ex
1180 1964 1317 2005 singulis
1343 1974 1412 1996 non
1434 1968 1522 1996 recte
1537 1963 1742 2000 conclusum,

305 2010 421 2045 gatum
446 2011 627 2036 summitur
647 2017 664 2036 e
690 2007 752 2036 Gu.
780 2009 805 2036 1.
829 2006 899 2036 edd.
919 2012 1001 2037 vett.
1044 2011 1118 2037 tum
1141 2008 1349 2047 reprehensio
1369 2007 1532 2038 tentanda
1552 2012 1615 2043 est,
1641 2016 1742 2045 eaque

303 2049 380 2086 quia
390 2049 540 2087 sequitur
553 2049 588 2078 in
602 2049 768 2079 contrario
782 2049 980 2078 inducentur
992 2061 1002 2078 .·
1044 2048 1194 2079 facienda
1207 2055 1266 2079 aut
1279 2060 1337 2090 per
1350 2049 1597 2079 conversionem
1614 2049 1673 2078 διο.

303 2099 364 2129 pro
389 2101 452 2129 quo
477 2091 557 2120 Mss.
577 2091 675 2120 multi
697 2096 731 2121 et
753 2090 824 2121 edd.
847 2097 928 2120 vett.
944 2091 1001 2120 ha-

252 2165 254 2167 ,
302 2132 383 2162 bent
410 2133 568 2162 dicentur.
611 2132 699 2163 Illud
720 2133 790 2162 sine
807 2132 905 2162 dubio
931 2143 998 2162 me-

303 2172 376 2204 lius.

345 2217 386 2247 23
412 2215 569 2246 Primum
594 2217 769 2256 complexio
795 2216 869 2256 &c.]
899 2216 999 2247 Hunc

303 2256 425 2295 locum,
449 2258 526 2297 quia
551 2263 600 2289 est
623 2259 786 2288 difficilior
811 2259 852 2288 ad
876 2259 999 2289 intelli-

302 2300 445 2339 gendum
462 2309 528 2330 non
541 2301 683 2331 adsuetis
695 2302 795 2331 veteri
808 2300 1000 2339 dialecticae,

301 2341 551 2372 dilucidabimus
564 2343 716 2373 breviter.
756 2343 903 2374 Primum
917 2354 1001 2374 com-

294 2385 405 2424 plexio
419 2384 452 2414 h.
465 2384 488 2414 1.
504 2390 554 2415 est
568 2386 825 2423 argumentatio,
843 2388 934 2426 cujus
950 2396 1000 2416 ra-

300 2427 349 2456 tio
372 2427 555 2467 explicatur
578 2438 677 2468 supra
698 2437 726 2457 6.
749 2429 800 2461 29.
823 2434 937 2468 estque
959 2429 1000 2458 si-

302 2469 442 2499 millima
463 2469 658 2507 dilemmati,
675 2474 733 2500 aut
747 2470 867 2501 nititur
881 2470 996 2500 dilem-

301 2516 402 2541 mate.
447 2510 496 2542 Ea
518 2511 615 2542 debet
637 2512 766 2549 tollere,
791 2512 810 2542 i.
835 2523 863 2543 e.
878 2522 997 2551 negare

302 2559 337 2582 et
364 2552 483 2584 falsum
503 2554 666 2593 judicare,
702 2559 800 2593 atque
827 2555 997 2585 ostendere

303 2595 501 2625 utrumlibet
521 2607 539 2626 e
561 2596 687 2626 duobus
710 2597 826 2626 sumtis
842 2597 999 2627 conceda-

303 2642 360 2667 tur
386 2637 426 2667 ab
463 2637 655 2669 adversario.
701 2639 750 2668 Ea
776 2639 878 2678 igitur
904 2649 1002 2678 arg-u-

303 2679 478 2717 mentatio,
508 2680 534 2710 si
556 2680 724 2711 evidenter
749 2690 825 2711 vera
846 2686 909 2719 est,
933 2691 1000 2712 non

302 2720 459 2752 debemus
472 2732 546 2752 eam
563 2722 796 2762 reprehendere
812 2723 906 2761 velle,
922 2725 999 2762 quia

303 2764 409 2794 inanis
431 2767 481 2794 est
493 2764 596 2800 labor,
611 2769 646 2794 et
658 2765 749 2794 obest
765 2766 874 2804 potius
899 2776 997 2806 quam

302 2806 444 2845 prodest.
499 2806 544 2836 At
573 2809 599 2837 si
620 2806 702 2836 falsa
730 2812 764 2837 et
789 2808 907 2838 vitiosa
933 2814 996 2845 est,

302 2848 388 2887 quod
410 2853 469 2879 aut
496 2849 532 2879 in
561 2849 783 2888 propositione
806 2859 872 2880 non
903 2861 998 2881 accu-

302 2895 376 2922 rata
403 2895 453 2922 est
483 2891 659 2932 disjunctio
681 2896 740 2922 aut
766 2893 901 2932 pax-titio
937 2893 994 2924 &c.

1087 2093 1129 2123 24
1165 2090 1210 2121 P.
1237 2092 1356 2123 auditu
1385 2091 1571 2130 minima]
1619 2090 1672 2120 Sic
1693 2100 1742 2121 re-

1040 2133 1153 2173 scripsi
1174 2142 1235 2173 pro
1257 2135 1404 2169 oesta'met,
1427 2133 1549 2173 partim
1571 2143 1589 2163 6
1612 2132 1691 2163 Mss.
1707 2139 1742 2164 et

1041 2174 1112 2205 edd.
1128 2179 1208 2204 vett.
1223 2176 1346 2215 partim
1367 2185 1407 2205 ex
1430 2174 1576 2206 Herenn.
1592 2176 1624 2211 2,
1640 2175 1689 2206 26.
1708 2182 1743 2206 et

1041 2221 1176 2257 propter
1191 2222 1348 2254 metrum,
1369 2217 1479 2257 quod'
1471 2226 1507 2246 m
1522 2218 1657 2248 oesce'met
1671 2226 1740 2248 non

1042 2264 1184 2290 constat.
1229 2259 1269 2289 In
1282 2259 1491 2299 sequentibus
1506 2264 1600 2290 extra
1612 2269 1743 2290 versum

1045 2311 1178 2331 manere
1193 2306 1317 2341 potest.

1092 2345 1132 2374 ‘25
1166 2343 1408 2374 concedendam
1419 2347 1505 2373 —ut
1544 2347 1640 2382 neget
1678 2353 1744 2375 esse

1043 2386 1124 2425 aea]
1173 2385 1415 2416 concedendum
1441 2392 1491 2415 est
1522 2395 1598 2415 vera
1629 2385 1741 2423 lectio,

1043 2438 1142 2468 quam
1162 2428 1242 2458 Mss.
1258 2428 1362 2459 Palat.
1391 2426 1541 2457 Oudend.
1563 2426 1652 2458 Cass.
1677 2428 1740 2458 Gu.

1038 2475 1173 2509 uterque
1186 2475 1219 2501 ct
1233 2469 1283 2500 ed.
1307 2481 1355 2510 pr.
1369 2469 1511 2507 habent3
1534 2468 1590 2498 sed
1608 2469 1683 2502 haec
1693 2480 1744 2501 re—

1040 2513 1142 2552 quirit
1168 2512 1283 2543 deinde
1308 2515 1416 2551 neget,
1446 2515 1485 2541 ut
1512 2514 1563 2541 est
1587 2511 1623 2541 in
1649 2512 1739 2543 Cass.

1041 2555 1104 2585 Gu.
1132 2558 1157 2585 1.
1182 2565 1202 2585 a
1222 2565 1268 2585 m.
1298 2565 1345 2603 pr:
1375 2553 1465 2584 Leid.
1492 2553 1603 2584 tertio.
1648 2553 1739 2585 Nam

1041 2602 1244 2646 praeceptum
1260 2597 1405 2638 pertinet
1428 2605 1497 2626 non
1518 2594 1560 2625 ad
1581 2605 1671 2633 eum,
1687 2597 1741 2627 cui

1042 2640 1253 2679 praecipitur-3
1276 2639 1331 2669 sed
1356 2638 1396 2669 ad
1414 2647 1504 2674 eum,
1531 2637 1624 2678 eujus
1644 2648 1744 2678 argu-

1044 2691 1134 2712 men
1122 2683 1205 2712 atio
1221 2680 1326 2711 refelli
1351 2680 1464 2711 debet.
1489 2680 1516 2709 is
1538 2685 1638 2720 neget
1662 2689 1740 2711 con-

1041 2723 1224 2754 cedendum
1246 2732 1326 2759 esse,
1343 2728 1381 2753 ut
1403 2722 1545 2753 alterum
1561 2731 1629 2753 non
1644 2732 1739 2754 aceu-

1041 2765 1177 2801 sandum
1195 2766 1350 2796 fateatur.

1083 2807 1124 2839 26
1136 2808 1348 2838 Accusatione
1362 2811 1422 2838 tua
1435 2805 1622 2845 correctus]
1657 2805 1740 2842 Edu.

1040 2859 1088 2890 pr.
1111 2859 1213 2889 usque
1239 2849 1280 2879 ad
1307 2849 1429 2894 Aldum
1453 2853 1629 2889 correptus,
1653 2847 1743 2888 quo&

1041 2901 1110 2923 non
1121 2891 1281 2933 displicet-
