1914 3220
0 2687 7 2866 ‚r-q—v-

461 383 1166 453 PRAEFATIO.

93 703 454 770 LIBRORUM
479 724 866 767 Ciceronianorum
888 723 933 775 ii,
950 724 1025 780 qui
1047 731 1148 765 sunt
1163 723 1216 765 de
1238 729 1328 764 arte
1349 720 1537 772 dicendi,

88 797 220 853 longe
249 796 391 836 minus
421 793 573 836 ceteris
613 793 785 850 experti
819 801 919 835 sunt
951 793 1053 834 artis
1088 792 1202 834 illius
1241 805 1403 841 curam,
1435 803 1534 845 quae

89 865 252 921 scripta
273 864 450 919 antiqua
471 863 651 904 liberare
673 877 698 903 a
721 862 836 903 vitiis
859 870 902 903 et
925 861 1195 918 corrupteliS,
1218 868 1261 901 et
1293 857 1534 916 integritati

88 934 315 975 restituere
336 940 533 974 conatur.
596 930 702 987 Ejus
726 931 786 972 rei
809 946 960 972 caussa
980 945 1068 972 non
1090 945 1178 972 una
1206 926 1537 971 commemorari

89 1009 250 1058 potest.

149 1069 264 1111 Cum
284 1068 471 1125 primum
493 1067 593 1109 libri
627 1067 795 1122 antiqui
817 1082 840 1108 e
863 1067 1050 1108 tenebris
1082 1075 1127 1107 et
1158 1066 1243 1108 situ
1265 1064 1356 1106 erui
1379 1062 1540 1119 coepis-

87 1147 199 1189 sent,
232 1137 275 1178 id
308 1136 471 1177 factum
502 1144 567 1177 est
590 1135 786 1191 inprimis
818 1144 1063 1192 propterea,
1085 1143 1134 1176 ut
1154 1134 1370 1185 homines,
1393 1131 1468 1188 qui
1493 1145 1537 1172 se

91 1206 245 1247 studiis
265 1205 476 1246 doctrinae
494 1203 773 1254 dedidissent,
793 1213 836 1243 et
853 1218 995 1245 rerum
1010 1203 1284 1259 antiquarum
1299 1200 1540 1250 scientiam,

89 1283 136 1315 et
156 1272 405 1315 facultatem
430 1273 538 1312 bene
558 1270 691 1312 latine
714 1271 885 1313 dicendi
908 1286 962 1313 ex
986 1272 1038 1312 iis
1061 1285 1313 1328 comparare
1346 1276 1540 1325 possent.

91 1341 246 1397 Itaque
266 1349 310 1381 et
337 1340 366 1381 ii
390 1340 580 1381 maxime
604 1350 703 1381 sunt
723 1340 896 1395 quaesiti
919 1356 969 1382 ac
992 1339 1214 1397 descripti,
1244 1339 1288 1380 in
1317 1337 1475 1394 quibus
1496 1344 1542 1376 et

89 1408 362 1465 antiquitatis
385 1408 593 1450 memoria
611 1417 723 1450 esset
745 1418 1014 1460 conservata,
1036 1417 1080 1450 et
1100 1406 1303 1464 exempla
1332 1407 1443 1447 bene
1473 1404 1540 1445 di-

88 1478 214 1519 cendi
238 1486 606 1534 proponerentur:
639 1476 684 1518 hi
710 1477 902 1518 maxime
935 1493 985 1519 ac
1017 1492 1154 1534 prope
1189 1476 1266 1518 soli
1301 1484 1402 1516 sunt
1422 1472 1540 1524 lecti,

86 1546 369 1602 etjuventuti
406 1546 549 1587 studia
580 1545 774 1588 liberalia
807 1545 1030 1587 aemulanti
1062 1546 1116 1587 ad
1147 1544 1407 1586 imitandum
1437 1548 1540 1583 sunt

89 1614 136 1656 in
159 1614 317 1656 scholis
338 1613 563 1670 explicati.
627 1614 712 1655 Sed
734 1629 834 1655 cum
857 1615 1160 1671 interpretatio
1193 1614 1284 1655 sine
1315 1610 1546 1654 emendata

88 1680 276 1724 lectione
307 1682 541 1739 procedere
563 1697 651 1723 non
683 1692 844 1739 posset,
863 1682 949 1725 hoc
981 1684 1025 1724 in
1048 1683 1199 1740 primis
1223 1689 1369 1723 actum
1391 1688 1471 1729 est,
1493 1687 1543 1719 ut

89 1757 237 1792 textus
269 1765 433 1802 eorum,
465 1750 739 1792 conferendis
782 1751 976 1808 pluribus
1009 1750 1237 1807 exempliS,
1273 1758 1317 1791 et
1346 1746 1545 1790 adhibita

89 1819 248 1860 idonea
281 1819 443 1876 linguae
472 1835 522 1861 ac
560 1834 702 1861 rerum
736 1820 919 1861 scientia
954 1820 1257 1876 corrigeretur.
1318 1817 1544 1866 Videmm,

89 1901 180 1938 eos,
202 1887 292 1941 qui,
315 1896 363 1928 ut
381 1888 424 1928 in
450 1887 664 1929 Cicerone
685 1903 951 1939 maneamus,
966 1885 1315 1944 praestantissimi
1337 1885 1431 1940 ejus
1450 1898 1546 1925 cor-

87 1965 276 1996 rectores
306 1963 349 1996 et
379 1956 633 2012 interpretes
671 1956 827 2012 optimi
862 1957 1060 2008 extitere,
1090 1955 1210 1997 Petr.
1240 1952 1468 1996 Victoriam
1498 1959 1543 1992 et

93 2022 294 2064 Paullum
327 2022 586 2076 Munatium,
624 2025 819 2066 omnium
854 2024 1185 2081 diligentissime
1221 2021 1437 2080 Epistolas
1471 2020 1546 2061 Ci-

89 2091 273 2144 ceronis,
296 2091 340 2132 in
365 2092 514 2148 primis
537 2107 622 2145 eas,
645 2108 743 2149 quae
777 2101 877 2134 sunt
907 2093 962 2134 ad
995 2092 1203 2135 Diversos
1236 2092 1425 2148 scriptae,
1458 2098 1544 2130 tra-

45 2169 51 2173 “
90 2169 253 2214 ctasse3
285 2160 402 2216 quod
433 2175 508 2216 per
529 2175 600 2202 eas
622 2161 814 2202 maxime
845 2161 986 2203 aditus
1011 2161 1236 2217 juventuti
1269 2160 1323 2201 ad
1353 2157 1544 2200 latinita-

90 2236 179 2270 tem
210 2229 559 2285 cognoscendam
594 2237 638 2270 et
670 2230 780 2271 bene
815 2229 1030 2271 scribendi
1068 2228 1320 2270 facultatem
1349 2225 1546 2284 patefieri

91 2297 280 2350 solebat3
312 2291 512 2354 proxime
534 2308 634 2354 post
653 2298 744 2349 has,
768 2299 1011 2350 orationes3
1044 2297 1198 2339 ceteris
1220 2296 1357 2347 libris,
1379 2295 1453 2351 qui
1477 2293 1545 2335 vel

91 2365 146 2406 ad
177 2374 314 2406 artem
343 2366 622 2421 pertinerent,
645 2366 714 2408 vel
746 2367 799 2408 ad
830 2366 1168 2423 philosophiam,
1195 2379 1381 2421 quorum
1411 2362 1542 2404 lectio

89 2434 401 2475 eruditioribus
435 2444 690 2486 servaretur,
729 2434 881 2476 leviter
916 2435 1048 2477 modo
1081 2435 1125 2475 in
1162 2443 1346 2489 utroque
1389 2445 1546 2488 genere

91 2503 303 2554 tractatis,
323 2513 478 2559 praeter
501 2518 634 2545 unum
649 2504 702 2545 de
719 2503 891 2545 Officiis
920 2503 1192 2561 opusculum,
1206 2501 1323 2558 quod
1337 2510 1380 2542 et
1403 2501 1546 2557 ipsum

85 2569 332 2625 juventutis
357 2572 509 2613 studiis
532 2573 910 2614 accommodatum
934 2573 1184 2629 putabatur.
1244 2569 1391 2625 Atque
1412 2569 1544 2610 etiam

91 2637 137 2678 in
159 2638 241 2680 illis
259 2639 396 2695 major
414 2639 597 2681 facultas
619 2641 803 2682 dabatur
824 2635 1097 2691 emendandi,
1117 2639 1232 2695 quod
1252 2637 1392 2693 major
1419 2636 1547 2693 copia

90 2707 392 2762 exemplorum
415 2717 608 2750 veterum
634 2710 945 2766 reperiebatur,
967 2723 1098 2764 quam
1120 2717 1388 2749 ceterorum:
1422 2705 1546 2761 cujus

93 2774 156 2814 rei
188 2775 368 2817 eandem
395 2791 591 2818 caussam
623 2776 771 2829 fuisse,
805 2792 933 2818 nemo
967 2776 1178 2832 ambigat.
1240 2773 1304 2815 Ea
1326 2773 1461 2830 igitur
1482 2786 1547 2813 res

97 2841 220 2896 fecit,
242 2851 290 2884 ut
310 2843 467 2887 horum
478 2845 704 2899 librorum,
725 2845 1044 2888 rhetoricorum
1066 2853 1110 2886 et
1128 2843 1548 2903 philosophicorum,

812 2913 893 2957 d2
