1945 3235
647 132 831 173 LIBER
857 133 1095 172 PRIMUS.
1501 141 1585 177 139.

149 238 527 285 Quem-admodum
555 236 688 294 igitur
719 237 792 279 hic
813 246 857 279 et
885 237 938 278 ad
971 237 1154 292 primam
1175 252 1388 294 quamque
1410 250 1575 296 partem

145 295 332 352 primum
359 296 551 347 accessit,
573 304 617 336 et
637 295 838 336 omnibus
869 294 1092 344 absolutis,
1114 293 1241 335 finem
1265 295 1434 338 dicendi
1457 298 1576 347 fecit,

145 353 206 409 sic
227 353 352 394 nobis
380 353 534 410 placet,
556 361 599 393 et
629 352 681 394 ad
705 352 891 408 singulas
916 361 1054 408 partes
1078 352 1292 401 accedere,
1310 363 1354 392 et
1375 355 1575 395 omnibus

143 410 365 466 absolutis,
398 424 608 466 perorare.
668 409 798 451 Nunc
828 410 880 450 de
911 408 1238 450 confirmatione
1268 409 1483 465 deinceps,
1514 412 1575 452 ita

144 477 192 508 ut
215 468 320 509 ordo
340 468 430 523 ipse
453 467 656 523 postulat,
679 466 1017 523 praecipiendum
1041 467 1221 507 videtur.

201 524 486 566 Confirmatio
508 533 586 575 est,
610 539 685 580 per
714 539 842 579 quam
874 524 1230 579 argumentando,
1252 531 1408 564 nostrae
1432 538 1570 564 causae
1587 524 1657 572 24,

144 577 288 634 fidem,
321 591 365 623 et
401 581 716 631 auctoritatem,
750 591 793 622 et
831 581 1148 622 firmamentum
1189 580 1389 636 adjungit
1420 581 1637 628 oratio.34

145 639 291 695 Hujus
313 639 445 695 partis
467 648 704 679 certa-sunt
726 648 956 695 praecepta,
979 653 1075 693 quae
1099 640 1140 679 in
1164 638 1333 694 singula
1353 652 1577 679 causarum

144 711 301 754 genera
321 696 581 737 dividentur.
612 696 918 737 Verumtamen
941 711 1027 736 non
1051 696 1373 736 incommodum
1395 696 1579 745 videtur,

144 754 358 810 quandam
388 753 553 804 silvam,
588 764 717 808 atque
755 754 977 794 materiam
1011 755 1252 794 universam
1291 763 1390 793 ante
1422 753 1580 809 permi-

145 820 254 852 stam
295 821 340 851 et
380 810 604 852 confusam
643 826 859 867 exponere
897 811 1091 851 omnium
1132 810 1550 865 argumentationum
1569 827 1579 852 :

142 878 241 925 post
275 878 420 909 autem
459 868 639 919 tradere,
675 868 1036 923 quemadmodum
1078 867 1412 922 unumquodque
1445 882 1581 923 genus

143 941 299 977 causae,
321 925 522 967 omnibus
544 926 646 967 hinc
676 926 1004 982 argumentandi
1035 926 1273 966 rationibus
1297 926 1459 976 tractis,
1478 940 1582 967 con-

145 983 314 1024 firmare
336 992 548 1040 oporteat.

203 1041 365 1082 Omnes
398 1055 462 1082 res
494 1042 833 1097 argumentando
857 1041 1180 1092 confirmantur,
1202 1050 1275 1082 aut
1297 1056 1352 1082 ex
1376 1055 1441 1091 eo,
1464 1040 1582 1096 quod

145 1099 354 1154 personis,
374 1110 448 1140 aut
470 1113 527 1140 ex
552 1113 618 1150 eo,
641 1100 755 1154 quod
780 1100 965 1156 negotiis
988 1110 1053 1140 est
1075 1100 1346 1140 attributum.
1401 1098 1464 1140 Ac
1487 1113 1584 1154 per-

144 1157 260 1197 Sonis
285 1156 359 1197 has
386 1171 449 1198 res
475 1156 704 1197 attributas
736 1166 951 1213 putamus,
976 1171 1146 1206 nomen,
1169 1166 1380 1205 naturam,
1404 1156 1584 1207 vietum,

144 1207 378 1265 fortunam,
410 1214 622 1264 habitum,
654 1213 943 1264 affectionem,
967 1214 1122 1263 studia,
1145 1213 1338 1265 consilia,
1363 1212 1490 1264 facta,
1513 1228 1586 1255 ca-

145 1286 229 1322 sus,
252 1272 483 1312 orationes.
545 1271 716 1312 Nomen
739 1281 816 1322 est,
841 1272 969 1327 quod,
987 1272 1219 1326 unicuique
1240 1272 1281 1304 72
1296 1284 1488 1326 personae
1521 1280 1585 1311 at-

141 1328 360 1380 tribuitur,
379 1344 464 1385 quo
489 1343 565 1369 suo
588 1343 771 1384 quaeque
804 1329 977 1385 proprio
1000 1339 1042 1369 et
1064 1339 1182 1368 certo
1204 1327 1414 1369 vocabulo
1437 1327 1585 1383 appel-

141 1386 266 1427 letur.
327 1386 539 1427 Naturam
569 1386 707 1442 ipsam
738 1386 915 1427 definire
946 1386 1121 1427 difficile
1144 1395 1232 1427 est:
1265 1396 1407 1442 partes
1439 1397 1583 1426 autem

140 1443 233 1499 ejus
252 1458 500 1485 enumerare
521 1458 606 1495 eas,
629 1459 807 1499 quarum
842 1444 1084 1500 indigemus
1115 1443 1169 1484 ad
1191 1444 1302 1485 hanc
1324 1442 1582 1499 praeceptio-

142 1504 256 1552 nem,
278 1501 445 1543 facilius
468 1510 546 1542 est.
597 1501 682 1542 Hae
702 1510 846 1542 autem
867 1502 1023 1557 partim
1045 1501 1207 1553 divino,
1232 1502 1389 1557 partim
1412 1499 1643 1541 mortalisss

141 1559 185 1599 in
216 1573 373 1615 genere
396 1568 630 1600 versantur.
695 1558 949 1600 Mortalium
980 1570 1122 1600 autem
1156 1574 1251 1615 pars
1275 1559 1317 1599 in
1341 1558 1582 1609 hominum,

142 1631 239 1672 pars
263 1617 306 1657 in
331 1617 563 1658 bestiarum
587 1631 742 1672 genere
764 1626 1026 1657 numeratur.
1086 1615 1231 1672 Atque
1262 1616 1487 1657 hominum
1510 1629 1585 1672 ge-

143 1688 222 1715 nus
241 1683 286 1715 et
305 1674 348 1715 in
371 1689 476 1716 sexu
497 1675 806 1725 consideratur,
826 1674 947 1715 virile
969 1689 1022 1715 an
1046 1674 1253 1715 muliebre
1276 1674 1353 1725 sit;
1383 1682 1427 1714 et
1448 1673 1491 1714 in
1511 1687 1585 1713 na-

144 1732 275 1785 tione,
298 1733 451 1788 patria,
474 1732 750 1788 cognatione,
773 1741 916 1773 aetate.
977 1732 1181 1783 Natione,
1203 1731 1362 1786 Grajus
1393 1745 1447 1771 an
1480 1730 1586 1771 Bar·

144 1788 296 1841 barus,
329 1790 481 1845 patria,
504 1788 781 1830 Atheniensis
812 1805 866 1830 an
898 1789 1279 1840 Lacedaemonius;
1310 1788 1586 1845 cognatione,

143 1846 300 1902 quibus
331 1846 583 1901 majoribus,
622 1847 779 1902 quibus
809 1847 1166 1902 consanguineis:
1211 1855 1354 1897 aetate‚
1389 1860 1493 1902 puer
1532 1860 1586 1886 an

145 1903 406 1954 adolescens,
429 1914 532 1945 natu
555 1904 759 1960 grandior
780 1919 834 1945 an
858 1918 1020 1945 senex.·
1057 1903 1273 1952 Praeterea
1294 1902 1523 1945 commoda
1543 1912 1587 1944 et

145 1960 421 2003 incommoda
439 1961 765 2002 considerantur
783 1962 838 2003 ab
856 1970 1008 2002 natura
1027 1961 1128 2002 data
1145 1961 1290 2002 animo
1309 1970 1383 2002 aut
1399 1961 1588 2017 corpori,

144 2018 228 2059 hoc
252 2018 406 2060 modo:
441 2018 584 2060 valens
607 2034 662 2060 an
684 2019 949 2071 imbecillus;
982 2019 1135 2075 longus
1157 2033 1211 2059 an
1235 2019 1402 2070 brevis3
1424 2017 1587 2060 formo-

144 2091 213 2117 sus
236 2091 290 2116 an
312 2075 542 2128 deformis3
576 2076 703 2118 velox
736 2091 789 2117 an
814 2076 958 2117 tardus
983 2077 1062 2129 sit3
1094 2086 1245 2118 acutus
1276 2092 1330 2117 an
1361 2076 1585 2127 hebetior;

142 2148 309 2176 memor
328 2149 380 2175 an
405 2133 662 2176 obliviosus:
697 2134 847 2184 comis,
871 2134 1105 2185 officiosus,
1129 2134 1309 2190 pudens,
1332 2134 1499 2190 patiens
1531 2148 1586 2175 an

142 2200 307 2245 contra.
370 2190 426 2232 Et
457 2191 650 2242 omnino,
677 2205 775 2246 quae
806 2206 831 2233 a
856 2200 1010 2232 natura
1039 2192 1140 2233 data
1169 2192 1314 2234 animo
1346 2201 1390 2233 et
1413 2191 1586 2247 corpori

143 2250 182 2281 73
195 2248 637 2303 [considerabuntur],
660 2249 704 2289 in
726 2258 880 2291 natura
901 2249 1212 2291 consideranda
1233 2257 1346 2290 sunt.
1365 2263 1465 2290 nam
1487 2264 1594 2304 quaer

144 2306 354 2347 industria
371 2315 690 2363 comparantur,
710 2306 763 2347 ad
786 2306 984 2348 habitum
1007 2306 1237 2363 pertinent,
1257 2307 1310 2348 de
1331 2322 1417 2362 quo
1441 2316 1583 2362 poste-

143 2363 229 2405 rius
251 2363 482 2406 dicendum
503 2372 582 2405 est.
616 2363 669 2405 In
690 2363 809 2406 victu
831 2364 1100 2407 considerare
1122 2373 1308 2422 oportet,
1328 2363 1442 2421 apud
1461 2360 1669 2420 quos‚⁶25

184 2512 225 2545 72
248 2511 402 2543 Personoe
413 2513 622 2550 attribuitur,
632 2513 844 2553 quo—appel-

143 2554 254 2593 letur]
280 2555 485 2586 Attribuitur
505 2567 544 2586 ex
566 2556 636 2586 edd.
657 2565 705 2595 pr.
731 2555 789 2596 (sic
810 2560 845 2585 et

143 2595 206 2625 Gu.
235 2596 280 2636 2.)
306 2600 449 2638 reposui,
472 2608 530 2638 pro
556 2599 670 2634 datur,
691 2597 779 2637 quod
804 2597 845 2627 ab

143 2636 227 2667 Aldo
242 2643 304 2676 est,
325 2650 521 2680 quamquam
541 2645 576 2671 et
596 2641 631 2671 in
646 2640 774 2681 scriptis
796 2650 846 2670 re-

143 2681 279 2719 peritur.
322 2682 527 2713 Attribuitur
561 2688 611 2713 est
647 2682 845 2722 elegantius,

143 2727 179 2751 et
199 2721 232 2752 h.
245 2722 267 2752 l.
283 2725 401 2763 aptius.
445 2725 509 2755 Ms.
531 2725 620 2756 Cass.
643 2725 705 2755 Gu.
725 2728 752 2755 l.
766 2735 843 2755 cum

144 2763 216 2794 aliis
228 2764 328 2796 habet
339 2768 508 2805 tribuitur,
518 2769 604 2807 quod
620 2767 734 2798 eodem
749 2766 843 2797 redit.

144 2806 206 2837 Sed
218 2816 294 2838 mox
304 2813 420 2840 contra
429 2809 534 2841 ‚libros
544 2810 628 2841 edidi
642 2810 825 2849 appelletur
835 2821 845 2838 :

145 2858 222 2880 nam
237 2859 297 2890 quo
311 2850 343 2881 h.
359 2851 382 2881 1.
395 2856 446 2882 est
458 2852 573 2892 utique
593 2863 652 2894 pro
675 2857 722 2883 ut.
742 2852 845 2883 miror

144 2888 207 2922 hoc
222 2901 289 2923 non
303 2893 418 2924 vidisse
432 2893 523 2925 alios.

930 2515 970 2546 73
1011 2512 1308 2544 considerabuntur
1342 2513 1378 2542 in
1403 2516 1474 2542 nat.
1510 2512 1586 2552 ἀρ.)

893 2554 1203 2592 considerabuntur,
1233 2559 1271 2585 ut
1305 2555 1467 2595 spurium,
1495 2555 1589 2586 uncis

888 2597 1018 2634 inclusi,
1038 2598 1114 2637 quia
1132 2602 1167 2627 et
1186 2597 1226 2627 ab
1243 2597 1395 2627 omnibus
1417 2597 1488 2628 edd.
1510 2604 1592 2632 ante

889 2638 1009 2671 Aldum
1043 2641 1145 2678 abest,
1174 2645 1209 2670 et
1236 2650 1294 2681 per
1328 2649 1460 2670 sensum
1495 2639 1589 2670 nullo

889 2682 986 2712 modo
1001 2687 1087 2712 stare
1110 2687 1230 2722 potest.
1274 2682 1354 2713 Mss.
1371 2684 1459 2713 Cass.
1474 2683 1538 2712 Gu.
1553 2683 1589 2712 in

887 2723 952 2755 fine
976 2724 1139 2755 omittunt
1159 2729 1244 2756 sunt.
1289 2724 1396 2756 Locus
1420 2726 1466 2756 ita
1488 2725 1587 2754 corri-

887 2766 1011 2807 gendus
1035 2767 1179 2798 videtur:
1204 2776 1274 2808 quae
1295 2772 1456 2798 anatum
1478 2767 1590 2796 animo

887 2814 919 2840 et
939 2810 1063 2849 corpori
1083 2810 1164 2840 data
1176 2816 1266 2848 sunt,
1286 2811 1321 2840 in
1342 2814 1467 2840 natura
1489 2809 1590 2838 consi-

887 2853 1044 2882 deranda.
1060 2852 1080 2881 i.
1097 2853 1133 2883 in
1154 2857 1248 2894 parte
1262 2862 1313 2890 ea,
1335 2861 1409 2893 quae
1430 2851 1471 2883 ad
1493 2855 1590 2882 natu-

824 2940 828 2944 »
887 2904 957 2926 ram
973 2894 1129 2936 pertinet.
