1914 3220
281 124 326 159 18
733 120 839 161 >‘AD
871 119 1250 161 IIERENNIUM

330 225 380 261 Et
395 226 562 274 quoniam
581 225 685 271 liuius
701 230 841 275 generis
861 233 932 264 tres
951 229 1222 265 constitutiones
1238 231 1335 270 sunt,
1350 224 1615 272 conjecturalis,
1632 224 1724 275 legi-

330 279 421 314 tima
451 284 485 314 et
506 277 747 324 juridicialis,
766 293 920 329 quarum
947 286 1115 317 naturam
1137 285 1171 316 et
1189 285 1312 328 partes
1342 279 1433 316 libro
1459 279 1578 327 primo
1596 279 1724 329 defini-⁴

330 331 421 366 endo
449 332 705 380 erplicaverat,
736 333 976 382 exemplisque
1004 331 1169 379 subjectis
1199 332 1461 373 illustraverat,
1481 334 1516 366 et
1543 331 1722 379 quomodo

329 385 586 420 constitutione
597 397 712 421 rausae
726 390 760 421 et
775 387 1225 435 rationefirmmnentoque
1243 396 1359 420 causoe
1377 383 1527 432 repertis
1536 382 1723 429 judicatio

328 447 355 471 s.
381 438 530 485 qua’stio
565 439 616 484 (τὸ
647 437 834 487 κςινόμενον)
863 439 1081 479 inveniatur,
1115 438 1319 473 ostenderat
1334 451 1346 477 ,·
1374 448 1469 471 nunc
1498 436 1622 477 etiam,
1651 446 1724 483 quo

330 501 478 536 qumque
506 491 716 525 constitutio
746 491 850 525 modo
870 492 1024 526 tractari
1048 489 1173 526 debeat
1202 502 1244 524 ex
1271 490 1364 525 artis
1385 489 1587 536 praeceptis,
1608 487 1723 524 docet.

333 541 463 589 ltaque
482 543 602 589 primo
623 555 645 578 α
662 554 690 577 c.
709 545 822 580 2—9.
851 544 894 578 de
913 541 1147 589 conjecturali
1165 543 1243 587 agit
1263 546 1297 577 et
1316 541 1439 577 multis
1465 540 1634 582 ostendit,
1652 551 1723 587 quo

328 595 508 629 narrandi
540 595 657 635 modo,
686 594 812 642 quibus
837 596 963 642 signis,
990 596 1225 642 argumentis,
1256 594 1482 635 testimoniis,
1508 591 1723 639 suspicioni—

331 646 393 682 bus
409 646 596 694 probabile
599 647 688 695 fieri
705 648 833 695 possit,
853 659 929 683 rem
947 648 1107 695 aliquam
1132 658 1204 682 esse
1211 646 1361 696 saetam
1380 650 1444 681 aut
1462 642 1692 694 nonsuctam
1707 657 1721 684 ,-

330 699 459 734 deinde
477 711 499 733 α
518 711 546 734 c.
567 702 709 741 9—13,
734 700 911 747 quomodo
939 705 1065 735 orator
1083 700 1206 735 debeat
1225 699 1362 735 versari
1385 700 1421 734 in
1450 697 1654 733 tractandis
1673 696 1724 731 le-

328 752 468 798 gitimoe
493 752 762 787 constitutionis
775 752 956 800 partitum,
976 765 1056 788 cum
1074 764 1116 788 ex
1132 753 1267 800 scripto
1291 755 1355 786 aut
1375 753 1411 786 in
1430 752 1565 798 scripto
1581 748 1726 796 aliquid

330 808 456 838 natum
485 806 734 839 controversia?
752 809 803 839 est
815 818 827 844 ,·
859 805 1011 851 denique
1039 816 1122 840 vero
1141 806 1251 840 etiam
1272 817 1295 839 a
1315 816 1344 839 c.
1365 807 1422 839 13.
1439 803 1488 838 ad
1507 805 1565 838 18.
1597 801 1725 850 quibus

330 857 704 900 argumentationibus
732 857 787 891 uti
802 859 1003 898 conveniat,
1019 869 1112 900 cum,
1136 858 1196 893 ubi
1214 868 1289 892 rem.
1308 869 1331 892 a.
1350 856 1448 891 nobis
1463 853 1626 904 factam,
1637 851 1727 899 jure

321 907 468 957 factam
489 907 726 956 (testudinem,
746 912 780 943 et
798 909 859 944 ubi
867 907 999 954 jurene
1005 908 1154 957 factum
1184 909 1326 956 aliquid
1343 910 1404 951 sit,
1431 908 1619 956 quaeritur,
1646 916 1726 954 quae

332 965 382 996 est
412 962 622 996 constitutio
631 959 825 1007 judicialis
843 961 1022 1003 absoluta,
1046 966 1135 1003 tum,
1155 962 1215 997 ubi
1242 966 1414 997 extranea
1440 959 1655 1006 assumenda
1673 961 1726 993 est

331 1012 505 1062 degf'c’nsiO,
523 1025 602 1060 quae
617 1013 814 1049 assumtiva
835 1017 1030 1061 propterea
1057 1014 1202 1049 dicitur.
1255 1013 1326 1049 His
1342 1013 1525 1061 expositis,
1544 1013 1588 1048 de
1615 1021 1727 1059 argu·

331 1065 610 1101 mentationibus
626 1070 754 1101 ornate
769 1066 1000 1114 absoluteque
1022 1067 1225 1102 tractandis
1243 1067 1335 1113 agit,
1351 1070 1387 1101 et
1413 1076 1491 1112 quae
1505 1076 1631 1100 earum
1645 1073 1727 1099 cum-

329 1122 454 1166 partes
471 1122 506 1153 et
531 1120 694 1160 virtutes,
713 1123 787 1154 tum
808 1119 901 1154 vitia.
921 1121 1008 1161 sint,
1017 1118 1108 1168 fuse
1130 1123 1357 1154 enumerata
1383 1130 1411 1153 c.
1433 1119 1596 1153 18-30,
1626 1117 1726 1153 deni·

331 1182 400 1218 que
418 1171 462 1206 de
480 1175 776 1218 argzzmentorum
792 1171 1088 1213 conclusionibus,
1105 1183 1177 1207 non
1193 1171 1247 1207 his
1265 1172 1384 1213 niodo,
1404 1181 1484 1218 quoe
1500 1170 1539 1205 in
1548 1169 1626 1219 fine
1643 1181 1728 1204 ora·

333 1224 443 1259 tionis
463 1221 633 1271 cujusque
657 1228 754 1265 sunt,
773 1225 835 1259 sed
853 1225 963 1259 etiam
977 1224 1104 1272 quibus
1120 1226 1157 1260 in
1172 1225 1368 1272 principio,
1387 1222 1581 1258 secundum
1596 1232 1728 1258 narra-

333 1276 480 1319 tionem,
497 1280 532 1312 et
545 1280 631 1325 post
637 1276 893 1325 firmissimam
910 1278 1262 1324 argumentationem
1279 1278 1428 1312 utimur.

236 1380 264 1426 1
283 1352 382 1426 IN
414 1384 555 1442 primo
574 1385 699 1437 libro,
721 1385 1131 1438 Herenni‚b1·eviter
1148 1385 1444 1443 exposuimus,
1458 1398 1564 1441 quas
1577 1396 1728 1426 causas

250 1452 269 1486 1
287 1442 474 1499 recipere
502 1453 717 1485 oratorem
739 1454 973 1501 oporteret,
1004 1454 1049 1486 et
1070 1445 1113 1486 in
1142 1446 1300 1500 quibus
1323 1443 1478 1484 officiis
1509 1442 1614 1485 artis
1643 1441 1729 1482 ela-

285 1500 434 1542 borare
455 1502 721 1553 conveniret,
740 1512 784 1543 et
805 1517 856 1544 ea
876 1503 1022 1546 officia
1041 1518 1127 1558 qua
1149 1502 1313 1544 ratione
1344 1500 1548 1542 facillime
1577 1513 1729 1541 conse—

278 1558 353 1612 qui
389 1568 547 1615 posset.
608 1559 785 1611 Verum,
817 1561 920 1615 quia
951 1575 1090 1615 neque
1122 1560 1176 1602 de
1208 1559 1411 1601 omnibus
1444 1559 1571 1599 rebus
1602 1555 1730 1597 simul

278 1615 365 1656 dici
389 1623 572 1672 poterat,
586 1627 630 1657 et
648 1617 701 1658 de
722 1618 924 1658 maximis
945 1618 1131 1674 primum
1149 1617 1424 1659 scribestdum
1444 1615 1542 1666 fuit,
1554 1628 1642 1670 quo
1659 1627 1729 1655 ce·

277 1681 371 1714 tera
400 1674 479 1714 tibi
503 1674 698 1715 faciliora
719 1676 900 1732 cognitu
931 1676 1203 1728 viderentur3
1238 1675 1346 1715 l4ita
1371 1673 1498 1714 nobis
1519 1671 1730 1729 placitum

278 1739 358 1782 est,
382 1741 431 1772 ut
462 1747 526 1784 ea,
549 1747 647 1789 quae
679 1733 937 1774 difficillima
958 1743 1114 1786 essent,
1138 1732 1413 1790 potissimum
1435 1730 1730 1773 conscribere-

277 1802 390 1830 mus.

338 1846 578 1888 Causarum
613 1849 695 1890 tria
728 1856 828 1890 sunt
855 1863 1026 1905 genera,
1049 1847 1453 1898 demonstrativum,
1482 1844 1730 1888 deliberati-

276 1917 396 1956 vum,
423 1904 656 1960 judiciale3
692 1909 728 1937 15
741 1906 879 1948 multo
902 1906 1206 1948 difficillimum
1229 1914 1295 1947 est
1311 1904 1536 1961 judiciale.
1558 1917 1662 1959 ergo
1686 1902 1755 1944 id‘

278 1962 465 2018 primum
496 1963 785 2005 absolvemus.
849 1964 949 2006 Hoc
971 1973 1015 2006 et
1042 1964 1184 2020 priore
1205 1964 1316 2005 libro
1347 1963 1531 2019 egimus,
1554 1974 1654 2003 cum
1676 1960 1731 2002 de

277 2019 468 2075 quinque
482 2021 664 2061 oratoris
683 2021 839 2063 officiis
858 2032 1153 2073 tractaremus,
1166 2036 1351 2077 quorum
1369 2020 1562 2061 inventio
1581 2028 1625 2059 et
1644 2018 1732 2074 pri-

278 2090 364 2128 ma,
387 2086 432 2118 et
456 2078 714 2119 difficillima
739 2089 818 2120 est.
883 2079 947 2120 Ea
978 2094 1152 2136 quoque
1182 2079 1308 2120 nobis
1330 2078 1413 2119 erit
1435 2077 1518 2119 hoc
1552 2077 1596 2117 in
1618 2076 1730 2117 libro

280 2135 597 2190 propemodum
619 2136 832 2188 absoluta,
867 2139 904 2168 16
917 2146 960 2177 et
982 2152 1158 2192 parvam
1180 2145 1346 2193 partem
1367 2135 1460 2191 ejus
1483 2135 1529 2177 in
1553 2134 1752 2174 tertium.

217 2228 221 2231 ,
280 2192 484 2233 volumen
510 2193 829 2235 transferemus.
894 2193 961 2235 De
993 2209 1068 2236 sex
1093 2195 1287 2251 partibus
1311 2192 1519 2235 orationis
1541 2192 1729 2248 primum

283 2249 470 2291 scribere
493 2250 748 2307 incepimus.
781 2252 824 2293 in
847 2253 986 2308 primo
1017 2252 1128 2293 libro
1161 2251 1329 2307 loquuti
1352 2265 1497 2292 sumus
1521 2250 1574 2291 de
1602 2263 1731 2290 exor-

247 2306 372 2359 2dio‚
394 2309 654 2358 narratione,
684 2309 897 2350 divisione
934 2324 1014 2351 nec
1036 2309 1230 2366 pluribus
1257 2309 1409 2361 verbis,
1431 2322 1562 2364 quam
1583 2320 1732 2348 neces-

284 2379 328 2405 se
351 2364 448 2417 fuit,
472 2381 551 2407 nce.
582 2368 723 2407 minus
755 2367 885 2409 diluci
920 2382 957 2418 e,
992 2383 1122 2423 quam
1145 2375 1187 2408 te
1219 2367 1325 2408 velle
1355 2366 1730 2408 existimabamus.

281 2422 436 2464 deinde
465 2424 737 2480 conjunctim
760 2426 813 2465 de
834 2425 1165 2467 confirmatione
1194 2436 1238 2466 et
1261 2424 1563 2466 confutatione
1584 2421 1732 2463 dicen-

325 2550 363 2578 14
379 2547 433 2578 Ita
449 2549 706 2589 nobis-placitum
723 2549 797 2590 est]
816 2550 895 2582 Mss.
909 2560 984 2582 nos·
1028 2549 1117 2581 Clav.
1134 2550 1167 2581 in
1183 2550 1215 2581 h.
1230 2560 1259 2581 v.

278 2590 323 2620 tri
338 2590 416 2627 duo,
429 2591 509 2621 item
524 2592 615 2622 Leid.
630 2603 680 2632 ap.
696 2593 845 2624 Oudend.
860 2593 984 2625 habent
1073 2596 1108 2623 15
1124 2591 1232 2624 Multo
1240 2591 1312 2634 diff?
1321 2589 1555 2633 estjudiciale]
1568 2589 1628 2622 Ed.
1642 2593 1732 2626 1474.

278 2634 399 2673 itaque.
444 2634 607 2665 Videntur
630 2636 678 2666 ita
692 2636 754 2666 hoc
769 2645 866 2667 sensu
881 2637 983 2678 cepis·
1025 2640 1057 2666 et
1071 2635 1251 2676 judiciale.-
1270 2635 1356 2677 quod
1378 2636 1481 2666 multo
1498 2634 1733 2676 difficillimum

279 2684 328 2705 se:
351 2675 437 2714 quod
453 2685 519 2706 non
533 2682 597 2707 est:
622 2687 682 2708 nec
697 2679 786 2709 enim
800 2684 886 2710 esset
902 2680 983 2710 bene

279 2716 501 2754 latinum‚sed
514 2719 758 2751 Germanizans.
805 2721 986 2761 Eleganter

279 2759 363 2790 dixit
384 2761 433 2791 ita
456 2763 502 2801 pl.
519 2772 544 2792 e.
574 2763 593 2793 i.
610 2763 734 2803 placuit
749 2773 816 2794 rem
832 2765 879 2794 ita
897 2769 984 2795 trac-

278 2806 364 2839 tare,
379 2807 428 2833 ut.
446 2804 526 2835 Mox
538 2809 589 2835 est
603 2806 637 2835 in
653 2805 731 2836 Mss.
746 2807 937 2846 quibusdam
950 2812 986 2838 et

279 2843 349 2875 edd.
360 2854 408 2885 pr.
417 2848 686 2878 conscriberemus
694 2858 752 2888 pro
760 2850 985 2887 scriberemus,

281 2887 379 2925 quod,
409 2895 448 2920 ut
475 2890 679 2930 exquisitius,
706 2892 926 2931 praetulimus,
955 2902 986 2924 v.

1025 2685 1082 2710 est.
1108 2678 1204 2718 Ergo
1219 2680 1276 2710 διο.
1293 2687 1361 2709 non
1375 2676 1521 2709 absurde.
1546 2687 1607 2719 pro
1628 2679 1733 2714 multe

1025 2721 1110 2753 aunt
1137 2721 1237 2752 modo.

1074 2745 1122 2795 16¹⁹
1134 2762 1502 2805 Etparmmpartem]
1528 2762 1608 2802 Mss.
1620 2761 1733 2803 plures

1027 2811 1064 2838 et
1085 2806 1155 2838 edd.
1172 2811 1252 2837 vett.
1265 2815 1366 2846 usque
1381 2805 1422 2837 ad
1435 2806 1508 2837 ΑΜ.
1523 2806 1581 2836 sed
1585 2814 1733 2846 parvam

1023 2860 1058 2890 p.
1073 2855 1112 2880 ut
1125 2850 1228 2880 etiam
1236 2847 1645 2889 Lambinusedidjtffluod
1656 2856 1733 2890 pro·

1026 2903 1070 2935 pe
1083 2893 1190 2934 magis
1201 2891 1322 2941 placet.
1362 2935 1365 2938 y
