1945 3235
597 151 784 191 LIBER
808 150 1048 189 PRIMUS.
1472 150 1542 185 141

109 275 207 318 quae
247 259 436 317 negotiis
472 256 681 300 attributa
721 263 836 307 sunt,
877 255 918 289 76
936 253 1143 309 quaeritur
1183 251 1318 304 locus,
1362 260 1546 310 tempuS‚

106 318 292 370 occasio,
314 317 482 370 modus,
503 315 743 357 facultates.
805 312 945 354 Locus
975 309 1284 365 consideratur,
1307 310 1351 349 in
1373 325 1458 364 quo
1481 325 1545 351 res

109 385 233 432 gesta
251 377 319 427 sit,
342 390 397 416 ex
428 372 765 429 opportunitate,
786 384 916 426 quam
945 367 1141 410 videatur
1170 365 1371 420 habuisse
1395 367 1447 420 ad
1473 382 1547 408 ne-

110 434 281 489 gotium
303 430 703 474 administrandum.
764 427 827 469 Ea
847 435 988 467 autem
1015 423 1316 481 opportunitas
1340 424 1548 477 quaeritur

108 505 164 533 ex
185 489 500 546 magnitudine,
522 485 759 536 intervallo,
774 483 1105 540 longinquitate,
1121 480 1459 537 propinquitate,
1480 495 1547 521 so-

107 547 304 598 litudine,
327 546 588 596 celebritate,
614 555 767 584 natura
798 542 932 598 ipsius
962 540 1061 591 loci,
1089 548 1133 580 et
1164 538 1386 580 vicinitate
1412 538 1547 577 totius

107 605 310 661 regioniS.
372 602 440 644 Ex
463 602 528 642 his
548 601 678 642 etiam
700 599 1080 654 attributionibus:
1113 610 1231 638 sacer
1253 611 1306 636 an
1326 594 1546 651 profanus,

109 663 306 719 publicus
329 675 382 701 an
404 660 611 716 privatus,
633 658 794 699 alienus
817 672 871 697 an
894 657 1042 713 ipsius,
1065 655 1118 695 de
1140 668 1225 710 quo
1248 653 1405 709 agitur,
1428 652 1546 694 locus
1559 651 1652 691 p.51.

110 721 166 760 sit
186 735 240 760 an
261 718 404 759 fuerit.
444 716 632 772 Tempus
654 724 732 766 est,
756 715 798 755 id
822 729 907 769 quo
930 728 1044 754 nunc
1066 713 1242 763 utimur,
1265 715 1384 764 (nam
1406 710 1545 764 ipsum
1559 705 1609 775 ἓξ)

110 777 285 832 quidem
334 774 588 831 generaliter
631 772 809 814 definire
850 770 1025 813 difficile
1066 771 1165 821 est,)
1210 783 1308 825 pars
1351 767 1549 823 quaedam

112 833 379 884 aeternitatis,
401 846 501 874 cum
524 830 705 886 alicujus
728 829 874 882 annui,
900 833 939 864 Π
951 828 1173 878 menstrui,
1198 826 1355 877 diurni,
1376 834 1551 867 noctur-

109 891 209 933 nive
239 890 366 946 spatii
387 898 504 931 certa
534 887 866 945 significatione.
925 889 965 922 78
990 885 1042 926 In
1068 885 1153 926 hoc
1175 894 1219 925 et
1248 899 1344 939 quae
1376 893 1552 940 praeter-

110 949 252 1000 ierint,
275 947 625 998 considerantum
656 955 700 986 et
729 959 877 986 eorum
910 943 1116 999 ipsorum,
1146 957 1242 998 quae
1274 951 1448 998 propter
1482 954 1554 981 ve-

111 1014 317 1047 tustatem
345 1004 648 1055 obsoleverint,
681 1011 730 1043 ut
756 1001 1024 1043 incredibilia
1050 1001 1289 1050 videantur,
1313 1008 1354 1040 et
1383 998 1476 1054 jam
1509 998 1555 1038 in

111 1062 353 1105 fabularum
372 1077 598 1103 numerum
620 1069 907 1117 reponantur3
930 1068 972 1100 et
994 1073 1089 1114 quae
1107 1058 1202 1114 jam
1223 1057 1296 1098 diu
1318 1066 1453 1113 gesta,
1467 1064 1510 1095 et
1530 1070 1556 1096 a

112 1121 321 1163 memoria
338 1129 485 1161 nostra
503 1128 682 1169 remota,
697 1127 840 1158 tamen
859 1116 1021 1168 faciant
1035 1116 1179 1166 fidem,
1199 1129 1297 1156 vere
1316 1114 1473 1154 tradita
1490 1127 1555 1153 es-

113 1193 172 1230 se,
195 1178 311 1233 quod
333 1192 482 1219 eorum
500 1185 782 1218 monumenta
801 1183 917 1216 certa
938 1174 983 1214 in
1001 1173 1153 1214 litteris
1175 1181 1372 1223 exstent3
1395 1184 1438 1212 et
1456 1185 1554 1225 quae

113 1249 249 1292 nuper
268 1244 390 1292 gesta
407 1235 506 1286 sint,
527 1249 624 1289 quae
646 1234 753 1274 scire
772 1232 962 1288 plerique
985 1231 1175 1287 possint:
1199 1240 1242 1270 et
1261 1230 1363 1270 item
1378 1243 1474 1283 quae
1490 1228 1556 1268 in-

113 1302 228 1334 stent
250 1293 293 1334 in
315 1292 559 1348 praesentia,
573 1300 617 1332 et
635 1306 732 1346 quae
755 1290 946 1330 maxime
968 1288 1088 1339 fiant,
1108 1296 1151 1328 et
1172 1302 1268 1342 quae
1289 1300 1556 1340 consequan-

114 1359 197 1391 tur.
230 1350 282 1391 In
304 1350 460 1405 quibus
483 1357 632 1405 potest
653 1347 927 1398 considerari,
951 1346 1053 1401 quid
1077 1360 1226 1400 ocyus,
1244 1362 1284 1393 79
1307 1353 1350 1385 et
1368 1343 1470 1399 quid
1491 1348 1554 1383 se-

112 1408 200 1450 rius
222 1407 414 1448 futurum
438 1408 507 1447 sit.
548 1406 605 1448 Et
627 1406 731 1447 item
753 1404 1040 1446 communiter
1062 1402 1107 1443 in
1131 1413 1323 1458 tempore
1350 1400 1557 1457 perspici-

114 1465 225 1506 endo
247 1464 540 1521 longinquitas
563 1463 655 1519 ejus
677 1472 742 1504 est
770 1461 1093 1504 consideranda.
1124 1475 1225 1500 nam
1248 1473 1362 1515 saepe
1385 1466 1556 1514 oportet

113 1522 355 1564 commetiri
379 1537 478 1563 cum
500 1531 694 1577 tempore
712 1520 951 1576 negotium,
975 1527 1018 1560 et
1036 1518 1194 1569 videre,
1214 1517 1459 1573 potueritne
1481 1524 1556 1567 aut

111 1580 368 1636 magnitudo
381 1579 547 1635 negotii
561 1588 636 1619 aut
648 1578 879 1619 multitudo
898 1591 1040 1618 rerum
1059 1576 1101 1616 in
1117 1590 1168 1616 eo
1189 1574 1368 1630 transigi
1389 1584 1556 1629 tempo-

114 1651 173 1678 re.
198 1636 507 1678 Consideratur
525 1646 668 1677 autem
688 1646 857 1692 tempus
876 1644 919 1676 et
941 1634 1056 1685 anni,
1077 1643 1120 1674 et
1140 1632 1313 1683 mensis,
1332 1641 1376 1672 et
1394 1631 1493 1681 diei,
1513 1640 1556 1671 et

112 1695 267 1746 noctis,
288 1704 332 1736 et
348 1694 526 1751 vigiliae,
543 1703 587 1735 et
608 1694 742 1745 horae,
761 1703 804 1734 et
822 1693 866 1734 in
889 1692 1032 1747 aliqua
1045 1699 1164 1746 parte
1187 1690 1368 1744 alicujus
1382 1688 1550 1730 horum.
1566 1719 1595 1766 2

113 1755 153 1796 8⁰
166 1751 350 1794 Occasio
372 1761 436 1793 est
457 1767 555 1809 pars
583 1752 803 1808 temporiS,
826 1751 990 1792 habens
1020 1749 1065 1790 in
1088 1763 1131 1789 se
1159 1747 1340 1802 alicujus
1370 1747 1429 1788 rei
1461 1745 1550 1787 ido·
1564 1715 1636 1823 AO7

155 1897 196 1931 76
218 1896 418 1938 ,Ωιιιενίῖαπ]
446 1897 509 1928 Pro
531 1896 619 1937 vulg.
639 1902 814 1937 quoeretur.

857 1896 1014 1927 Ceterum
1031 1896 1254 1935 proeterierint
1275 1894 1387 1934 scripsi
1402 1898 1433 1924 et
1447 1895 1558 1924 obsole-

115 1939 203 1970 Illud
214 1939 339 1970 habent
351 1940 421 1971 edd.
431 1945 512 1971 vett.
528 1949 701 1977 consensu,
714 1940 815 1970 etiam

855 1940 976 1976 verint,
993 1938 1044 1968 vel
1065 1938 1150 1968 hano
1173 1938 1215 1967 ob
1235 1947 1393 1973 caussam,
1409 1946 1450 1969 ne
1472 1937 1559 1966 modi

113 1991 175 2012 scr.
191 1992 242 2022 ap.
262 1982 347 2013 Oud.
362 1987 396 2013 et
411 1983 500 2013 Cass.
515 1983 577 2013 Gu.
595 1985 622 2012 l.
638 1984 668 2014 Ξ.
682 1986 717 2012 et
739 1991 815 2012 con-

113 2027 224 2055 textus
247 2025 394 2064 requirit.
410 2034 487 2055 nam
501 2030 535 2055 et
550 2030 660 2056 cetera
681 2029 759 2054 sunt
781 2024 816 2054 in

113 2066 178 2097 hoc
203 2072 363 2107 tempore.
392 2067 556 2107 iidemque
590 2066 667 2097 libri
695 2066 818 2097 habent

104 2108 302 2149 facultates.
328 2110 383 2150 (cf.
398 2120 425 2140 c.
444 2112 494 2145 27.
517 2111 552 2140 in
575 2109 647 2150 fin.)
673 2118 740 2139 non
753 2108 818 2149 fa-

115 2153 233 2189 cultas,
248 2157 287 2182 ut
301 2152 412 2192 vulgg.

122 2195 126 2198 ’
156 2197 196 2228 77
219 2194 398 2232 Menstrui,
426 2194 564 2234 diurni]
602 2194 682 2225 Mss.
708 2193 818 2234 plures

115 2238 297 2275 mensurni,
320 2242 357 2267 ut
380 2242 413 2267 et
434 2237 620 2267 Priscianus
643 2237 735 2267 citat.
758 2236 818 2266 Pa-

114 2283 193 2314 vent
215 2279 286 2310 edd.
312 2289 361 2320 pr.
393 2289 548 2310 mensura
569 2280 695 2316 diurni,
716 2288 818 2318 usque

116 2321 158 2352 ad
183 2321 322 2352 Aldum:
347 2332 366 2352 a
394 2332 458 2361 quo
486 2322 660 2362 vulgatum
685 2327 744 2353 est.
778 2321 819 2353 In

117 2363 181 2395 Ms.
197 2363 285 2395 Cass.
299 2363 431 2395 additur
444 2365 629 2404 vespert-ini.

158 2409 177 2441 7
181 2409 201 2437 8
215 2406 257 2437 In
273 2409 331 2437 hoe
343 2410 448 2437 et—et
461 2416 572 2437 eorum
585 2408 728 2447 ipsoram
744 2405 815 2445 &c.]

119 2447 201 2479 Haec
222 2449 333 2489 paullo
356 2449 565 2489 impeditiora
585 2454 676 2487 sunt,
699 2455 738 2478 ut
762 2448 820 2478 ali-

117 2491 188 2530 quis
201 2490 325 2522 haerere
339 2492 453 2532 possit.
496 2491 557 2521 Est
571 2491 672 2531 igitur
685 2490 821 2531 partitio

118 2533 154 2563 in
168 2535 335 2573 praeterita
346 2539 380 2564 et
394 2534 516 2564 futura.
539 2534 712 2564 Praeterita
725 2542 822 2573 porro

120 2582 210 2613 sunt,
224 2585 297 2615 quae
318 2581 454 2617 propter
471 2581 671 2606 vetustatem
685 2574 822 2606 incredi-

119 2617 198 2648 bilia
215 2617 304 2648 faeta
323 2624 415 2655 suut,
435 2622 470 2648 et
490 2628 564 2657 quae
585 2619 708 2659 pariter
730 2616 823 2647 valde

121 2664 248 2690 remota
279 2665 370 2699 sunt,
404 2660 459 2691 sed
484 2666 597 2691 tamen
623 2665 732 2698 certa,
769 2659 823 2690 de-

121 2701 232 2741 nique,
266 2711 339 2741 quae
374 2712 478 2743 nuper
506 2707 697 2733 evenerunt.
741 2701 824 2733 Haee

121 2743 223 2783 igitur
243 2743 389 2784 pendent
412 2745 524 2776 omnia
548 2755 568 2776 a
590 2745 694 2776 verbis
719 2748 751 2775 ec
775 2754 824 2774 eo-

122 2796 198 2816 rum
219 2786 373 2825 ipsorum.
394 2796 438 2817 sc.
456 2797 507 2824 ea,
527 2797 598 2827 quse
621 2788 680 2818 ἃς.
703 2791 735 2817 et
755 2796 824 2826 quoe

113 2827 191 2869 jam
215 2828 270 2858 diu
291 2833 385 2866 gesta
405 2830 463 2860 διο.
483 2833 514 2860 et
535 2839 605 2869 quoe
625 2839 729 2869 nuper
745 2838 824 2868 g.—

116 2871 250 2910 possint.
270 2869 332 2900 Hie
347 2870 478 2901 demum
493 2871 590 2902 colon
604 2871 823 2903 scribendum.

121 2917 151 2944 et
172 2914 348 2952 itemquae
360 2913 492 2951 instent,
507 2922 550 2944 sc.
565 2911 822 2945 considerantur.

857 1981 1032 2011 verborum
1054 1979 1250 2020 discrepent,
1278 1979 1368 2019 (nam
1388 1979 1424 2008 in
1446 1980 1560 2009 ceteris

858 2023 1013 2054 membris
1035 2028 1114 2052 sunt
1133 2022 1214 2052 meri
1229 2020 1458 2061 conjunctivi),
1475 2021 1561 2060 quod

862 2065 975 2096 Cicero
1011 2064 1091 2095 dicit
1127 2074 1194 2094 esse
1231 2065 1349 2094 vitium
1388 2063 1562 2094 latinitatis

861 2108 1053 2140 maximum.
1097 2106 1143 2137 Et
1176 2107 1399 2146 praeterierint
1440 2105 1563 2136 habent

861 2151 994 2190 quidam
1029 2149 1117 2185 libri,
1147 2154 1185 2180 ut
1212 2150 1273 2179 Gu.
1304 2155 1454 2188 uterque,
1483 2149 1562 2179 item

861 2193 1080 2229 obsolevevint,
1108 2202 1159 2232 ap.
1195 2191 1477 2230 Oudendorpium,
1509 2192 1563 2230 qui

860 2240 895 2266 et
919 2235 1046 2276 probat.
1090 2234 1143 2265 Sic
1165 2234 1266 2265 edidit
1291 2233 1329 2264 de
1352 2233 1479 2273 judicio
1505 2243 1563 2264 suo

860 2278 1062 2316 Lambinus;
1085 2277 1141 2307 sed
1153 2287 1229 2307 eum
1248 2286 1345 2319 nemo
1361 2275 1490 2308 audiit.⁴
1510 2276 1564 2306 In-

860 2321 912 2352 fra
928 2321 1028 2351 etiam
1042 2330 1101 2360 pro
1117 2329 1186 2358 quoe
1201 2320 1344 2350 maz-ime
1357 2318 1563 2348 scribendum

861 2368 944 2404 puto
970 2372 1068 2402 qaum
1091 2363 1246 2398 maxime,
1272 2366 1313 2391 ut
1337 2361 1502 2401 profer-tur
1524 2361 1564 2391 ab

863 2411 997 2435 auctore
1020 2405 1174 2444 Excerpt.
1197 2404 1235 2434 de
1257 2403 1337 2434 loeis
1358 2403 1455 2434 Rhet.
1478 2404 1564 2433 inter

863 2447 961 2478 Rhet.
978 2447 1064 2477 Pith.
1079 2457 1112 2486 p·
1126 2449 1198 2480 277,

906 2493 946 2524 79
969 2489 1019 2521 Et
1042 2489 1121 2529 quit]
1141 2489 1267 2528 serius]
1301 2488 1341 2518 In
1365 2488 1477 2519 iisdem
1501 2487 1564 2518 Ex-

865 2533 983 2572 cerptis
999 2531 1020 2561 l.
1034 2542 1061 2561 c.
1076 2531 1167 2561 deest
1181 2535 1220 2561 et.
1237 2530 1323 2570 quod
1336 2541 1449 2561 verum
1471 2536 1563 2570 puto.

865 2574 997 2605 deberet
1011 2583 1079 2604 esse
1093 2578 1162 2603 aut.

909 2619 949 2647 80
976 2616 1106 2647 Occasio
1120 2620 1166 2646 est
1181 2625 1266 2655 pars
1286 2614 1462 2656 temporis]
1500 2615 1565 2649 De—

865 2658 928 2689 leri
951 2663 1076 2695 autem,
1098 2666 1138 2688 ut
1161 2668 1237 2688 mox
1259 2658 1295 2688 in
1319 2658 1424 2688 verbis
1448 2657 1566 2688 .Modus

867 2706 978 2732 autem
1012 2705 1068 2731 est.
1112 2700 1240 2741 Nempe
1275 2700 1361 2740 quod
1396 2698 1493 2741 supra
1527 2699 1565 2729 de

866 2744 964 2774 verbo
997 2747 1043 2775 est
1076 2743 1203 2780 monui,
1228 2742 1261 2772 id
1287 2742 1329 2773 ad
1356 2742 1440 2776 hanc
1466 2741 1566 2782 parti-

867 2786 975 2816 culam
1009 2795 1135 2824 quoque
1171 2786 1325 2825 pertinet.
1369 2784 1487 2815 Forma
1512 2783 1566 2813 Ci-

867 2828 1050 2858 ceronianae
1071 2827 1229 2858 orationis
1253 2827 1287 2857 in
1310 2826 1467 2868 ponendis
1489 2825 1566 2856 defi-

866 2871 1047 2901 nitionibus
1080 2870 1224 2910 partium
1251 2875 1314 2907 est,
1344 2879 1411 2899 non
1438 2874 1566 2898 nectere

866 2911 1072 2944 definitiones
1105 2923 1163 2953 per
1188 2916 1318 2945 autent,-
1346 2911 1432 2951 quod
1466 2917 1498 2941 et
1531 2911 1565 2940 in
