1945 3235
314 140 389 174 542
899 134 1178 180 ORATOR.

314 253 379 283 sta
408 251 520 284 esset
550 244 788 295 excusatio,
816 259 915 285 cuin
946 256 990 287 et
1021 246 1297 311 amicissiinO,
1328 254 1371 287 et
1403 245 1762 300 praestantissimo

313 301 421 351 viro,
462 310 506 341 et
545 311 663 343 recta
698 313 743 343 et
784 302 965 344 honesta
1006 304 1185 359 petenti,
1228 303 1474 344 satisfacere
1515 303 1762 344 voluissem

226 362 295 395 141
311 362 352 392 99
366 358 450 400 Sed
474 359 507 399 si
531 359 753 415 111011101Ηο1
774 362 909 415 (quod
938 362 1103 402 utinam
1136 375 1304 417 possem
1321 362 1351 410 1)
1372 375 1442 400 me
1473 360 1675 401 studiosis
1697 361 1763 401 di-

310 417 435 458 cendi
469 428 701 481 praecepta,
724 428 767 457 et
795 433 915 472 quisi
939 419 1044 469 vias,
1065 434 1163 474 quae
1196 419 1248 459 ad
1271 418 1562 482 eloquentiam
1585 417 1762 468 ferrent,

309 475 592 517 traditurum:
626 490 720 530 quis
746 475 918 515 tandem
950 476 993 516 id
1019 476 1164 530 justus
1188 491 1327 517 rerum
1351 476 1589 516 aestimator
1619 488 1762 531 repre-

307 531 540 575 henderet?
587 533 701 573 Nam
725 536 820 587 quis
842 547 1048 587 umquam
1071 534 1303 584 dubitaxit‚
1326 533 1427 589 quin
1463 534 1507 573 in
1538 532 1761 588 republica

305 600 454 631 nostra
486 591 644 646 primas
667 589 915 644 eloquentia
940 592 1125 633 tenueiit
1157 605 1338 647 semper,
1362 591 1550 642 urbanis,
1574 590 1760 646 pacatis-

305 662 389 703 que
412 649 562 698 1ebus;
594 647 753 688 secund
758 662 817 697 a,s
832 662 944 701 juris
977 647 1185 689 scientia?
1215 663 1314 689 cum
1347 649 1390 689 in
1422 648 1580 698 altera,
1591 648 1762 703 gratiae,

304 706 470 761 glmiae,
495 704 684 760 praesidii
718 704 949 760 plurimum
973 714 1107 746 esset:
1141 706 1185 745 in
1216 705 1362 757 altera,
1393 707 1760 763 persecutionum,

303 763 642 817 cautionumque
681 762 944 818 praecepti03
977 776 1074 817 quae
1114 762 1288 817 quidem
1321 763 1415 819 ipsa
1453 763 1665 805 auxilium
1703 763 1761 803 ab

304 820 551 875 eloquentia
572 834 688 875 saepe
711 829 890 876 peteret,
912 834 963 860 ea
985 834 1085 860 vero
1107 831 1378 883 repugnante
1400 821 1473 862 vix
1497 836 1593 862 suas
1615 820 1758 876 regio-

219 890 292 924 149
306 892 379 918 1105
403 877 594 933 finesque
615 876 878 918 defenderet
941 876 1031 918 Cui
1062 877 1196 933 igitur
1219 893 1294 933 Jus
1317 878 1443 919 civile
1462 878 1617 920 docere
1649 892 1760 919 sem-

305 950 380 991 per
402 935 597 991 pulcrum
621 935 718 986 fuit,
741 934 1054 990 hominumque
1076 935 1411 976 clarissimmum
1432 935 1654 991 discipulis
1676 936 1765 976 fio·-

305 1003 483 1034 ruerunt
504 993 682 1034 domus:
716 993 769 1033 ad
791 993 1022 1034 dicendum
1055 993 1089 1033 si
1113 993 1208 1048 quis
1240 1002 1381 1044 acuat,
1402 1003 1478 1034 aut
1507 994 1684 1048 adjuvet
1713 993 1759 1033 in

304 1066 356 1092 eo
372 1051 667 1106 juventutem,
687 1050 991 1115 vituperetur?
1017 1050 1131 1091 Nam
1156 1051 1187 1091 si
1214 1050 1417 1091 vitiosum
1439 1060 1503 1092 est
1525 1051 1667 1092 dicere
1688 1065 1758 1091 or-

303 1118 417 1159 nate,
450 1109 632 1165 pellatur
654 1108 832 1150 omnino
855 1123 878 1149 e
909 1107 1088 1149 civitate
1119 1108 1380 1164 eloquentia.
1419 1111 1478 1139 100
1491 1108 1555 1148 sin
1587 1123 1637 1149 ea
1667 1122 1755 1149 non

302 1167 433 1207 modo
447 1181 520 1208 eos
537 1177 676 1216 or,nat
696 1180 827 1222 penes
844 1181 952 1221 qnos
975 1175 1054 1216 est,
1078 1166 1149 1207 sed
1169 1167 1298 1207 etiam
1323 1167 1565 1207 universam
1584 1180 1759 1222 rempu-

302 1224 486 1276 blicam3
518 1239 594 1266 cur
615 1233 690 1265 aut
712 1224 875 1265 discere
899 1233 1024 1279 tulpe
1042 1234 1120 1275 est,
1141 1224 1256 1279 quod
1281 1224 1390 1265 scire
1410 1223 1640 1265 honestum
1662 1232 1752 1264 est:

301 1292 390 1334 aut,
414 1283 528 1338 quod
552 1297 677 1323 nosse
700 1281 1006 1337 pulcerrimum
1028 1291 1107 1333 est,
1131 1281 1173 1322 id
1196 1296 1282 1322 non
1315 1281 1552 1338 gloriosum
1574 1281 1756 1323 docere?

219 1338 286 1386 42
303 1339 363 1380 At
393 1341 574 1382 alterum
607 1340 853 1381 factitatum
889 1349 968 1389 est,
997 1338 1176 1380 alterum
1214 1354 1391 1380 novum.
1454 1339 1633 1381 Fateor:
1680 1338 1752 1379 sed

217 1409 288 1443 143
304 1398 525 1454 utriusque
556 1398 616 1439 rei
639 1412 769 1439 causa
789 1407 867 1438 est.
927 1396 1098 1438 Alteros
1121 1397 1238 1438 enim
1269 1396 1577 1453 respondentes
1606 1397 1756 1438 audire

302 1466 367 1496 sat
388 1466 494 1508 erat,
517 1465 564 1497 ut
586 1456 631 1507 ii,
654 1455 728 1511 qui
750 1455 969 1505 docerent,
993 1454 1157 1495 nullum
1191 1455 1273 1495 sibi
1304 1455 1357 1495 ad
1378 1469 1473 1495 eam
1496 1469 1587 1496 rem
1613 1458 1753 1495 Item-

302 1528 381 1578 pus
404 1514 485 1569 ipsi
509 1522 780 1569 seponerem,
798 1512 870 1553 sed
889 1512 1041 1553 eodem
1065 1520 1260 1567 tempore
1275 1522 1319 1552 et
1340 1512 1606 1553 discentibus
1628 1512 1753 1553 satis-

301 1572 507 1622 faceient,
529 1582 574 1612 et
603 1569 944 1611 consulentibus.
975 1569 1112 1626 alteri,
1134 1583 1234 1610 cum
1265 1569 1551 1611 domesticum
1582 1579 1755 1626 tempus

300 1628 344 1669 in
368 1628 682 1684 cognoscendis
705 1627 1103 1692 componendisque
1125 1627 1279 1679 causis,
1301 1626 1501 1668 forense
1491 1642 1536 1668 m
1558 1628 1753 1684 agendis,

299 1686 512 1742 reliquum
544 1687 586 1727 in
621 1700 665 1726 se
697 1700 801 1742 1p51s
835 1684 1078 1726 reficiendis
1111 1699 1240 1726 omne
1263 1693 1590 1727 consumerent:
1622 1700 1752 1750 quem

299 1743 520 1785 habebant
544 1743 797 1785 instituendi
825 1752 900 1784 aut
921 1742 1105 1784 docendi
1129 1742 1301 1784 locum?
1331 1742 1478 1798 Atque
1508 1743 1624 1784 haud
1645 1743 1752 1796 scio,

299 1804 319 1834 2
342 1816 395 1842 311
427 1802 620 1859 plerique
655 1811 902 1842 nostrorum
936 1810 1156 1841 oratorum
1196 1801 1373 1857 ingenio
1403 1800 1497 1857 plus
1525 1800 1751 1853 valuerint,

300 1874 429 1914 quam
452 1861 664 1901 doctrina.
697 1859 843 1915 itaque
873 1857 935 1900 illi
961 1858 1103 1900 dicere
1132 1858 1301 1909 melius,
1328 1873 1456 1914 quam
1488 1859 1751 1916 praecipere:

214 1919 319 1952 1443
343 1932 422 1958 nos
446 1926 598 1959 contra
620 1917 801 1958 fortasse
823 1931 1065 1973 possumus.
1123 1915 1185 1957 At
1205 1916 1464 1973 dignitatem
1485 1917 1640 1959 docere
1660 1932 1750 1959 non

301 1973 446 2017 habet.
509 1975 654 2027 Certe,
678 1975 712 2015 si
735 1990 857 2030 quasi
888 1990 933 2016 111
963 1974 1080 2016 111(10.
1112 1974 1182 2015 sed
1218 1974 1251 2014 si
1253 1951 1516 2026 0monendo,
1538 1975 1572 2016 si
1595 1975 1751 2017 cohor-

299 2034 446 2085 tando,
467 2034 500 2074 si
520 2033 858 2090 percunctando,
877 2033 911 2074 si
930 2032 1308 2083 communicando,
1328 2032 1362 2073 si
1382 2032 1599 2074 interdum
1617 2033 1750 2075 etiam

299 2105 386 2132 nna
406 2091 604 2148 legendo,
627 2090 866 2132 audiendo.
890 2089 1084 2142 4nesci0‚
1106 2090 1303 2132 docendo
1325 2089 1456 2130 etiam
1486 2090 1648 2146 aliquid
1672 2091 1750 2132 ali-

297 2150 470 2204 quando
494 2150 527 2190 si
550 2149 688 2206 possis
709 2147 908 2189 meliores
930 2147 1086 2200 facere,
1108 2162 1184 2190 cur
1204 2147 1340 2189 nolis?
1370 2146 1456 2200 An,
1475 2148 1632 2203 quibus
1655 2163 1749 2191 ver-

1043 2263 1136 2295 Jdem
1165 2267 1215 2294 est
1241 2264 1276 2294 in
1301 2263 1351 2294 ed.
1376 2263 1467 2304 Lips.
1497 2264 1617 2295 Sensus
1640 2265 1748 2296 bonus

1043 2312 1111 2338 est:
1136 2306 1193 2336 sed
1206 2306 1347 2346 glossam
1361 2307 1460 2347 sapit,
1475 2317 1493 2337 e
1507 2316 1595 2346 seqq.
1610 2307 1745 2339 factam.

1084 2351 1103 2380 3
1126 2359 1183 2379 nos
1202 2354 1317 2379 contra
1325 2348 1362 2388 f.
1373 2359 1546 2389 possumus
1560 2350 1636 2390 δια]
1662 2349 1746 2380 Hoee

337 2268 378 2300 99
403 2265 470 2296 Sed
489 2267 516 2296 εἰ
533 2265 672 2307 profiter
673 2265 722 2305 er]
750 2265 803 2295 Sic
817 2264 906 2296 haud
920 2275 999 2295 cun-

296 2312 390 2337 etan
379 2318 428 2338 ex·
449 2309 562 2349 scripsi
584 2318 644 2349 pro
661 2308 835 2350 prqfitear,
862 2307 938 2347 quia
966 2313 1000 2338 et

298 2349 492 2399 imperfecta
528 2350 719 2392 praecedunt
748 2355 783 2381 et
817 2356 1000 2390 Sequuntur

298 2393 412 2423 statim
416 2393 654 2434 ‚possemfferr
656 2398 722 2430 ent,
735 2393 998 2433 reprehenderet:

298 2444 375 2466 nam
404 2436 493 2466 inter
518 2437 589 2467 haec
613 2436 721 2467 media
744 2445 886 2476 praesens
906 2435 998 2476 poni,

297 2486 338 2507 ne
353 2478 386 2507 in
401 2480 509 2509 tirone
523 2478 654 2518 quidem
670 2479 786 2510 feram.

343 2522 402 2550 100
423 2523 473 2551 sin
496 2532 535 2552 ea
559 2532 621 2552 non
648 2522 740 2552 modo
767 2520 831 2561 eos]
870 2520 999 2551 Similia

296 2563 446 2603 exempla
459 2565 569 2595 notavi
583 2576 592 2601 ;
615 2565 671 2595 sed
683 2570 796 2595 tamen
813 2563 929 2594 melius
951 2564 999 2594 fo-

295 2610 359 2641 ret,
375 2612 433 2635 aut
448 2607 502 2636 lws
516 2607 624 2643 scribi,
642 2617 700 2647 pro
716 2617 780 2647 quo
794 2616 879 2647 saepe
894 2607 997 2646 reperi

295 2647 330 2677 in
353 2647 425 2678 edd.
448 2659 509 2686 eos,
533 2650 619 2679 sieut
641 2654 759 2680 contra
779 2660 829 2680 eos
851 2659 909 2689 pro
930 2651 996 2685 hos,

294 2695 354 2720 aut
378 2691 514 2721 omnino
537 2691 647 2722 deleri.
672 2692 753 2722 Mox
768 2692 818 2723 ed.
832 2692 915 2723 Ven.
937 2702 997 2732 pro

294 2742 384 2762 nosse
397 2733 496 2764 habet
510 2744 647 2764 noscere.

340 2778 352 2805 l
378 2780 504 2824 ίεηιριέ
525 2778 586 2816 ipsi
608 2777 807 2817 seponerem]
841 2777 916 2817 Quo
940 2787 994 2808 va-

293 2817 383 2848 leat'
373 2819 445 2858 zpm}
461 2828 528 2849 non
543 2829 706 2859 assequor.

335 2864 354 2890 2
376 2862 619 2902 anpleriquen.
632 2861 814 2901 oratorum]
841 2862 994 2893 Muretus

291 2913 309 2932 e
324 2902 407 2934 libro
431 2909 539 2936 101010
561 2904 652 2936 addit
673 2909 790 2936 contra
811 2909 908 2945 atque
923 2915 992 2936 nos.

1042 2391 1142 2422 lectio
1169 2398 1220 2422 est
1244 2391 1285 2422 ab
1311 2391 1408 2428 Aldo,
1435 2391 1522 2422 unde
1548 2392 1668 2423 sumsit
1691 2393 1744 2423 ed.

1040 2434 1131 2475 Lips.
1146 2440 1185 2464 ut
1200 2435 1328 2475 opinor,
1344 2439 1379 2465 et
1392 2434 1553 2474 optimam
1567 2444 1636 2465 fflse
1647 2439 1746 2475 puta—

1041 2487 1125 2507 mus.
1141 2478 1222 2508 Mss.
1238 2481 1272 2507 et
1284 2477 1356 2507 edd.
1372 2486 1421 2517 pr.
1431 2476 1523 2507 valde
1535 2477 1589 2508 hic
1600 2477 1744 2516 variant,

1042 2519 1135 2550 nulla
1163 2519 1338 2550 commoda
1363 2519 1540 2549 sententia.
1570 2530 1599 2550 v.
1628 2530 1658 2550 c.
1690 2520 1742 2551 ed.

1041 2563 1123 2593 Ven.
1139 2573 1171 2592 n.
1193 2561 1264 2600 cas.
1282 2572 1318 2602 p.
1346 2562 1393 2592 ud
1411 2562 1609 2599 dignitatem
1626 2564 1745 2594 melius

1041 2606 1162 2636 docere.
1208 2605 1287 2635 Non
1309 2605 1403 2635 habet
1425 2608 1520 2635 certe.
1547 2605 1605 2635 ubi
1624 2615 1742 2645 margo

1040 2648 1128 2679 delet
1143 2648 1270 2677 melius.

1081 2695 1102 2721 4
1123 2691 1226 2721 nescio
1249 2699 1309 2720 cur
1335 2698 1399 2719 non
1425 2688 1493 2719 doc.
1521 2689 1596 2728 &c.]
1633 2688 1743 2720 Miror

1038 2734 1125 2764 viros
1139 2734 1252 2764 doctos
1265 2732 1297 2762 in
1314 2731 1344 2762 h.
1362 2731 1384 2761 l.
1397 2741 1465 2761 non
1479 2731 1622 2768 haesisse,
1638 2742 1677 2762 ac
1689 2733 1740 2763 ni.

1037 2776 1085 2807 hil
1101 2775 1282 2806 monuisse:
1308 2784 1383 2804 cuni
1398 2774 1571 2805 manifeste
1585 2775 1737 2815 ineptum

1037 2824 1070 2849 et
1094 2819 1249 2849 vitiosum
1272 2818 1333 2847 sit:
1359 2816 1469 2846 neseio
1491 2827 1552 2848 cur
1573 2827 1742 2848 now-cur

1036 2862 1137 2892 nolis:
1155 2860 1298 2901 primum
1314 2869 1375 2890 cur
1383 2869 1446 2889 non
1457 2859 1527 2891 sine
1536 2859 1740 2891 dubiovitio·

1036 2914 1108 2935 sum
1122 2909 1184 2942 est,
1199 2902 1295 2943 idque
1309 2902 1500 2933 delevimus.
