1945 3235
311 138 391 173 530
913 138 1204 179 ORATOR.

313 241 464 282 allata.
496 256 593 298 quae
627 243 878 302 pleiumque
912 256 1013 288 sunt
1046 245 1221 301 frigida.
1296 243 1453 285 Parcet
1482 251 1527 284 et
1554 244 1775 298 amicitiis,

313 308 357 339 et
391 299 704 356 dignitatibus:
738 304 896 345 vitabit
938 303 1196 345 insanabiles
1230 301 1539 343 contumelias:
1584 310 1777 345 tantum-

313 333 736 402 n1odo⁰adve1sarios
768 361 825 417 fig
815 372 888 412 ct,
911 376 990 403 nec
1015 376 1086 402 003
1121 370 1264 401 tamen
1295 373 1478 414 semper,
1500 373 1579 400 nec
1609 374 1775 413 omnes,

313 428 396 455 nec
433 417 551 457 omni
580 419 726 459 modo
749 420 913 474 quibus
932 418 1128 474 exceptis
1158 419 1218 458 sic
1240 426 1385 458 utetul
1408 416 1493 457 sale
1517 426 1561 457 et
1588 415 1774 470 facetiis,

315 482 364 512 ut
397 487 480 529 ego
513 489 565 515 ex
604 475 696 516 istis
731 477 854 516 noxis
876 475 1036 517 Atticis
1070 475 1198 516 talem
1229 474 1509 530 cognoverim
1540 475 1776 527 neminem,

253 507 490 576 90011u1⁶id
522 542 637 572 00110
669 534 724 573 sit
754 533 821 573 iel
852 534 1042 574 maxime
1073 533 1286 574 Atticum.
1349 531 1479 573 Hanc
1511 546 1595 588 ego
1618 531 1778 587 judico

316 586 500 629 formam
543 590 758 630 summissi
795 591 991 641 matoris,
1031 591 1103 631 sed
1134 591 1282 647 magni
1315 599 1474 640 tamen,
1504 599 1548 630 et
1578 590 1774 646 offeimani

315 644 480 686 Attici:
513 648 736 711 quoniam,
760 648 971 703 quidquid
1005 657 1069 688 est
1100 648 1272 698 salsum,
1295 657 1370 688 aut
1397 622 1604 688 salubroe
1602 648 1647 688 in
1677 662 1775 688 ora-

315 703 448 754 tione,
472 703 512 743 id
539 705 762 760 pi··0p1i1nn
786 705 1034 746 Atticorum
1058 714 1148 747 est:
1180 720 1203 746 e
1226 705 1382 760 quibus
1405 715 1550 747 tamen
1572 719 1660 745 non
1679 719 1775 746 om—

313 774 388 802 nes
412 761 569 802 faceti:
604 761 753 817 Lysias
776 764 894 814 satis,
918 772 960 803 et
984 761 1247 818 Hyperide5‚
1269 761 1485 804 Demades
1508 771 1666 819 praeter
1688 777 1776 804 cae-

312 827 428 858 teros
452 818 600 860 fe1·.tur
640 819 1112 861 Demosthenesminus
1131 819 1337 871 habetur3
1362 836 1448 875 quo
1465 821 1640 877 quid-em
1664 820 1772 861 mihi

312 874 421 916 nihii
445 876 613 918 xidetui
640 878 872 920 urbanius:
907 878 979 919 sed
1002 892 1088 918 non
1113 886 1197 918 tam
1223 877 1351 918 dicax
1374 877 1473 929 fuit,
1494 893 1624 933 quam
1656 877 1775 919 face-

314 943 401 973 tus.
464 932 542 975 Est
563 944 708 976 autem
731 936 835 977 illud
859 936 1034 977 acrioris
1058 935 1238 991 ingenii,
1261 934 1348 976 hoe
1368 934 1546 990 majoris
1567 935 1687 977 artis.

250 1005 296 1039 91
372 990 558 1033 Ubeiius
592 1002 657 1034 est
697 993 829 1044 aliud,
858 993 1235 1057 65aliquant0que.
1257 993 1490 1044 robustius,
1523 1007 1654 1048 quam
1686 992 1772 1036 hoc

312 1047 491 1101 humile,
512 1050 565 1091 de
586 1065 672 1106 quo
704 1051 870 1092 dictum
900 1061 988 1102 est3
1022 1050 1291 1092 summissius
1316 1059 1476 1101 autem,
1498 1065 1630 1106 quam
1652 1049 1772 1103 illud,

311 1106 364 1147 de
386 1122 472 1162 quo
497 1107 591 1163 jam
623 1108 805 1160 dicetur,
829 1108 1159 1165 amplissimum.
1222 1107 1355 1149 Hoc
1346 1123 1390 1148 m
1421 1122 1592 1164 geneie,
1616 1122 1772 1150 nervo-

310 1178 406 1205 lum
431 1164 495 1205 vel
518 1166 762 1217 minimum,
786 1167 1010 1208 suavitatis
1033 1177 1178 1207 autem
1200 1176 1265 1207 est
1288 1165 1353 1206 vel
1381 1165 1629 1221 plurimum.
1691 1164 1771 1207 Est

311 1222 427 1263 enim
451 1222 632 1278 plenius,
655 1240 728 1280 (111·ι
716 1239 783 1265 am
813 1224 896 1266 hoc
924 1224 1222 1266 enucleatum:
1255 1238 1386 1279 quam
1408 1233 1552 1264 autem
1575 1223 1680 1266 illud
1701 1238 1778 1265 or-

227 1282 476 1339 (2711311011,
500 1282 827 1347 copiosumque,
848 1282 1133 1323 summissius.
1195 1281 1315 1322 Huic
1339 1281 1486 1322 omnia
1506 1281 1678 1323 dicendi
1700 1296 1770 1322 or-

311 1348 514 1379 namenta
533 1341 814 1391 conveniunt,
838 1340 1157 1396 plurimumque
1179 1349 1258 1390 est,
1282 1339 1323 1380 in
1347 1339 1429 1381 hac
1449 1340 1660 1381 orationis
1681 1337 1771 1380 for-

246 1404 296 1438 92
312 1410 394 1447 ma,
417 1396 656 1438 suavitatis.
721 1397 772 1438 In
797 1412 881 1452 qua
903 1397 1027 1438 multi
1052 1399 1292 1438 flo1-·÷1e1unt
1317 1397 1431 1453 apud
1456 1397 1663 1440 Graecos:
1696 1397 1771 1438 sed

309 1452 543 1495 Phalereus
578 1455 826 1496 Demetrius
862 1470 958 1496 meo
987 1455 1160 1510 judicio
1193 1454 1399 1511 piaest'rtit
1431 1455 1612 1508 ceteiis;
1644 1454 1770 1510 cujus

307 1526 355 1551 01
358 1512 446 1552 ιιῖίο
477 1527 527 1553 cu
536 1527 575 1552 m
611 1513 756 1553 sedate
792 1513 1044 1568 placideque
1074 1513 1281 1568 loquitur,
1305 1522 1395 1553 tum
1420 1489 1636 1554 illustrarit
1656 1527 1768 1565 eam,

305 1570 427 1623 quasi
459 1569 592 1610 stellae
617 1571 834 1625 quaedam,
859 1569 1011 1610 trzalita
1035 1571 1178 1620 veiha,
1201 1579 1331 1624 atque
1358 1570 1605 1612 immutata
1663 1569 1770 1612 Tra-

306 1626 393 1666 lata
413 1641 463 1667 ea
487 1627 556 1668 dic
535 1643 601 1677 vo,
624 1638 670 1668 ut
701 1643 734 1669 3ι
724 1643 816 1692 (epe
832 1627 943 1683 jam,
967 1643 1065 1683 quae
1089 1642 1164 1684 pei
1187 1627 1517 1668 similitudinem
1539 1629 1595 1669 ab
1617 1626 1701 1669 alia
1725 1642 1772 1669 re

307 1692 382 1724 aut
414 1685 636 1725 suavitatis
659 1695 735 1726 aut
767 1686 926 1741 inopiae
959 1700 1089 1726 causa
1121 1685 1451 1726 transferuntur.
1513 1684 1733 1737 Mutata,
1722 1700 1770 1727 m

308 1742 465 1796 quibus
489 1757 566 1798 pro
592 1745 722 1784 verbo
750 1743 925 1799 proprio
947 1743 1179 1798 subjicitur
1205 1742 1336 1795 aliud,
1359 1742 1475 1797 quod
1499 1742 1612 1784 idem
1632 1743 1769 1799 signi-

245 1804 294 1838 93
311 1799 425 1850 ficet,
449 1810 636 1841 sumtum
663 1817 716 1842 ex
752 1815 796 1842 re
825 1801 970 1856 aliqua
990 1801 1290 1857 consequenti.
1351 1800 1483 1847 Quod
1505 1815 1772 1857 quamquam·

310 1857 608 1899 transferendo
628 1858 691 1911 fit,
716 1867 859 1900 tamen
894 1859 979 1900 alio
1007 1859 1139 1900 modo
1163 1858 1397 1909 transtulit,
1419 1873 1520 1899 cum
1541 1858 1657 1900 dixit
1679 1857 1768 1900 En-

307 1915 404 1955 nius
427 1930 560 1957 arcem
582 1923 618 1957 ec
641 1916 781 1958 urbem
803 1916 946 1957 orbas.-
974 1916 1058 1958 alio
1082 1916 1228 1967 modo,
1251 1917 1285 1956 si
1308 1917 1349 1946 66
1361 1930 1438 1972 pro
1462 1916 1600 1972 patria
1622 1931 1766 1958 arcem

307 1973 515 2016 dixisset:
550 1984 594 2014 et
621 1974 831 2016 horridam
856 1973 1019 2030 Afiica·
1018 1989 1052 2014 n
1078 1974 1257 2016 tezribili
1283 1981 1450 2015 tremere
1471 1973 1650 2015 tumultu
1670 1989 1772 2016 cum

304 2030 426 2082 dicit,
449 2032 488 2066 67
500 2047 578 2088 pro
601 2031 719 2073 Afris
743 2033 946 2074 immutat
967 2031 1178 2073 Africam.
1241 2031 1371 2073 Hanc
1390 2031 1652 2088 hypallagen
1669 2032 1766 2073 rhe-

306 2097 434 2140 tores,
466 2104 569 2143 qula
597 2091 717 2145 quasi
743 2099 1065 2132 summutantur
1097 2090 1229 2131 verba
1261 2104 1339 2146 pio
1372 2090 1537 2132 verbis:
1566 2098 1768 2146 metony-

240 2146 436 2188 94m1am
460 2146 748 2189 Grammatici
770 2156 941 2199 vocant,
963 2147 1081 2203 quod
1103 2148 1281 2188 nomina
1295 2147 1624 2189 timansfeiuntur
1666 2147 1768 2189 Ari-

302 2203 477 2245 stoteles
510 2214 655 2246 autem
691 2180 962 2247 translatiorii
997 2205 1093 2247 haec
1126 2205 1220 2261 ipsa
1253 2205 1496 2261 subjungit,
1517 2214 1561 2247 et
1590 2206 1768 2248 abusio-

300 2276 414 2312 nem,
436 2277 566 2317 quam
587 2268 796 2319 κατάχςηο-ιν
812 2273 994 2305 vocant:
1020 2272 1082 2315 ut,
1103 2278 1204 2304 cum
1224 2264 1441 2304 minutum
1462 2263 1648 2305 dicimus
1670 2263 1763 2305 ani-

301 2333 421 2360 mum
451 2334 529 2376 pro
558 2335 712 2376 parvo,
734 2330 778 2361 et
810 2322 1031 2363 abutimur
1057 2322 1097 2352 68
1110 2321 1253 2363 verbis
1283 2321 1555 2378 propinquis,
1585 2322 1621 2363 si
1653 2336 1766 2378 opus

343 2451 384 2481 65
407 2452 577 2490 aliquanto
591 2452 768 2492 robustius]
795 2462 838 2483 30.
864 2463 930 2484 non
949 2464 1014 2494 qua
1097 2453 1137 2487 67
1155 2462 1219 2492 pro
1233 2451 1328 2492 Afris
1341 2453 1500 2483 immutat
1512 2451 1604 2493 Afi‘-]
1629 2451 1694 2483 Ms.
1709 2462 1764 2492 ap.

301 2491 381 2529 vim,
411 2504 484 2532 quae
512 2495 553 2524 ab
587 2494 651 2525 hoc
687 2505 806 2535 genere
842 2496 945 2533 abest,
975 2501 1013 2526 ut
1055 2495 1237 2526 Gruterum
1259 2497 1447 2531 immutate,
1473 2494 1559 2534 quod
1584 2495 1614 2525 ei
1641 2495 1763 2535 placet.

301 2535 414 2574 11311110
430 2546 487 2576 pos
479 2542 504 2565 t
519 2537 612 2572 dicit,
627 2537 682 2567 sed
703 2548 766 2577 qna
780 2538 922 2569 formam
939 2548 1011 2570 ora·
1056 2538 1204 2568 Placeret
1239 2543 1274 2568 et
1305 2538 1399 2574 mihi,
1430 2537 1456 2567 si
1490 2537 1626 2568 verbum
1663 2541 1761 2575 esset,

301 2578 416 2614 tionis,
440 2589 513 2617 qnae
528 2585 577 2609 est
599 2579 634 2609 in
656 2590 694 2610 eo
716 2590 835 2619 genere
851 2583 1011 2613 orationis
1055 2581 1141 2612 unde
1157 2580 1218 2611 hoc
1233 2580 1424 2611 adverbium
1439 2579 1611 2620 penderet.

301 2619 414 2657 latior,
430 2625 580 2652 ornatior
594 2629 628 2651 et
643 2624 859 2653 numerosior.
1095 2624 1135 2654 6ss
1159 2624 1263 2654 verbis
1284 2622 1489 2663 propinquis]
1515 2622 1576 2660 Ut,
1597 2632 1672 2653 cum
1687 2621 1761 2653 Vir-

344 2663 384 2693 66
402 2673 465 2703 pro
482 2664 601 2703 patria
622 2665 748 2704 mrem]
770 2666 842 2696 Hoc
866 2666 1009 2707 intelligi
1053 2667 1150 2706 gilius
1175 2666 1256 2696 dicit
1282 2675 1402 2705 equum
1428 2665 1605 2706 oedgficant,
1624 2675 1685 2706 pro
1695 2663 1762 2705 sit-

300 2713 368 2734 non
405 2711 524 2745 potest.
581 2707 743 2738 Gruterus
772 2710 931 2749 corrigit:
972 2711 1009 2741 Si
1053 2710 1246 2739 bric-antur:
1269 2717 1342 2748 quae
1356 2714 1435 2738 sunt
1449 2708 1634 2749 propinqua
1648 2708 1759 2743 verba,

292 2749 446 2786 patriam
476 2749 594 2778 ardere
621 2750 652 2778 d.
684 2750 786 2780 ductu
814 2751 893 2782 Mss.
923 2752 1006 2783 Pau.
1054 2752 1130 2791 quia
1151 2762 1191 2782 ex
1215 2750 1329 2782 eodem
1346 2751 1477 2791 opificio
1492 2754 1590 2787 sunt‘:
1614 2751 1759 2781 Juvena-

297 2791 353 2828 qui
387 2791 554 2821 habebant
584 2792 704 2822 ardent
737 2794 852 2824 urbem
880 2797 1004 2827 orbam.
1051 2794 1109 2824 lis:
1135 2794 1298 2835 oedficare
1311 2798 1425 2833 caput,
1435 2803 1495 2835 pro
1509 2797 1691 2830 exstruere,
1702 2798 1759 2824 or.

301 2832 374 2864 Hoc
387 2833 505 2865 saltem
521 2834 662 2875 intelligi
681 2840 801 2874 potest.
1051 2836 1175 2876 nand0‚
1191 2835 1363 2867 comendo.
