<?xml version="1.0" encoding="UTF-8"?>
<!DOCTYPE html PUBLIC "-//W3C//DTD XHTML 1.0 Transitional//EN"
    "http://www.w3.org/TR/xhtml1/DTD/xhtml1-transitional.dtd">
<html xmlns="http://www.w3.org/1999/xhtml" xml:lang="en" lang="en">
 <head>
  <title>
</title>
<meta http-equiv="Content-Type" content="text/html;charset=utf-8" />
  <meta name='ocr-system' content='tesseract 3.04.00' />
  <meta name='ocr-capabilities' content='ocr_page ocr_carea ocr_par ocr_line ocrx_word'/>
</head>
<body>
  <div class='ocr_page' id='page_1' title='image "./operaomnia01ciceuoft_0030.png"; bbox 0 0 1914 3220; ppageno 0'>
   <div class='ocr_carea' id='block_1_1' title="bbox 313 173 1257 230">
    <p class='ocr_par' dir='ltr' id='par_1_1' title="bbox 313 173 1257 230">
     <span class='ocr_line' id='line_1_1' title="bbox 313 173 1257 230; baseline 0.001 -5"><span class='ocrx_word' id='word_1_1' title='bbox 313 173 423 225; x_wconf 79' lang='lat' dir='ltr'>xxii</span> <span class='ocrx_word' id='word_1_2' title='bbox 807 173 1257 230; x_wconf 82' lang='lat' dir='ltr'><strong>PRAEFATIO.</strong></span> 
     </span>
    </p>
   </div>
   <div class='ocr_carea' id='block_1_2' title="bbox 313 304 1742 462">
    <p class='ocr_par' dir='ltr' id='par_1_2' title="bbox 313 304 1742 462">
     <span class='ocr_line' id='line_1_2' title="bbox 314 304 1742 380; baseline 0.001 -23"><span class='ocrx_word' id='word_1_3' title='bbox 314 304 442 358; x_wconf 81' lang='lat' dir='ltr'>date</span> <span class='ocrx_word' id='word_1_4' title='bbox 494 306 565 359; x_wconf 89' lang='lat' dir='ltr'>ad</span> <span class='ocrx_word' id='word_1_5' title='bbox 616 306 772 380; x_wconf 85' lang='lat' dir='ltr'>hujus</span> <span class='ocrx_word' id='word_1_6' title='bbox 815 309 990 380; x_wconf 80' lang='lat' dir='ltr'>operis</span> <span class='ocrx_word' id='word_1_7' title='bbox 1036 307 1301 360; x_wconf 83' lang='lat' dir='ltr'>rationem</span> <span class='ocrx_word' id='word_1_8' title='bbox 1346 312 1453 360; x_wconf 73' lang='lat' dir='ltr'>non</span> <span class='ocrx_word' id='word_1_9' title='bbox 1507 305 1742 359; x_wconf 84' lang='lat' dir='ltr'>alienum</span> 
     </span>
     <span class='ocr_line' id='line_1_3' title="bbox 313 391 520 462; baseline 0.005 -19"><span class='ocrx_word' id='word_1_10' title='bbox 313 391 520 462; x_wconf 85' lang='lat' dir='ltr'>putavi.</span> 
     </span>
    </p>
   </div>
   <div class='ocr_carea' id='block_1_3' title="bbox 788 538 1268 594">
    <p class='ocr_par' dir='ltr' id='par_1_3' title="bbox 788 538 1268 594">
     <span class='ocr_line' id='line_1_4' title="bbox 788 538 1268 594; baseline -0.006 0"><span class='ocrx_word' id='word_1_11' title='bbox 788 538 1136 594; x_wconf 85' lang='lat' dir='ltr'>SECTIO</span> <span class='ocrx_word' id='word_1_12' title='bbox 1191 539 1268 592; x_wconf 91' lang='lat' dir='ltr'>II.</span> 
     </span>
    </p>
   </div>
   <div class='ocr_carea' id='block_1_4' title="bbox 260 639 1766 2921">
    <p class='ocr_par' dir='ltr' id='par_1_4' title="bbox 260 639 1766 2921">
     <span class='ocr_line' id='line_1_5' title="bbox 383 639 1745 718; baseline 0 -21"><span class='ocrx_word' id='word_1_13' title='bbox 383 642 730 698; x_wconf 80' lang='lat' dir='ltr'>OPERUM</span> <span class='ocrx_word' id='word_1_14' title='bbox 771 646 1140 699; x_wconf 84' lang='lat' dir='ltr'>universorum</span> <span class='ocrx_word' id='word_1_15' title='bbox 1175 639 1451 699; x_wconf 36' lang='lat' dir='ltr'>Ciceronis*</span> <span class='ocrx_word' id='word_1_16' title='bbox 1489 663 1585 718; x_wconf 90' lang='lat' dir='ltr'>per</span> <span class='ocrx_word' id='word_1_17' title='bbox 1626 659 1745 715; x_wconf 86' lang='lat' dir='ltr'>par-</span> 
     </span>
     <span class='ocr_line' id='line_1_6' title="bbox 307 728 1744 803; baseline 0.001 -21"><span class='ocrx_word' id='word_1_18' title='bbox 307 736 386 782; x_wconf 84' lang='lat' dir='ltr'>tes</span> <span class='ocrx_word' id='word_1_19' title='bbox 439 728 772 782; x_wconf 84' lang='lat' dir='ltr'>edendorum</span> <span class='ocrx_word' id='word_1_20' title='bbox 828 729 1112 784; x_wconf 86' lang='lat' dir='ltr'>consilium</span> <span class='ocrx_word' id='word_1_21' title='bbox 1164 730 1321 803; x_wconf 83' lang='lat' dir='ltr'>primi</span> <span class='ocrx_word' id='word_1_22' title='bbox 1369 738 1562 802; x_wconf 81' lang='lat' dir='ltr'>cepere</span> <span class='ocrx_word' id='word_1_23' title='bbox 1608 729 1744 783; x_wconf 87' lang='lat' dir='ltr'>Ger-</span> 
     </span>
     <span class='ocr_line' id='line_1_7' title="bbox 306 812 1743 876; baseline 0.001 -11"><span class='ocrx_word' id='word_1_24' title='bbox 306 816 455 865; x_wconf 76' lang='lat' dir='ltr'>mani</span> <span class='ocrx_word' id='word_1_25' title='bbox 497 813 626 876; x_wconf 86' lang='lat' dir='ltr'>du0‚</span> <span class='ocrx_word' id='word_1_26' title='bbox 674 812 1040 869; x_wconf 75' lang='lat' dir='ltr'>Sweinlzemius</span> <span class='ocrx_word' id='word_1_27' title='bbox 1080 828 1135 871; x_wconf 86' lang='lat' dir='ltr'>et</span> <span class='ocrx_word' id='word_1_28' title='bbox 1177 816 1473 870; x_wconf 77' lang='lat' dir='ltr'>Panartius</span> <span class='ocrx_word' id='word_1_29' title='bbox 1507 814 1743 873; x_wconf 42' lang='lat' dir='ltr'>&#39;Romam</span> 
     </span>
     <span class='ocr_line' id='line_1_8' title="bbox 307 897 1743 972; baseline 0 -22"><span class='ocrx_word' id='word_1_30' title='bbox 307 916 434 950; x_wconf 82' lang='lat' dir='ltr'>cum</span> <span class='ocrx_word' id='word_1_31' title='bbox 462 907 590 952; x_wconf 86' lang='lat' dir='ltr'>ante</span> <span class='ocrx_word' id='word_1_32' title='bbox 617 899 671 951; x_wconf 90' lang='lat' dir='ltr'>in</span> <span class='ocrx_word' id='word_1_33' title='bbox 699 901 1027 953; x_wconf 84' lang='lat' dir='ltr'>monasterio</span> <span class='ocrx_word' id='word_1_34' title='bbox 1055 900 1391 963; x_wconf 81' lang='lat' dir='ltr'>Sublacensi,</span> <span class='ocrx_word' id='word_1_35' title='bbox 1423 901 1478 953; x_wconf 88' lang='lat' dir='ltr'>in</span> <span class='ocrx_word' id='word_1_36' title='bbox 1506 906 1618 972; x_wconf 82' lang='lat' dir='ltr'>qu&#39;o</span> <span class='ocrx_word' id='word_1_37' title='bbox 1645 897 1743 950; x_wconf 91' lang='lat' dir='ltr'>ini-</span> 
     </span>
     <span class='ocr_line' id='line_1_9' title="bbox 305 983 1743 1057; baseline 0.001 -23"><span class='ocrx_word' id='word_1_38' title='bbox 305 983 441 1034; x_wconf 86' lang='lat' dir='ltr'>tium</span> <span class='ocrx_word' id='word_1_39' title='bbox 482 984 818 1036; x_wconf 84' lang='lat' dir='ltr'>edendorum</span> <span class='ocrx_word' id='word_1_40' title='bbox 859 984 1101 1038; x_wconf 89' lang='lat' dir='ltr'>formulis</span> <span class='ocrx_word' id='word_1_41' title='bbox 1139 985 1547 1057; x_wconf 79' lang='lat' dir='ltr'>typographicis</span> <span class='ocrx_word' id='word_1_42' title='bbox 1583 984 1743 1037; x_wconf 89' lang='lat' dir='ltr'>libro-</span> 
     </span>
     <span class='ocr_line' id='line_1_10' title="bbox 302 1067 1742 1140; baseline 0.003 -22"><span class='ocrx_word' id='word_1_43' title='bbox 302 1085 421 1118; x_wconf 86' lang='lat' dir='ltr'>rum</span> <span class='ocrx_word' id='word_1_44' title='bbox 462 1067 656 1130; x_wconf 84' lang='lat' dir='ltr'>fecere,</span> <span class='ocrx_word' id='word_1_45' title='bbox 695 1068 856 1122; x_wconf 90' lang='lat' dir='ltr'>libros</span> <span class='ocrx_word' id='word_1_46' title='bbox 897 1069 964 1122; x_wconf 90' lang='lat' dir='ltr'>de</span> <span class='ocrx_word' id='word_1_47' title='bbox 993 1068 1223 1123; x_wconf 84' lang='lat' dir='ltr'>Oratore</span> <span class='ocrx_word' id='word_1_48' title='bbox 1255 1078 1311 1122; x_wconf 89' lang='lat' dir='ltr'>et</span> <span class='ocrx_word' id='word_1_49' title='bbox 1353 1069 1629 1140; x_wconf 82' lang='lat' dir='ltr'>Epistolas</span> <span class='ocrx_word' id='word_1_50' title='bbox 1668 1067 1742 1122; x_wconf 86' lang='lat' dir='ltr'>ad</span> 
     </span>
     <span class='ocr_line' id='line_1_11' title="bbox 303 1144 1738 1225; baseline 0.001 -23"><span class='ocrx_word' id='word_1_51' title='bbox 303 1149 558 1205; x_wconf 85' lang='lat' dir='ltr'>Diversos</span> <span class='ocrx_word' id='word_1_52' title='bbox 586 1151 896 1206; x_wconf 85' lang='lat' dir='ltr'>edidissent.</span> <span class='ocrx_word' id='word_1_53' title='bbox 977 1153 1147 1218; x_wconf 83' lang='lat' dir='ltr'>Nam,</span> <span class='ocrx_word' id='word_1_54' title='bbox 1188 1162 1250 1207; x_wconf 86' lang='lat' dir='ltr'>ut</span> <span class='ocrx_word' id='word_1_55' title='bbox 1290 1173 1357 1207; x_wconf 89' lang='lat' dir='ltr'>ex</span> <span class='ocrx_word' id='word_1_56' title='bbox 1397 1153 1629 1225; x_wconf 86' lang='lat' dir='ltr'>epistola</span> <span class='ocrx_word' id='word_1_57' title='bbox 1654 1144 1738 1206; x_wconf 69' lang='lat' dir='ltr'>Jo.</span> 
     </span>
     <span class='ocr_line' id='line_1_12' title="bbox 302 1231 1742 1310; baseline 0.001 -22"><span class='ocrx_word' id='word_1_58' title='bbox 302 1237 546 1299; x_wconf 60' lang='lat' dir='ltr'>Audi-ece,</span> <span class='ocrx_word' id='word_1_59' title='bbox 577 1235 841 1310; x_wconf 87' lang='lat' dir='ltr'>Episcopi</span> <span class='ocrx_word' id='word_1_60' title='bbox 870 1231 1178 1301; x_wconf 83' lang='lat' dir='ltr'>Aleriensis‚</span> <span class='ocrx_word' id='word_1_61' title='bbox 1206 1237 1276 1291; x_wconf 81' lang='lat' dir='ltr'>a&#39;d</span> <span class='ocrx_word' id='word_1_62' title='bbox 1305 1238 1519 1292; x_wconf 86' lang='lat' dir='ltr'>Sixtum</span> <span class='ocrx_word' id='word_1_63' title='bbox 1545 1236 1644 1291; x_wconf 90' lang='lat' dir='ltr'>IV.</span> <span class='ocrx_word' id='word_1_64' title='bbox 1671 1237 1742 1291; x_wconf 87' lang='lat' dir='ltr'>de</span> 
     </span>
     <span class='ocr_line' id='line_1_13' title="bbox 300 1321 1744 1395; baseline 0.002 -23"><span class='ocrx_word' id='word_1_65' title='bbox 300 1321 443 1373; x_wconf 88' lang='lat' dir='ltr'>libris</span> <span class='ocrx_word' id='word_1_66' title='bbox 483 1322 535 1375; x_wconf 91' lang='lat' dir='ltr'>in</span> <span class='ocrx_word' id='word_1_67' title='bbox 565 1341 752 1376; x_wconf 89' lang='lat' dir='ltr'>eorum</span> <span class='ocrx_word' id='word_1_68' title='bbox 779 1322 996 1376; x_wconf 83' lang='lat' dir='ltr'>officina</span> <span class='ocrx_word' id='word_1_69' title='bbox 1023 1324 1200 1387; x_wconf 87' lang='lat' dir='ltr'>editis,</span> <span class='ocrx_word' id='word_1_70' title='bbox 1236 1331 1408 1395; x_wconf 84' lang='lat' dir='ltr'>patet,</span> <span class='ocrx_word' id='word_1_71' title='bbox 1436 1340 1625 1376; x_wconf 86' lang='lat' dir='ltr'>omnes</span> <span class='ocrx_word' id='word_1_72' title='bbox 1653 1321 1744 1376; x_wconf 90' lang='lat' dir='ltr'>Ci-</span> 
     </span>
     <span class='ocr_line' id='line_1_14' title="bbox 300 1407 1743 1480; baseline 0.003 -23"><span class='ocrx_word' id='word_1_73' title='bbox 300 1407 505 1459; x_wconf 86' lang='lat' dir='ltr'>ceronis</span> <span class='ocrx_word' id='word_1_74' title='bbox 546 1407 725 1469; x_wconf 84' lang='lat' dir='ltr'>libros,</span> <span class='ocrx_word' id='word_1_75' title='bbox 766 1417 960 1480; x_wconf 84' lang='lat' dir='ltr'>praeter</span> <span class='ocrx_word' id='word_1_76' title='bbox 987 1425 1096 1470; x_wconf 85' lang='lat' dir='ltr'>eos,</span> <span class='ocrx_word' id='word_1_77' title='bbox 1131 1408 1227 1479; x_wconf 88' lang='lat' dir='ltr'>qui</span> <span class='ocrx_word' id='word_1_78' title='bbox 1268 1415 1395 1461; x_wconf 87' lang='lat' dir='ltr'>sunt</span> <span class='ocrx_word' id='word_1_79' title='bbox 1433 1408 1502 1461; x_wconf 92' lang='lat' dir='ltr'>de</span> <span class='ocrx_word' id='word_1_80' title='bbox 1543 1407 1743 1461; x_wconf 90' lang='lat' dir='ltr'>Inven-</span> 
     </span>
     <span class='ocr_line' id='line_1_15' title="bbox 301 1490 1737 1555; baseline 0.003 -14"><span class='ocrx_word' id='word_1_81' title='bbox 301 1490 464 1553; x_wconf 84' lang='lat' dir='ltr'>tione,</span> <span class='ocrx_word' id='word_1_82' title='bbox 497 1492 747 1553; x_wconf 85' lang='lat' dir='ltr'>edidere;</span> <span class='ocrx_word' id='word_1_83' title='bbox 787 1494 888 1546; x_wconf 89' lang='lat' dir='ltr'>etsi</span> <span class='ocrx_word' id='word_1_84' title='bbox 927 1511 1036 1545; x_wconf 91' lang='lat' dir='ltr'>non</span> <span class='ocrx_word' id='word_1_85' title='bbox 1076 1511 1141 1546; x_wconf 92' lang='lat' dir='ltr'>eo</span> <span class='ocrx_word' id='word_1_86' title='bbox 1181 1493 1422 1555; x_wconf 87' lang='lat' dir='ltr'>consilio,</span> <span class='ocrx_word' id='word_1_87' title='bbox 1463 1500 1526 1547; x_wconf 83' lang='lat' dir='ltr'>ut</span> <span class='ocrx_word' id='word_1_88' title='bbox 1563 1510 1737 1546; x_wconf 88' lang='lat' dir='ltr'>unum</span> 
     </span>
     <span class='ocr_line' id='line_1_16' title="bbox 296 1576 1738 1646; baseline 0.001 -19"><span class='ocrx_word' id='word_1_89' title='bbox 296 1593 493 1646; x_wconf 84' lang='lat' dir='ltr'>corpus</span> <span class='ocrx_word' id='word_1_90' title='bbox 522 1577 777 1631; x_wconf 83' lang='lat' dir='ltr'>facerent.</span> <span class='ocrx_word' id='word_1_91' title='bbox 807 1596 935 1630; x_wconf 85' lang='lat' dir='ltr'>nam</span> <span class='ocrx_word' id='word_1_92' title='bbox 972 1596 1080 1630; x_wconf 89' lang='lat' dir='ltr'>non</span> <span class='ocrx_word' id='word_1_93' title='bbox 1108 1578 1340 1631; x_wconf 86' lang='lat' dir='ltr'>eandem</span> <span class='ocrx_word' id='word_1_94' title='bbox 1371 1577 1602 1631; x_wconf 86' lang='lat' dir='ltr'>formam</span> <span class='ocrx_word' id='word_1_95' title='bbox 1643 1576 1738 1630; x_wconf 86' lang='lat' dir='ltr'>ha·</span> 
     </span>
     <span class='ocr_line' id='line_1_17' title="bbox 299 1660 1741 1734; baseline 0.002 -22"><span class='ocrx_word' id='word_1_96' title='bbox 299 1660 450 1723; x_wconf 78' lang='lat' dir='ltr'>bem,</span> <span class='ocrx_word' id='word_1_97' title='bbox 500 1661 860 1734; x_wconf 85' lang='lat' dir='ltr'>inprimisque</span> <span class='ocrx_word' id='word_1_98' title='bbox 910 1663 1187 1726; x_wconf 86' lang='lat' dir='ltr'>volumen,</span> <span class='ocrx_word' id='word_1_99' title='bbox 1234 1662 1384 1733; x_wconf 92' lang='lat' dir='ltr'>quod</span> <span class='ocrx_word' id='word_1_100' title='bbox 1439 1662 1508 1715; x_wconf 90' lang='lat' dir='ltr'>de</span> <span class='ocrx_word' id='word_1_101' title='bbox 1549 1661 1741 1715; x_wconf 77' lang='lat' dir='ltr'>officiis</span> 
     </span>
     <span class='ocr_line' id='line_1_18' title="bbox 296 1745 1737 1820; baseline 0.003 -24"><span class='ocrx_word' id='word_1_102' title='bbox 296 1745 476 1809; x_wconf 84' lang='lat' dir='ltr'>libros,</span> <span class='ocrx_word' id='word_1_103' title='bbox 531 1757 586 1800; x_wconf 86' lang='lat' dir='ltr'>et</span> <span class='ocrx_word' id='word_1_104' title='bbox 648 1748 710 1800; x_wconf 82' lang='lat' dir='ltr'>iis·</span> <span class='ocrx_word' id='word_1_105' title='bbox 776 1748 999 1820; x_wconf 78' lang='lat' dir='ltr'>adjungi</span> <span class='ocrx_word' id='word_1_106' title='bbox 1051 1748 1234 1801; x_wconf 88' lang='lat' dir='ltr'>solitos</span> <span class='ocrx_word' id='word_1_107' title='bbox 1291 1748 1499 1801; x_wconf 87' lang='lat' dir='ltr'>libellos</span> <span class='ocrx_word' id='word_1_108' title='bbox 1552 1746 1737 1811; x_wconf 87' lang='lat' dir='ltr'>habet,</span> 
     </span>
     <span class='ocr_line' id='line_1_19' title="bbox 294 1829 1766 1901; baseline 0.002 -20"><span class='ocrx_word' id='word_1_109' title='bbox 294 1829 456 1901; x_wconf 76' lang='lat' dir='ltr'>longe</span> <span class='ocrx_word' id='word_1_110' title='bbox 493 1831 686 1884; x_wconf 87' lang='lat' dir='ltr'>minori</span> <span class='ocrx_word' id='word_1_111' title='bbox 727 1833 917 1885; x_wconf 85' lang='lat' dir='ltr'>ceteris</span> <span class='ocrx_word' id='word_1_112' title='bbox 957 1832 1130 1884; x_wconf 72' lang='lat' dir='ltr'>forma</span> <span class='ocrx_word' id='word_1_113' title='bbox 1158 1840 1257 1895; x_wconf 84' lang='lat' dir='ltr'>est,</span> <span class='ocrx_word' id='word_1_114' title='bbox 1296 1833 1604 1886; x_wconf 88' lang='lat' dir='ltr'>orationum</span> <span class='ocrx_word' id='word_1_115' title='bbox 1644 1842 1766 1884; x_wconf 74' lang='lat' dir='ltr'>au-&#39;</span> 
     </span>
     <span class='ocr_line' id='line_1_20' title="bbox 295 1914 1747 1987; baseline 0.002 -20"><span class='ocrx_word' id='word_1_116' title='bbox 295 1924 403 1968; x_wconf 78' lang='lat' dir='ltr'>ten]</span> <span class='ocrx_word' id='word_1_117' title='bbox 435 1917 689 1969; x_wconf 84' lang='lat' dir='ltr'>volumen</span> <span class='ocrx_word' id='word_1_118' title='bbox 720 1917 972 1969; x_wconf 88' lang='lat' dir='ltr'>omnibus</span> <span class='ocrx_word' id='word_1_119' title='bbox 1001 1916 1116 1969; x_wconf 83' lang='lat' dir='ltr'>aliis</span> <span class='ocrx_word' id='word_1_120' title='bbox 1144 1917 1318 1987; x_wconf 83' lang='lat' dir='ltr'>majus</span> <span class='ocrx_word' id='word_1_121' title='bbox 1347 1925 1442 1969; x_wconf 90' lang='lat' dir='ltr'>est.</span> <span class='ocrx_word' id='word_1_122' title='bbox 1504 1914 1747 1970; x_wconf 80' lang='lat' dir='ltr'>Videtur</span> 
     </span>
     <span class='ocr_line' id='line_1_21' title="bbox 293 2000 1735 2072; baseline 0.001 -21"><span class='ocrx_word' id='word_1_123' title='bbox 293 2008 348 2052; x_wconf 88' lang='lat' dir='ltr'>ct</span> <span class='ocrx_word' id='word_1_124' title='bbox 376 2000 497 2053; x_wconf 85' lang='lat' dir='ltr'>Nic.</span> <span class='ocrx_word' id='word_1_125' title='bbox 526 2001 783 2054; x_wconf 78' lang='lat' dir='ltr'>Jeusomes</span> <span class='ocrx_word' id='word_1_126' title='bbox 811 2001 1054 2054; x_wconf 88' lang='lat' dir='ltr'>Venetiis</span> <span class='ocrx_word' id='word_1_127' title='bbox 1083 2001 1453 2054; x_wconf 86' lang='lat' dir='ltr'>universorum</span> <span class='ocrx_word' id='word_1_128' title='bbox 1486 2011 1582 2072; x_wconf 84' lang='lat' dir='ltr'>per</span> <span class='ocrx_word' id='word_1_129' title='bbox 1618 2018 1735 2072; x_wconf 84' lang='lat' dir='ltr'>par-</span> 
     </span>
     <span class='ocr_line' id='line_1_22' title="bbox 294 2084 1736 2138; baseline 0.001 -2"><span class='ocrx_word' id='word_1_130' title='bbox 294 2093 372 2137; x_wconf 92' lang='lat' dir='ltr'>tes</span> <span class='ocrx_word' id='word_1_131' title='bbox 400 2085 737 2137; x_wconf 85' lang='lat' dir='ltr'>edendorum</span> <span class='ocrx_word' id='word_1_132' title='bbox 763 2085 1049 2138; x_wconf 88' lang='lat' dir='ltr'>consilium</span> <span class='ocrx_word' id='word_1_133' title='bbox 1089 2085 1367 2138; x_wconf 89' lang='lat' dir='ltr'>habuisse:</span> <span class='ocrx_word' id='word_1_134' title='bbox 1409 2084 1501 2137; x_wconf 89' lang='lat' dir='ltr'>sed</span> <span class='ocrx_word' id='word_1_135' title='bbox 1541 2084 1593 2137; x_wconf 88' lang='lat' dir='ltr'>id</span> <span class='ocrx_word' id='word_1_136' title='bbox 1624 2086 1736 2138; x_wconf 83' lang='lat' dir='ltr'>exi-</span> 
     </span>
     <span class='ocr_line' id='line_1_23' title="bbox 291 2169 1734 2241; baseline 0 -19"><span class='ocrx_word' id='word_1_137' title='bbox 291 2178 409 2222; x_wconf 88' lang='lat' dir='ltr'>tum</span> <span class='ocrx_word' id='word_1_138' title='bbox 457 2186 566 2221; x_wconf 88' lang='lat' dir='ltr'>non</span> <span class='ocrx_word' id='word_1_139' title='bbox 610 2169 818 2223; x_wconf 85' lang='lat' dir='ltr'>habuit.</span> <span class='ocrx_word' id='word_1_140' title='bbox 898 2169 1110 2222; x_wconf 89' lang='lat' dir='ltr'>Primus</span> <span class='ocrx_word' id='word_1_141' title='bbox 1158 2169 1320 2240; x_wconf 85' lang='lat' dir='ltr'>igitur</span> <span class='ocrx_word' id='word_1_142' title='bbox 1362 2169 1577 2241; x_wconf 83' lang='lat' dir='ltr'>proprie</span> <span class='ocrx_word' id='word_1_143' title='bbox 1619 2188 1734 2222; x_wconf 89' lang='lat' dir='ltr'>om-</span> 
     </span>
     <span class='ocr_line' id='line_1_24' title="bbox 289 2252 1734 2325; baseline 0.002 -20"><span class='ocrx_word' id='word_1_144' title='bbox 289 2254 440 2306; x_wconf 89' lang='lat' dir='ltr'>nium</span> <span class='ocrx_word' id='word_1_145' title='bbox 472 2252 683 2325; x_wconf 89' lang='lat' dir='ltr'>Corpus</span> <span class='ocrx_word' id='word_1_146' title='bbox 711 2253 840 2306; x_wconf 89' lang='lat' dir='ltr'>fecit</span> <span class='ocrx_word' id='word_1_147' title='bbox 867 2262 922 2308; x_wconf 89' lang='lat' dir='ltr'>et</span> <span class='ocrx_word' id='word_1_148' title='bbox 959 2262 1197 2324; x_wconf 87' lang='lat' dir='ltr'>quatuor</span> <span class='ocrx_word' id='word_1_149' title='bbox 1223 2254 1591 2308; x_wconf 84' lang='lat' dir='ltr'>voluminibus</span> <span class='ocrx_word' id='word_1_150' title='bbox 1618 2271 1734 2308; x_wconf 84' lang='lat' dir='ltr'>ma-</span> 
     </span>
     <span class='ocr_line' id='line_1_25' title="bbox 290 2337 1733 2401; baseline 0.001 -11"><span class='ocrx_word' id='word_1_151' title='bbox 290 2338 450 2390; x_wconf 60' lang='lat' dir='ltr'>ximat</span> <span class='ocrx_word' id='word_1_152' title='bbox 479 2338 664 2392; x_wconf 80' lang='lat' dir='ltr'>formae</span> <span class='ocrx_word' id='word_1_153' title='bbox 695 2337 922 2391; x_wconf 90' lang='lat' dir='ltr'>Mediol.</span> <span class='ocrx_word' id='word_1_154' title='bbox 949 2343 1106 2400; x_wconf 78' lang='lat'>1498.</span> <span class='ocrx_word' id='word_1_155' title='bbox 1136 2345 1290 2401; x_wconf 82' lang='lat'>1499.</span> <span class='ocrx_word' id='word_1_156' title='bbox 1311 2339 1483 2392; x_wconf 90' lang='lat' dir='ltr'>edidit</span> <span class='ocrx_word' id='word_1_157' title='bbox 1501 2340 1733 2392; x_wconf 69' lang='lat' dir='ltr'>Alexan-</span> 
     </span>
     <span class='ocr_line' id='line_1_26' title="bbox 290 2421 1731 2493; baseline 0.003 -19"><span class='ocrx_word' id='word_1_158' title='bbox 290 2424 383 2474; x_wconf 83' lang='lat' dir='ltr'>der</span> <span class='ocrx_word' id='word_1_159' title='bbox 423 2422 785 2486; x_wconf 77' lang='lat' dir='ltr'>Minucianus,</span> <span class='ocrx_word' id='word_1_160' title='bbox 826 2423 924 2493; x_wconf 92' lang='lat' dir='ltr'>qui</span> <span class='ocrx_word' id='word_1_161' title='bbox 971 2421 1276 2476; x_wconf 84' lang='lat' dir='ltr'>Mediolani</span> <span class='ocrx_word' id='word_1_162' title='bbox 1321 2423 1501 2477; x_wconf 86' lang='lat' dir='ltr'>literas</span> <span class='ocrx_word' id='word_1_163' title='bbox 1535 2424 1731 2478; x_wconf 83' lang='lat' dir='ltr'>latinas</span> 
     </span>
     <span class='ocr_line' id='line_1_27' title="bbox 260 2501 1730 2580; baseline 0.001 -22"><span class='ocrx_word' id='word_1_164' title='bbox 260 2501 263 2505; x_wconf 74' lang='grc'><strong>’</strong></span> <span class='ocrx_word' id='word_1_165' title='bbox 291 2506 544 2570; x_wconf 77' lang='lat' dir='ltr'>docebat,</span> <span class='ocrx_word' id='word_1_166' title='bbox 566 2507 827 2578; x_wconf 86' lang='lat' dir='ltr'>idemque</span> <span class='ocrx_word' id='word_1_167' title='bbox 853 2507 1128 2560; x_wconf 84' lang='lat' dir='ltr'>officinam</span> <span class='ocrx_word' id='word_1_168' title='bbox 1152 2507 1609 2580; x_wconf 84' lang='lat' dir='ltr'>typographicam</span> <span class='ocrx_word' id='word_1_169' title='bbox 1636 2507 1730 2560; x_wconf 86' lang='lat' dir='ltr'>ha-</span> 
     </span>
     <span class='ocr_line' id='line_1_28' title="bbox 292 2591 1730 2664; baseline 0.002 -21"><span class='ocrx_word' id='word_1_170' title='bbox 292 2591 474 2654; x_wconf 82' lang='lat' dir='ltr'>bebat,</span> <span class='ocrx_word' id='word_1_171' title='bbox 503 2591 650 2644; x_wconf 89' lang='lat' dir='ltr'>unde</span> <span class='ocrx_word' id='word_1_172' title='bbox 690 2592 847 2645; x_wconf 85' lang='lat' dir='ltr'>multi</span> <span class='ocrx_word' id='word_1_173' title='bbox 886 2600 1132 2646; x_wconf 83' lang='lat' dir='ltr'>veterum</span> <span class='ocrx_word' id='word_1_174' title='bbox 1170 2593 1461 2646; x_wconf 83' lang='lat' dir='ltr'>latinorum</span> <span class='ocrx_word' id='word_1_175' title='bbox 1501 2593 1730 2664; x_wconf 87' lang='lat' dir='ltr'>scripto-</span> 
     </span>
     <span class='ocr_line' id='line_1_29' title="bbox 290 2665 1730 2751; baseline 0.002 -25"><span class='ocrx_word' id='word_1_176' title='bbox 290 2694 409 2729; x_wconf 86' lang='lat' dir='ltr'>rum</span> <span class='ocrx_word' id='word_1_177' title='bbox 449 2665 582 2728; x_wconf 72' lang='lat' dir='ltr'>libri]</span> <span class='ocrx_word' id='word_1_178' title='bbox 611 2676 874 2747; x_wconf 89' lang='lat' dir='ltr'>prodiere.</span> <span class='ocrx_word' id='word_1_179' title='bbox 922 2677 993 2732; x_wconf 91' lang='lat' dir='ltr'>de</span> <span class='ocrx_word' id='word_1_180' title='bbox 1034 2695 1119 2740; x_wconf 88' lang='lat' dir='ltr'>e0‚</span> <span class='ocrx_word' id='word_1_181' title='bbox 1170 2679 1400 2751; x_wconf 67' lang='lat' dir='ltr'>ejusque</span> <span class='ocrx_word' id='word_1_182' title='bbox 1461 2677 1608 2731; x_wconf 89' lang='lat' dir='ltr'>libris</span> <span class='ocrx_word' id='word_1_183' title='bbox 1652 2677 1730 2731; x_wconf 83' lang='lat' dir='ltr'>vi-</span> 
     </span>
     <span class='ocr_line' id='line_1_30' title="bbox 288 2759 1726 2835; baseline 0.003 -24"><span class='ocrx_word' id='word_1_184' title='bbox 288 2759 500 2815; x_wconf 89' lang='lat' dir='ltr'>dendus</span> <span class='ocrx_word' id='word_1_185' title='bbox 554 2759 744 2814; x_wconf 60' lang='lat' dir='ltr'>Samus</span> <span class='ocrx_word' id='word_1_186' title='bbox 803 2761 858 2815; x_wconf 84' lang='lat' dir='ltr'>in</span> <span class='ocrx_word' id='word_1_187' title='bbox 901 2760 1058 2815; x_wconf 84' lang='lat' dir='ltr'>&#39;Hist.</span> <span class='ocrx_word' id='word_1_188' title='bbox 1114 2770 1328 2835; x_wconf 84' lang='lat' dir='ltr'>typogr.</span> <span class='ocrx_word' id='word_1_189' title='bbox 1387 2762 1615 2818; x_wconf 77' lang='lat' dir='ltr'>Medi-01.</span> <span class='ocrx_word' id='word_1_190' title='bbox 1670 2779 1726 2834; x_wconf 83' lang='lat' dir='ltr'>p.</span> 
     </span>
     <span class='ocr_line' id='line_1_31' title="bbox 288 2845 1726 2921; baseline 0.003 -25"><span class='ocrx_word' id='word_1_191' title='bbox 288 2845 526 2900; x_wconf 81' lang='lat' dir='ltr'>ccccxvi.</span> <span class='ocrx_word' id='word_1_192' title='bbox 579 2854 634 2898; x_wconf 85' lang='lat' dir='ltr'>et</span> <span class='ocrx_word' id='word_1_193' title='bbox 685 2845 827 2899; x_wconf 85' lang='lat' dir='ltr'>dciv.</span> <span class='ocrx_word' id='word_1_194' title='bbox 921 2845 1028 2900; x_wconf 86' lang='lat' dir='ltr'>Sed</span> <span class='ocrx_word' id='word_1_195' title='bbox 1082 2847 1170 2902; x_wconf 91' lang='lat' dir='ltr'>ille</span> <span class='ocrx_word' id='word_1_196' title='bbox 1221 2858 1368 2921; x_wconf 85' lang='lat' dir='ltr'>sae&#39;pe</span> <span class='ocrx_word' id='word_1_197' title='bbox 1418 2846 1585 2901; x_wconf 88' lang='lat' dir='ltr'>modo</span> <span class='ocrx_word' id='word_1_198' title='bbox 1647 2864 1726 2900; x_wconf 89' lang='lat' dir='ltr'>re-</span> 
     </span>
    </p>
   </div>
  </div>
 </body>
</html>
