1945 3235
356 156 432 191 230
846 159 926 197 DE
962 159 1274 198 ORATORE

357 256 523 299 toribus
567 259 747 312 Graecis,
787 264 1058 319 cognitisque
1099 279 1243 305 eorum
1287 263 1453 314 litteris,
1491 263 1780 321 adhibitisque

357 314 621 377 doctoribus,
651 319 888 362 incredibili
909 322 1094 376 quodam
1118 323 1249 362 nostri
1274 321 1466 362 homines
1488 321 1656 363 dicendi
1687 333 1777 364 stu-

300 375 345 409 15
358 370 429 412 dlo
468 373 767 430 flagraverunt.
829 377 1060 419 Excitabat
1097 392 1169 419 eos
1209 378 1462 434 magnitudo
1503 387 1545 419 et
1583 379 1778 431 varietas,

354 428 671 487 multitudoque
693 433 735 474 in
759 435 873 475 omni
899 449 1053 490 genere
1082 450 1319 485 causarum,
1343 445 1388 475 ut
1418 435 1470 476 ad
1497 449 1589 476 eam
1620 435 1780 477 doctri-

351 499 466 537 nam,
488 504 615 543 quam
638 505 714 531 suo
735 491 914 546 quisque
936 492 1076 533 studio
1095 503 1311 533 assecutus
1330 501 1453 542 esset,
1476 492 1780 548 adjungeretur

350 557 450 585 usus
478 544 688 600 hequem,
711 549 782 602 qui
806 549 997 589 omnium
1030 551 1327 606 magistrorum
1361 560 1577 605 praecepta
1607 564 1779 606 super&

350 610 427 641 ret.
475 601 624 649 ,Erant
646 614 788 645 autem
819 605 917 646 huic
947 607 1088 647 studio
1123 607 1437 662 maxima‚quae
1472 621 1583 651 nunc
1603 620 1777 662 quoque

349 666 463 708 sunt,
494 660 690 714 exposita
723 663 910 716 praemia,
936 662 999 703 vei
1030 663 1081 703 ad
1108 664 1305 718 gratiam,
1329 664 1392 705 vel
1414 663 1466 704 ad
1490 677 1609 719 opes,
1634 664 1697 705 vel
1719 663 1774 706 ad

349 715 619 771 dignitatem.
681 716 861 774 Ingenia
884 734 981 760 vero
1003 725 1071 772 (ut
1099 720 1243 761 multis
1275 722 1398 761 rebus
1422 720 1780 776 possumusjudi-

350 774 464 822 carc)
507 785 746 815 nostrorum
787 775 1009 817 hominum
1051 777 1229 818 multum
1265 779 1444 818 9ceteris
1491 777 1781 831 [hominibus]

290 843 338 877 16
351 830 540 892 omni-uin
581 833 774 886 gentium
817 834 1120 888 praestiterunt.
1182 834 1351 881 Quibus
1392 835 1443 875 de
1484 835 1637 885 causis,
1678 835 1775 890 quis

347 901 434 950 non
457 902 556 941 jure
580 889 769 938 miretur,
805 904 856 930 ex
892 891 1007 931 omni
1053 893 1255 931 memoria
1294 901 1485 942 aetatum,
1519 903 1775 947 temporum,

346 955 586 995 eiulatum,
612 956 696 986 tam
718 947 922 998 exiguum
949 958 1164 988 oratorum
1188 963 1409 989 numerum
1434 949 1644 991 inveniri?

405 1001 487 1042 Sed
512 1002 710 1043 nimirum
734 1000 870 1059 majus
893 1014 954 1044 est
980 1006 1059 1045 hoc
1082 1005 1299 1059 quiddam,
1317 1020 1444 1060 quam
1470 1005 1661 1047 homines
1683 1005 1776 1062 opi-

300 1063 516 1112 5nantur,
540 1071 583 1100 et
605 1060 796 1116 pluribus
817 1075 871 1102 ex
903 1062 1064 1102 artibus
1096 1062 1331 1116 studiisque
1362 1063 1602 1104 collectum.
1664 1063 1774 1110 Quis

344 1117 458 1157 enim
481 1118 609 1168 aliud,
633 1119 675 1158 in
705 1132 894 1159 maxima
914 1119 1168 1160 discentium
1193 1119 1479 1169 multitudine,
1499 1134 1665 1161 summa
1684 1134 1774 1160 ma-

342 1175 572 1230 gistrorum
594 1175 732 1230 copia,
758 1176 1118 1230 praestantissimis
1143 1176 1362 1217 hominum
1386 1176 1582 1232 ingeniis,
1607 1176 1775 1218 infinita

341 1246 565 1273 causarum
589 1233 805 1282 varietate,
832 1233 1103 1289 amplissimis
1126 1233 1381 1288 eloquentiae
1415 1234 1644 1289 propositis
1665 1247 1774 1290 prae-

341 1289 454 1338 miis,
473 1304 563 1330 esse
581 1304 719 1330 causae
739 1299 872 1344 putet,
893 1290 970 1330 nisi
996 1291 1051 1330 rei
1066 1291 1277 1345 quandam
1299 1290 1591 1332 incredibilem
1607 1290 1772 1346 magni·

282 1358 327 1397 17
344 1346 550 1395 tudinem,
572 1362 621 1388 ac
644 1347 968 1388 difficultatem?
1004 1346 1078 1388 Est
1099 1350 1209 1388 enim
1229 1357 1272 1388 et
1291 1348 1470 1388 scientia
1490 1352 1772 1404 comprehen-

338 1403 478 1444 denda
516 1418 653 1444 rerum
691 1404 983 1459 plurimarum,
1014 1405 1102 1445 sine
1144 1420 1228 1459 qua
1262 1406 1486 1446 verborum
1529 1405 1773 1447 volubilitas

337 1460 490 1511 inanis,
513 1471 641 1516 atque
663 1461 875 1502 irridenda
895 1472 956 1502 est
973 1478 982 1502 ε
1015 1473 1055 1502 et
1080 1462 1171 1516 ipsa
1188 1462 1324 1502 oratio
1342 1461 1664 1513 conformanda,
1683 1476 1769 1503 non

337 1518 472 1559 solum
513 1518 735 1567 electione,
781 1519 852 1560 sed
895 1519 1022 1559 etiam
1066 1519 1385 1560 constructione
1422 1519 1674 1560 verborum:
1726 1527 1770 1560 et

336 1590 484 1616 omnes
515 1576 755 1616 animorum
787 1585 943 1626 motus,
965 1590 1071 1630 quos
1105 1576 1324 1616 hominum
1357 1576 1502 1631 generi
1525 1590 1663 1617 rerum
1697 1590 1770 1617 na-

292 1644 324 1676 b.
339 1642 432 1673 tura
451 1633 616 1681 tribuit,
640 1634 808 1688 penitus
833 1633 1137 1689 pernoscendi3
1167 1633 1282 1688 quod
1313 1633 1453 1673 omnis
1485 1634 1546 1674 vis
1578 1632 1772 1688 ratioque

335 1690 520 1739 dicendi,
543 1691 584 1731 in
620 1704 781 1739 eorum,
804 1690 876 1745 qui
908 1690 1101 1739 audiunt,
1124 1691 1339 1730 mentibus
1369 1700 1441 1730 aut
1464 1690 1674 1740 sedandis,
1696 1697 1772 1731 aut

334 1747 575 1788 excitandis
607 1748 899 1802 expromenda
930 1758 1007 1787 est.
1083 1746 1275 1788 Accedat
1304 1747 1453 1788 eodem
1497 1757 1669 1803 oportet
1708 1747 1768 1788 le-

333 1819 412 1860 pos
435 1805 607 1860 quidam
638 1803 907 1859 facetiaeque,
931 1816 974 1844 et
1006 1804 1189 1844 eruditio
1221 1804 1354 1844 libero
1385 1804 1531 1860 digna,
1553 1803 1768 1846 celeritas-

334 1876 417 1916 que
447 1873 490 1902 et
523 1861 705 1903 brevitas
735 1870 778 1902 et
803 1861 1085 1917 respondendi
1119 1871 1162 1902 et
1191 1861 1438 1913 lacessendi,
1469 1861 1615 1902 subtili
1638 1875 1769 1902 venu-

277 1929 322 1964 18
336 1928 444 1959 state
480 1929 608 1973 atque
638 1919 879 1959 urbanitate
909 1918 1155 1972 conjuncta.
1215 1917 1418 1959 Tenenda
1457 1927 1662 1975 praeterea
1702 1927 1767 1959 est

333 1977 472 2016 omnis
511 1976 743 2031 antiquitas
779 1975 1160 2031 exemplorumque
1195 1976 1278 2017 vis:
1321 1989 1457 2030 neque
1498 1975 1657 2031 legum,
1693 1984 1769 2016 aut

323 2033 436 2087 juris
459 2034 595 2074 civilis
615 2033 794 2073 scientia
810 2033 1066 2089 negligenda
1088 2042 1165 2073 est.
1210 2033 1321 2073 Nam
1341 2032 1440 2087 quid
1462 2047 1544 2088 ego
1557 2033 1610 2073 de
1631 2032 1767 2073 actio-

331 2104 384 2130 ne
405 2091 496 2145 ipsa
522 2094 556 2121 ¹0
572 2090 690 2145 plura
709 2089 846 2130 dicam
865 2092 878 2131 ζ’
910 2105 1005 2145 quae
1029 2098 1147 2129 motu
1171 2089 1377 2145 corporis,
1400 2104 1495 2144 quae
1513 2099 1766 2145 gestu,quae

330 2147 466 2196 vultu,
502 2161 597 2202 quae
639 2147 755 2187 vocis
794 2145 1137 2187 conformatione
1169 2161 1219 2187 ac
1260 2146 1464 2186 varietate
1506 2146 1766 2187 moderanda

329 2213 418 2245 est:
451 2219 547 2259 qnae
572 2203 660 2243 sola
682 2217 756 2258 per
779 2218 821 2243 se
844 2203 936 2258 ipsa
957 2213 1117 2258 quanta
1136 2202 1203 2253 sit,
1228 2202 1483 2243 histrionum
1506 2203 1611 2243 levis
1633 2217 1699 2243 ars
1720 2212 1766 2244 et

330 2275 456 2302 scena
478 2260 688 2301 declarat:
723 2261 764 2300 in
788 2275 873 2314 qua
893 2275 991 2301 cum
1012 2274 1158 2301 omnes
1182 2260 1223 2300 in
1247 2260 1347 2309 oris,
1369 2270 1412 2301 et
1447 2260 1576 2310 vocis,
1595 2269 1640 2301 et
1670 2274 1765 2300 mo-

326 2327 396 2359 tus
436 2317 727 2358 moderatione
760 2317 994 2367 elaborent,
1018 2317 1112 2372 quis
1147 2319 1332 2372 ignorat,
1363 2331 1490 2371 quam
1516 2317 1638 2373 pauci
1663 2317 1763 2367 sint,

325 2374 586 2430 fuerintque,
609 2389 714 2429 quos
747 2374 889 2414 animo
921 2389 1046 2429 aequo
1077 2385 1269 2430 spectare
1292 2375 1527 2429 possimus?
1559 2373 1676 2420 Quid
1699 2373 1765 2414 di-

325 2446 418 2472 cam
443 2432 495 2472 de
520 2431 718 2472 thesauro
743 2445 878 2472 rerum
903 2432 1110 2482 omnium,
1133 2431 1351 2479 memoria,
1375 2445 1469 2485 quae
1504 2430 1582 2470 nisi
1615 2440 1761 2471 custos

325 2488 511 2529 inventis
545 2489 832 2543 cogitatisque
874 2489 999 2528 rebus
1037 2498 1079 2529 et.
1123 2488 1262 2528 verbis
1306 2488 1573 2537 adhibeatur,
1607 2487 1764 2528 intelli-

325 2546 483 2601 gimus,
505 2546 664 2596 omnia,
685 2546 816 2586 etiam
847 2545 880 2586 si
912 2545 1238 2601 praeclarissima
1270 2547 1303 2574 ll
1320 2543 1479 2584 fuerint
1501 2544 1552 2584 inv
1575 2554 1759 2595 oratore,

363 2705 384 2735 9
433 2700 552 2731 Ceteris
591 2700 796 2741 hominibus]
844 2701 1018 2731 Manifeste
1108 2704 1159 2731 10-
1170 2701 1282 2732 Plura
1307 2700 1442 2740 dicam]
1470 2701 1490 2730 i.
1503 2710 1532 2730 e.
1555 2702 1672 2731 multa.
1697 2700 1762 2731 Sed

319 2743 466 2784 spui-iuni
493 2748 542 2773 est
571 2744 760 2779 hominihus,
789 2745 897 2781 itaque
926 2743 1017 2773 uncis
1060 2743 1093 2773 id
1109 2753 1175 2773 non
1190 2749 1239 2773 est
1255 2744 1421 2774 Ciceronis
1433 2748 1467 2772 et
1480 2742 1624 2773 melioris
1637 2742 1756 2773 aetatis.

319 2785 447 2815 inclusi.
476 2786 589 2814 celeris
613 2785 716 2815 intell.
733 2785 882 2824 ingeniis.
905 2785 1015 2825 Oppo-
1058 2785 1174 2824 Itaque
1188 2785 1468 2825 spuriuinjudiw.

318 2835 445 2857 nuntur
455 2827 585 2865 ingenia
598 2826 821 2857 Romanorum
831 2834 863 2856 ct
874 2827 1013 2857 aliarum
1103 2830 1136 2857 ΙΙ
1156 2826 1294 2858 Fuerint
1306 2828 1492 2862 irc-oratore,
1503 2825 1684 2866 peritura]
1702 2825 1759 2856 Sie

317 2869 478 2907 gentium.
507 2869 585 2898 Mox
600 2868 664 2899 Ms.
675 2869 713 2899 E.
725 2869 823 2900 habet
837 2869 903 2900 Sed
913 2871 1012 2908 enim,
1055 2868 1368 2910 interpungendum,
1384 2878 1450 2900 non
1466 2869 1500 2899 in
1511 2873 1639 2900 oratore
1646 2868 1749 2909 perit,

316 2921 375 2950 pro
391 2911 427 2941 S.
443 2911 611 2941 nimirum.
