1945 3235
410 131 482 181 13‘0
859 139 939 178 m:
971 139 1351 178 INVENTIONE

409 244 487 295 tio,
517 244 802 294 confirmatio,
840 243 1125 299 reprehensio,
1164 242 1397 285 conclusio.
1461 242 1588 285 Nunc
1625 242 1830 299 quoniam

408 301 633 342 exordium
656 301 852 357 princeps
873 300 1065 341 omnium
1087 315 1177 341 esse
1194 300 1335 350 debet,
1356 314 1430 340 nos
1453 314 1622 355 quoque
1643 300 1828 357 primum

419 360 451 388 ²⁴
468 358 508 398 in
532 358 737 400 rationem
759 357 1008 399 exordiendi
1032 366 1247 413 praecepta
1267 357 1478 397 dabimus.

335 414 401 463 15
472 413 706 456 Exordium
729 425 793 455 est
814 415 949 455 oratio
968 414 1157 455 animum
1179 414 1384 455 auditoris
1406 414 1557 454 idonee
1577 426 1828 469 comparans

350 471 465 520 20ad
506 471 709 527 reliquam
739 471 993 512 dictionem:
1031 470 1146 527 quod
1168 470 1349 520 eveniet,
1380 470 1414 510 si
1443 484 1541 511 eum
1570 469 1830 522 benivolum,

411 537 638 578 attentum,
657 528 838 569 docilem
862 526 1023 568 fecerit.
1056 542 1185 583 quare
1207 528 1279 582 qui
1304 528 1410 567 bene
1441 526 1628 568 exordiri
1655 541 1826 568 causam

411 585 540 636 volet,
559 600 654 626 eum
679 599 847 625 necesse
868 592 932 625 est
953 598 1087 641 genus
1110 599 1196 625 suae
1219 599 1358 625 causae
1381 583 1609 640 diligenter
1633 593 1732 625 ante
1754 598 1828 625 co-

410 655 630 698 gnoscere.
673 642 843 682 Genera
859 655 1078 682 causarum
1103 650 1202 682 sunt
1223 641 1425 696 quinque,
1441 641 1680 692 honestum,
1693 640 1829 682 admi-

410 699 555 745 rabile,
578 697 751 749 humile,
774 712 943 754 anceps,
965 698 1208 739 obscurum.
1270 697 1513 739 Honestum
1536 712 1675 739 causae
1694 711 1829 754 genus

409 766 488 804 est,
510 755 578 795 cui
603 755 745 795 statim
769 755 858 796 sine
887 754 1080 795 oratione
1109 764 1254 795 nostra
1276 755 1481 796 auditoris
1504 754 1619 795 favet
1639 755 1828 796 animus:

409 812 671 863 admirabile,
693 827 718 852 a
739 827 823 867 quo
853 811 1058 852 alienatus
1080 820 1143 851 est
1165 812 1330 852 animus
1356 826 1517 862 eorum,
1539 811 1611 867 qui
1642 811 1828 852 audituri

410 878 529 909 sunt:
554 869 727 918 humile,
757 868 871 923 quod
902 868 1136 923 negligitur
1157 868 1210 908 ab
1241 869 1448 919 auditore,
1469 878 1513 909 et
1540 883 1624 909 non
1648 882 1828 925 magno-

409 938 508 979 pere
525 925 830 966 attendendum
853 924 1040 965 videtur:
1064 939 1233 980 ancepS,
1256 925 1298 964 in
1320 940 1406 980 quo
1428 934 1500 966 aut
1515 924 1728 980 judicatio
1750 924 1829 966 du—

411 981 481 1022 bia
501 993 586 1033 est3
620 991 693 1023 aut
714 996 854 1032 causa,
877 991 920 1022 et
940 980 1191 1031 honestatis,
1225 990 1268 1021 et
1295 982 1571 1037 turpitudinis
1602 983 1828 1038 particeps,

408 1048 456 1078 ut
485 1048 528 1080 et
561 1038 892 1079 benivolentiam
923 1037 1074 1093 pariat,
1103 1047 1146 1078 et
1174 1037 1478 1080 offensionem:
1509 1039 1754 1092 obscurum,
1783 1039 1827 1080 in

407 1109 492 1150 quo
515 1105 589 1136 aut
622 1095 729 1136 tardi
760 1095 973 1137 auditores
1002 1104 1115 1145 sunt,
1145 1103 1220 1135 aut
1247 1094 1559 1136 difficilioribus
1591 1096 1643 1137 ad
1664 1110 1827 1152 cogno-

408 1153 611 1194 scendum
641 1153 826 1210 negotiis
856 1166 984 1194 eausa
1011 1155 1051 1183 45
1066 1151 1275 1207 implicita
1303 1160 1381 1192 est.
1452 1151 1596 1198 Quare
1624 1153 1826 1208 quoniam

409 1217 496 1250 tam
525 1210 691 1252 diversa
712 1218 811 1250 sunt
828 1224 984 1266 genera
1009 1222 1246 1259 causarum,
1264 1209 1451 1250 exordiri
1473 1223 1644 1264 quoque
1669 1209 1826 1266 dispari

408 1266 571 1309 ratione
595 1267 635 1308 in
659 1280 917 1322 unoquoque
939 1279 1093 1322 genere
1111 1279 1281 1306 necesse
1302 1275 1380 1306 est.
1441 1265 1582 1322 Igitur
1601 1266 1828 1307 exordium

408 1323 450 1363 in
481 1324 584 1364 duas
617 1333 756 1380 partes
787 1323 1005 1372 dividitur,
1038 1322 1078 1363 in
1112 1322 1368 1378 principium
1400 1332 1444 1364 et
1482 1323 1826 1365 insinuationem.

408 1378 675 1436 Principium
693 1394 757 1422 est
774 1380 925 1431 oratio,
946 1379 1166 1436 perspicue
1184 1388 1226 1420 et
1246 1380 1439 1435 protinus
1458 1379 1735 1436 &perficiens
1753 1396 1828 1422 au-

405 1436 589 1479 ditorem
609 1438 869 1488 benivolum,
892 1447 966 1478 aut
986 1436 1184 1487 docilem,
1206 1447 1280 1477 aut
1301 1446 1528 1477 attentum.
1588 1437 1828 1480 Insinuatio

407 1504 472 1534 est
501 1495 639 1536 oratio
669 1495 851 1550 quadam
881 1493 1218 1535 dissimulatione
1246 1502 1290 1534 et
1316 1494 1621 1536 47circuitione
1648 1496 1829 1537 obscure

410 1552 580 1592 subiens
602 1552 806 1592 auditoris
825 1551 1029 1592 animum.

468 1607 519 1649 In
541 1608 779 1650 admirabili
802 1622 955 1664 genere
984 1622 1139 1658 eausae,
1162 1608 1196 1649 si
1218 1622 1304 1649 non
1333 1608 1509 1650 omnino
1540 1608 1684 1650 infesti
1706 1609 1828 1651 audi-

411 1673 521 1706 tores
542 1675 679 1717 erunt,
699 1666 911 1722 principio
935 1664 1265 1706 benivolentiam
1295 1679 1542 1721 comparare
1570 1665 1731 1708 licebit.
1761 1667 1826 1708 sin

405 1732 531 1764 erunt
553 1722 823 1764 vehementer
844 1721 1086 1772 abalienati,
1114 1721 1348 1777 confugere
1377 1736 1547 1763 necesse
1570 1723 1651 1764 erit
1682 1724 1736 1765 ad
1763 1724 1828 1765 in-

405 1779 706 1821 sinuationem.
729 1794 827 1820 nam
850 1779 904 1820 ab
927 1778 1043 1819 iratis
1068 1778 1102 1818 si
1125 1779 1347 1834 perspicue
1366 1793 1450 1834 pax
1472 1787 1516 1820 et
1538 1780 1828 1822 benivolentia

404 1836 590 1899 petitur3
623 1851 708 1878 non
739 1837 868 1877 modo
893 1850 944 1877 ea
971 1849 1057 1876 non
1081 1835 1309 1886 invenitur,
1335 1838 1376 1867 48
1389 1836 1462 1877 sed
1491 1846 1673 1893 augetur
1699 1847 1829 1894 atque

404 1893 694 1934 inflammatur
714 1893 875 1934 odium.
936 1891 984 1933 In
1010 1891 1326 1933 humiliantem
1356 1906 1510 1948 genere
1538 1908 1694 1946 causae,
1723 1909 1827 1937 con·

404 1950 624 1991 temtionis
647 1951 844 1992 tollendae
867 1964 1008 2000 causa,
1031 1963 1201 1990 necesse
1219 1949 1300 1990 erit
1321 1959 1532 1992 attentum
1554 1951 1723 1993 efficere
1752 1967 1826 1993 au-

403 2006 601 2048 ditorem.
658 2007 830 2062 Anceps
849 2022 983 2063 genus
1002 2020 1156 2056 causae,
1176 2006 1208 2047 si
1231 2006 1732 2062 dubiamjudicationem
1751 2008 1826 2050 ha-

407 2063 538 2114 bebit,
561 2065 615 2105 ab
638 2063 1015 2119 ipsajudicatione
1037 2062 1346 2103 exordiendum
1368 2074 1446 2104 est.
1469 2065 1534 2105 sin
1564 2072 1707 2105 autem
1758 2077 1826 2106 ar-

405 2129 490 2160 tem
521 2120 798 2176 turpitudinis
830 2129 873 2161 et
906 2129 1070 2176 partem
1099 2118 1334 2160 honestatis
1364 2120 1555 2173 habebit,
1580 2121 1733 2163 benivo
1751 2136 1824 2163 en-

347 1615 395 1650 21

1139 2269 1283 2300 Obscura
1297 2271 1435 2302 refertur
1443 2273 1483 2303 ad
1491 2271 1780 2310 dissimulationem
1792 2283 1826 2308 et

1135 2312 1372 2343 circuitionem.
1421 2314 1560 2346 obscure
1579 2317 1687 2347 subire
1706 2323 1756 2348 est
1776 2323 1825 2350 te-

443 2272 485 2302 44
505 2271 547 2301 ln
561 2272 719 2302 rationem
739 2271 948 2310 exordiendi]
975 2271 1037 2300 Pro
1057 2270 1092 2300 in

403 2313 538 2349 ratione,
559 2317 597 2343 ut
618 2313 681 2344 Ms.
706 2314 806 2343 Gron.
831 2319 866 2344 et
888 2314 975 2344 Cass.
998 2313 1092 2351 idque

403 2354 548 2385 latinitas
557 2360 591 2385 et
600 2355 799 2386 consuetudo
816 2355 980 2385 Ciceronis
989 2355 1022 2384 in
1033 2354 1092 2384 hac

401 2397 508 2427 forma
523 2398 667 2435 requirit,
685 2403 724 2428 ut
737 2408 765 2428 c.
779 2402 809 2431 9.
831 2399 876 2427 1⁶2.
899 2398 944 2428 Et
957 2402 1093 2427 notatur

402 2437 472 2469 baec
481 2438 578 2469 lectio
582 2439 654 2478 jam
664 2441 697 2470 in
707 2440 853 2479 margine
866 2439 1093 2470 Lambinianae

401 2481 563 2511 secundae.

444 2525 484 2553 45
514 2523 680 2562 Implicita
708 2523 777 2562 ese]
818 2523 993 2563 Implicata
1027 2522 1091 2553 Ms.

403 2564 487 2594 Oud.
497 2572 531 2594 et
541 2566 629 2595 Cass.
655 2566 708 2596 Sic
721 2570 755 2596 et
772 2566 968 2596 Victorinus.
992 2564 1092 2604 quue

402 2605 542 2636 libenter
557 2608 767 2646 praetulerim.

443 2648 484 2678 46
502 2647 681 2688 Perficiens
701 2649 903 2687 benivolum]
928 2650 979 2679 An
995 2649 1093 2690 qffi'ci-

401 2699 467 2726 σω,
483 2695 521 2720 ut
542 2690 634 2720 alibi:
650 2700 726 2720 nam
742 2692 899 2731 perficere
921 2690 981 2721 hoc
996 2691 1093 2722 modo

400 2741 466 2764 non
481 2741 614 2762 memim
630 2741 682 2762 me
696 2733 844 2772 reperire.

440 2777 479 2807 47
496 2774 688 2813 circuitione
697 2773 849 2813 obscura]
869 2773 947 2804 Mss.
961 2774 1090 2813 quidam

1136 2357 1188 2383 cte
1200 2359 1234 2384 et
1254 2363 1320 2385 non
1335 2356 1615 2389 animadvertente
1633 2359 1737 2390 altero
1751 2361 1826 2391 sub-

1135 2396 1193 2432 ire,
1216 2397 1302 2435 quod
1324 2398 1364 2428 fit
1383 2398 1617 2430 dissimulando
1630 2405 1665 2431 et
1686 2402 1825 2434 circum-

1134 2437 1251 2469 eundo.
1301 2439 1353 2471 Sic
1367 2440 1457 2481 Virg.
1473 2441 1549 2472 AEn.
1562 2441 1622 2479 Vl,
1637 2443 1708 2475 268.
1734 2445 1826 2476 ibam

1134 2481 1258 2511 obscuri
1273 2482 1329 2513 &c-
1373 2482 1498 2513 Contra
1510 2492 1586 2513 mox
1593 2487 1825 2527 perepicuepe-

1135 2527 1210 2553 tere.
1255 2523 1294 2554 ln
1315 2524 1505 2555 circuitione
1523 2526 1702 2558 obscuritas
1721 2539 1778 2569 per
1792 2538 1826 2560 se

1134 2563 1340 2605 intelligitur.
1707 2581 1710 2584 ⁴

1175 2609 1215 2637 48
1229 2608 1296 2637 Sed
1305 2613 1448 2647 augetur
1459 2614 1489 2640 et
1502 2610 1587 2652 inst]
1613 2611 1746 2642 (ἔτεκε
1759 2611 1822 2644 Ms.

1135 2648 1204 2679 Erf.
1218 2649 1319 2687 dedit,
1331 2651 1448 2681 sedira
1456 2657 1600 2690 augetur
1610 2657 1641 2684 et
1648 2654 1721 2695 infl.
1743 2654 1823 2685 Mss.

1135 2691 1266 2730 quidam
1282 2697 1316 2723 et
1330 2693 1401 2723 edd.
1418 2698 1539 2724 veteres
1561 2695 1686 2727 addunt
1698 2698 1821 2736 polius,

1134 2742 1200 2763 non
1222 2733 1334 2764 eodem
1351 2734 1432 2765 loco.
1446 2745 1485 2766 ea
1497 2740 1547 2766 est
1560 2736 1677 2776 glossa.
1692 2747 1769 2768 nam
1782 2739 1822 2769 il·

1133 2773 1190 2805 lud
1208 2784 1271 2805 non
1286 2776 1375 2807 modo
1388 2786 1463 2814 non,
1483 2779 1539 2809 sed
1549 2779 1619 2810 sine
1637 2781 1748 2816 etiam,
1763 2786 1822 2810 aut

398 2815 545 2851 chamere,
568 2815 652 2853 quod
683 2817 803 2855 re‹·epit
834 2816 992 2852 Graevius,
1018 2827 1090 2856 pro·
1127 2818 1248 2856 potius,
1268 2826 1335 2848 non
1350 2828 1422 2849 raro
1435 2825 1557 2850 veteres
1575 2820 1696 2858 dixere,
1710 2827 1749 2852 ut
1762 2821 1822 2852 du-

396 2857 496 2889 hante
517 2856 758 2898 Oudendorpio.
781 2857 865 2889 Mihi
887 2867 953 2888 non
973 2857 1089 2898 placet.

1132 2858 1210 2890 dum
1224 2864 1376 2891 notatum
1387 2865 1437 2892 est
1448 2871 1468 2893 a
1479 2863 1555 2893 viris
1567 2863 1681 2894 doctis.
