1945 3235
554 149 739 188 MBER
769 141 1058 189 QUARTUS.
1467 153 1516 186 83

98 254 230 295 miam
252 253 478 311 pertinere.
538 253 656 300 Quid
677 255 855 309 postea?
885 266 992 307 quos
1016 258 1240 306 tantopere
1258 252 1421 303 timeat,
1443 267 1516 293 eos

99 325 271 352 necesse
291 320 369 363 est,
392 321 453 363 ut,
474 325 646 366 quoquo
665 310 794 351 modo
816 309 966 365 possit,
986 307 1193 348 veneficio
1211 317 1344 363 petat.
1405 309 1518 350 Cur?

95 368 200 422 quia
219 369 334 410 nulla
355 377 495 424 potest
516 367 696 408 honesta
719 367 826 408 ratio
849 366 1032 406 retinere
1062 379 1170 415 eam,
1192 378 1322 418 quam
1352 366 1519 422 magni-

98 425 204 466 tudo
227 426 390 481 peccati
413 424 516 465 facit
538 424 747 475 timidam,
774 423 1105 479 intemperantia
1126 421 1345 471 audacem,
1368 433 1520 463 natura

97 482 316 524 muliebris
334 482 706 523 inconsideratam.
741 480 860 527 Quid
879 479 1075 520 veneficii
1095 479 1366 519 damnatam?
1386 479 1518 532 quid?

99 540 309 594 putabant
326 539 585 593 impudicam
605 552 775 594 quoque
793 537 1045 578 necessario.
1091 536 1262 582 Quare?
1284 534 1386 589 quia
1405 534 1520 575 nulla

99 594 265 637 facilius
295 596 346 636 ad
372 595 423 636 id
453 596 712 636 maleficium
733 609 877 645 causa,
910 609 1039 649 quam
1073 593 1208 648 turpis
1238 605 1358 633 amor
1379 600 1422 632 et
1454 592 1519 632 in—

100 660 337 708 temperans
375 652 510 693 libido
536 667 807 694 commovere
832 652 1000 708 potuit:
1019 654 1056 686 9ι
1073 650 1196 705 cujus
1218 648 1407 690 mulieris
1429 647 1519 689 ani-

96 723 191 750 mus
208 717 319 750 esset
347 718 586 765 corruthS,
613 710 705 765 ejus
738 724 893 765 corpus
923 716 1089 749 castum
1115 721 1204 748 esse
1226 721 1312 747 non
1343 714 1521 761 putave-

96 774 211 806 runt.
273 766 389 812 Quid
410 767 452 807 in
472 767 597 808 viris?
628 767 798 808 idemne
816 765 1130 807 observabant?
1160 764 1353 804 minime.
1402 762 1521 809 Quid

95 823 184 864 ita?
214 824 316 878 quia
336 823 447 864 viros
468 824 522 865 ad
544 824 880 880 unumquodque
902 822 1159 863 maleficium
1191 820 1370 877 singulae
1401 820 1522 874 cupi-

94 879 250 921 ditates
282 880 531 934 impellunt:
575 882 772 923 mulieres
807 881 860 921 ad
892 880 1039 924 omnia
1067 879 1278 920 maleficia
1307 877 1520 933 cupiditas

96 951 181 978 una
201 937 334 978 ducit.
396 937 522 989 Item,
543 938 662 980 Bene
684 939 866 994 majores
885 937 968 978 hoc
987 945 1356 992 comparaverunt,
1380 943 1428 975 ut
1448 948 1520 975 ne-

96 993 257 1035 minem
278 1008 437 1050 regem,
459 1010 587 1050 quem
616 997 744 1037 armis
762 996 989 1051 cepissent,
1019 994 1108 1034 vita
1129 993 1359 1049 privarent.
1404 991 1524 1038 Quid

95 1049 182 1092 ita?
213 1052 327 1107 quia,
350 1067 480 1107 quam
497 1053 623 1094 nobis
646 1053 895 1094 facultatem
915 1052 1088 1092 fortuna
1105 1051 1304 1100 dedisset,
1325 1049 1521 1104 iniquum

93 1118 187 1149 erat
216 1108 260 1150 in
297 1123 444 1150 eorum
476 1110 687 1166 supplicio
717 1123 982 1158 consumere,
1018 1122 1124 1162 quos
1164 1108 1312 1148 eadem
1350 1106 1524 1146 fortuna

96 1165 239 1221 paullo
260 1175 359 1207 ante
378 1168 420 1208 in
443 1168 706 1223 amplissimo
725 1176 838 1207 statu
861 1165 1105 1206 collocarat.
1169 1164 1286 1210 Quid
1309 1164 1424 1218 quod
1446 1178 1524 1203 ex-

93 1223 277 1264 ercitum
295 1233 444 1265 contra
465 1225 620 1266 duxit?
650 1225 799 1265 desino
831 1223 1093 1264 meminisse.
1155 1221 1274 1267 Quid
1304 1221 1388 1260 ita?
1419 1220 1522 1274 quia

98 1279 176 1320 viri
197 1279 317 1321 fortis
340 1290 418 1332 est,
439 1282 512 1336 qui
540 1281 593 1322 de
623 1281 804 1322 victoria
825 1280 1104 1331 contendant,
1135 1293 1208 1319 eos
1230 1279 1374 1318 hostes
1397 1286 1523 1332 puta-

98 1350 167 1388 re3
198 1338 271 1392 qui
295 1337 397 1379 victi
428 1347 540 1389 sunt,
571 1353 644 1380 eos
675 1338 870 1379 homines
894 1337 1106 1392 judicare,
1137 1347 1184 1376 ut
1209 1335 1343 1391 possit
1366 1334 1522 1375 bellum

95 1392 305 1435 fortitudo
345 1396 548 1447 minuere,
583 1410 734 1452 pacem
766 1394 1011 1435 humanitas
1039 1407 1210 1449 augere.
1281 1392 1342 1432 At
1374 1391 1456 1442 ille,
1489 1391 1523 1431 si

94 1450 280 1502 vicisset,
302 1467 405 1493 num
428 1453 541 1494 idem
563 1453 761 1495 fecisset?
792 1467 879 1493 non
901 1450 1095 1508 profecto
1118 1460 1206 1491 tam
1229 1450 1397 1506 sapiens
1420 1449 1524 1489 fuis-

93 1517 171 1549 set.
208 1508 325 1555 Quid
339 1510 471 1566 igitur
489 1511 527 1551 ei
547 1510 710 1567 parcis?
732 1510 834 1565 quia
846 1510 974 1550 talem
989 1508 1216 1549 stultitiam
1234 1517 1522 1556 contemnere,

94 1578 181 1606 non
203 1566 360 1607 imitari
392 1569 609 1609 consuevi.
672 1568 783 1609 Haec
805 1566 1031 1608 exornatio
1055 1566 1107 1606 ad
1131 1579 1370 1606 sermonem
1394 1564 1519 1604 velie·
1533 1585 1582 1619 24

93 1632 258 1664 menter
275 1626 600 1666 accommodata
613 1635 691 1676 est,
713 1634 758 1665 et
775 1625 967 1665 animum
986 1623 1192 1664 auditoris
1216 1623 1370 1663 retinet
1384 1630 1521 1662 arten·
1536 1634 1565 1664 b.

94 1689 200 1733 tum,
223 1689 315 1721 tum
337 1692 562 1724 venustate
585 1683 808 1734 sermonis,
833 1692 924 1722 tum
947 1682 1162 1722 rationum
1182 1679 1521 1736 exspectatione.

151 1738 375 1779 Sententia
393 1749 456 1780 est
480 1740 617 1781 oratio
641 1749 781 1780 sumta
801 1739 854 1780 de
878 1740 979 1790 vita,
1002 1753 1099 1793 quae
1131 1746 1204 1778 aut
1233 1737 1336 1793 quid
1360 1737 1427 1786 sit,
1451 1748 1522 1776 aut
1543 1739 1604 1790 Π

95 1795 200 1850 quid
232 1810 322 1836 esse
352 1806 550 1852 oporteat
581 1798 624 1837 in
660 1797 763 1848 vita,
796 1797 982 1837 breviter
1017 1796 1219 1845 ostendit,
1254 1796 1336 1835 hoc
1369 1794 1522 1834 modo:

97 1852 288 1894 Difficile
308 1861 373 1893 est
406 1853 591 1909 primum
618 1854 797 1895 virtutes
825 1854 1020 1903 revereri,
1043 1853 1115 1907 qui
1151 1866 1316 1907 semper
1340 1851 1523 1892 secunda

94 1909 269 1951 fortuna
290 1911 346 1950 sit
364 1925 478 1951 usus.
527 1911 653 1962 Item,
676 1910 805 1953 Libe-r
827 1911 862 1951 is
884 1920 949 1951 est
969 1910 1297 1959 existimandus,
1320 1909 1393 1963 qui
1421 1907 1522 1948 nulii

95 1966 352 2023 turpitudini
375 1968 519 2009 servit.
580 1968 706 2019 Item,
741 1967 883 2023 Egens
907 1981 1029 2023 aeque
1051 1977 1114 2007 est
1147 1968 1195 2016 is,
1217 1966 1289 2021 qui
1313 1981 1399 2006 non
1425 1965 1524 2006 satis=

94 2024 239 2075 habet,
262 2032 306 2065 et
332 2024 381 2076 is,
411 2025 480 2066 cui
511 2026 620 2067 nihil
652 2025 752 2066 satis
776 2033 920 2080 potest
940 2039 1045 2065 esse.
1109 2023 1236 2074 Item,
1262 2023 1442 2079 Optima
1464 2022 1526 2062 vi-

93 2081 221 2128 vendi
248 2081 358 2122 ratio
377 2091 441 2122 est
459 2082 669 2139 eligenda.
695 2097 788 2123 eam
812 2082 1053 2136 jucundam
1075 2081 1341 2122 consuetudo
1364 2079 1526 2120 reddet.

94 2138 362 2194 Hujusmodi
385 2141 610 2181 sententiae
626 2140 855 2195 simpliceS,
870 2154 957 2180 non
978 2148 1076 2179 sunt
1098 2138 1408 2194 improbandae,
1432 2151 1526 2192 pro-

95 2206 244 2253 pterea
264 2196 381 2251 quod
406 2196 540 2238 habet
562 2198 702 2238 brevis
725 2197 958 2252 expositio,
982 2196 1015 2236 si
1039 2196 1216 2236 rationis
1240 2194 1394 2235 nullius
1418 2194 1529 2234 indi-

94 2263 182 2310 get,
203 2268 402 2309 magnam
426 2254 771 2296 delectationem.
833 2254 917 2295 Sed
939 2253 1043 2294 illud
1066 2267 1237 2308 quoque
1259 2251 1528 2308 probandum

93 2320 160 2352 est
180 2324 316 2367 genus
339 2313 582 2364 sententiae,
606 2312 721 2367 quod
740 2311 1020 2352 confirmatur
1044 2310 1313 2365 subjectione
1337 2308 1529 2355 rationis,

94 2367 178 2410 hoc
201 2368 357 2409 modo:
394 2368 557 2410 Omnes
591 2370 699 2410 bene
733 2369 904 2410 vivendi
943 2369 1130 2408 rationes
1164 2367 1207 2407 in
1241 2368 1400 2407 virtute
1432 2373 1531 2405 sunt

94 2425 371 2477 collocandae,
387 2436 613 2482 propterea
641 2426 757 2481 quod
783 2426 873 2467 sola
897 2426 1028 2466 virtus
1053 2425 1096 2465 in
1117 2440 1191 2464 sua
1213 2432 1426 2479 potestate
1444 2431 1530 2472 est3

48 2509 51 2511 <
94 2483 240 2524 omnia
260 2492 416 2538 praeter
437 2498 532 2524 eam
543 2486 584 2519 92
599 2484 796 2538 subjecta
830 2492 929 2523 sunt
959 2483 1038 2523 sub
1062 2483 1247 2522 fortunae
1267 2478 1531 2521 dominatio-

135 2642 174 2674 91
190 2638 290 2682 Cujus
307 2640 462 2680 animus]
499 2640 615 2671 Delevi
641 2640 694 2671 hie
719 2641 788 2671 sine
832 2640 920 2670 ribus
942 2639 1036 2670 benis
1062 2639 1151 2670 libri-,-
1174 2637 1260 2678 apud
1281 2636 1429 2668 Oudend.
1452 2637 1531 2667 item

95 2681 186 2712 libris
200 2683 384 2713 auctoribus
400 2692 473 2713 eccm
483 2696 493 2715 .·
521 2683 608 2722 (cum
621 2682 716 2724 αρ’-ας
739 2684 784 2722 a.)
831 2684 944 2719 nostri,
957 2691 1031 2723 post
1046 2680 1196 2722 majores.

94 2723 138 2754 ob
152 2723 348 2755 evidentiam
362 2725 445 2755 vitii.
490 2724 552 2755 Est
572 2727 660 2755 enim
682 2725 717 2755 in
739 2724 788 2754 his
873 2727 914 2759 92
929 2723 1083 2765 Sulgieetc:
1097 2734 1123 2753 s.
1141 2721 1238 2762 subs.
1253 2720 1527 2759 dominationem}

96 2766 268 2796 manifeste
290 2776 487 2806 consequens
510 2768 646 2797 rationis
667 2777 788 2807 praece-
834 2767 929 2797 Hanc
949 2767 1124 2797 lectionem
1149 2772 1236 2795 recte
1259 2773 1368 2793 veram
1378 2764 1531 2802 judicant

94 2807 211 2840 dentis.
255 2807 374 2839 Ortum
389 2814 438 2839 est
453 2809 585 2839 verbum
601 2820 618 2840 e
633 2809 735 2852 cujus.
752 2808 791 2838 In
833 2809 866 2839 J.
891 2809 991 2839 Gron.
1017 2809 1122 2838 Graev.
1146 2807 1230 2837 oud.
1253 2806 1476 2845 reperiturque
1498 2805 1531 2833 iv.

97 2849 264 2881 nonnullis
279 2851 424 2881 additum
440 2852 543 2891 reperi
558 2852 658 2882 etiam
678 2861 791 2891 qum-e.
835 2852 925 2881 libris
950 2851 1054 2881 bonis.
1084 2850 1197 2880 Plures
1218 2848 1340 2879 habent
1368 2856 1418 2886 ap.
1447 2846 1530 2875 Ond.

97 2891 159 2922 Sed
173 2899 252 2923 mox·
261 2896 317 2924 lzoc
328 2898 400 2932 post
410 2894 535 2924 iclaemme
547 2893 663 2931 delevi,
675 2899 788 2925 aucto-
832 2894 932 2925 etiam
946 2893 1036 2934 Lips.
1049 2892 1119 2923 cdd.
1134 2902 1181 2932 pr.
1196 2890 1412 2922 domz'yaeaz‘imw
1422 2902 1430 2916 .·
1448 2889 1532 2927 quod

777 2961 803 2985 s>
830 2952 854 2986 ‘2
