1945 3235
379 175 456 210 434
965 172 1240 213 BRUTUS.

380 285 444 317 ter
465 275 669 328 colemus,
692 286 739 319 ut
761 277 989 335 impendiis
1007 279 1137 320 etiam
1160 292 1317 335 augere
1340 277 1552 336 possimus
1572 278 1817 336 largitatem

381 334 441 374 tui
468 336 676 377 muneris:
701 336 828 377 modo
849 337 960 377 idem
988 348 1133 378 noster
1154 337 1321 377 animus
1343 336 1512 378 efficere
1536 338 1685 392 possit,
1703 337 1818 393 quod

381 405 497 447 ager,
519 393 711 447 quicum
748 394 902 434 multos
933 408 1066 435 annos
1100 393 1279 448 quievit,
1303 393 1518 434 uberiores
1549 393 1698 435 efferre
1729 393 1819 436 fru-

325 461 369 498 17
381 462 456 504 ges
478 450 598 491 solet.
659 450 768 491 Tum
796 451 876 500 ille,
915 450 1004 506 Ego
1034 465 1132 493 vero
1155 461 1198 491 et
1229 452 1493 506 exspectabo
1515 465 1579 502 ea,
1601 466 1698 507 quae
1722 450 1815 508 pol-

380 505 535 556 liceris,
560 523 694 562 neque
715 509 904 563 exigam,
928 509 1007 548 nisi
1031 517 1105 549 tuo
1128 507 1371 559 commodo,
1385 517 1429 549 et
1449 518 1575 550 erunt
1597 508 1702 550 mihi
1722 521 1818 565 per·

381 574 518 619 grata,
542 565 574 605 si
601 565 790 605 solveris,
852 564 966 605 Mihi
999 580 1184 620 quoque,
1209 566 1347 621 inquit
1372 565 1547 617 Brutus,
1569 565 1641 606 6et
1662 579 1816 622 exspe-

381 622 537 662 ctanda
558 633 655 662 sunt
677 636 740 671 ea,
762 636 859 676 quae
883 621 1032 662 Attico
1065 622 1292 678 polliceris,
1313 623 1392 664 etsi
1426 623 1605 664 fortasse
1623 637 1704 679 ego
1725 637 1752 664 a
1773 631 1816 665 te

380 677 510 733 hujus
536 679 797 719 voluntarius
830 689 1081 735 procurator
1105 689 1262 734 petam,
1294 680 1408 736 quod
1450 681 1555 737 ipse,
1576 681 1646 722 cui
1668 679 1816 732 debes,

331 724 365 773 5
380 749 423 776 se
446 736 721 777 incommodo
742 746 995 777 exacturum
1015 745 1158 791 negat.
1202 735 1261 777 At
1280 752 1393 788 vero,
1413 738 1603 793 inquam,
1616 737 1695 778 tibi
1714 751 1815 794 ego,

317 797 365 830 18
381 792 527 844 Brute,
562 808 646 834 non
681 793 857 844 solvam,
888 794 968 834 nisi
1006 794 1121 849 prius
1144 808 1168 833 a
1191 802 1232 834 te
1255 808 1422 845 cavero,
1445 795 1628 852 amplius
1659 809 1711 836 eo
1734 809 1814 836 no-

375 851 491 890 minc
514 851 742 901 neminem,
773 851 898 905 cujus
930 851 1080 906 petitio
1111 851 1181 900 sit,
1206 851 1454 907 petiturum.
1515 852 1614 894 Non
1647 850 1814 893 meher-

374 906 483 957 cule,
508 908 661 963 inquit,
679 909 758 948 tibi
779 908 1075 964 repromittere
1093 907 1202 949 istuc
1221 908 1393 964 quidem
1418 911 1436 942 7
1450 923 1576 950 ausus
1597 909 1692 951 sim.
1712 923 1814 952 nam.

374 963 505 1014 hunc,
525 966 597 1021 qui
621 975 766 1021 negat,
791 965 912 1006 video
948 965 1251 1021 flagitatorem,
1275 980 1359 1007 non
1393 965 1510 1007 illum
1533 966 1706 1021 quidem
1729 965 1811 1008 tibi

373 1022 617 1073 molestum,
641 1024 713 1064 scd
736 1023 952 1063 assiduum
977 1034 1134 1073 tamen,
1151 1032 1194 1063 et
1215 1037 1356 1064 acrem
1379 1022 1484 1064 fore.
1543 1021 1655 1065 Tum
1680 1022 1812 1066 Pom·

329 1081 543 1134 b-ponins‚
569 1079 663 1137 Ego
688 1095 801 1131 vero,
826 1080 978 1136 inquit,
1013 1080 1195 1121 Brutum
1228 1080 1334 1121 nihil
1356 1080 1527 1122 mentiri
1551 1090 1673 1137 puto.
1732 1079 1811 1123 Vi-

372 1137 475 1178 deor
491 1138 604 1178 cuim
622 1138 714 1192 jam
733 1148 773 1178 te
793 1152 969 1179 ausurus
992 1152 1082 1178 csse
1105 1137 1341 1194 appellare:
1373 1138 1577 1193 quoniam
1596 1138 1728 1195 longo
1744 1139 1811 1180 in-

311 1196 356 1234 19
371 1194 546 1236 tervallo
563 1196 689 1236 modo
705 1195 888 1251 primum
908 1195 1189 1236 animadverti
1207 1195 1347 1251 paullo
1368 1204 1410 1236 te
1430 1195 1689 1237 hilariorem.
1721 1194 1812 1238 Ita-

368 1267 467 1307 que,
488 1254 691 1308 quoniam
716 1253 801 1303 hic,
823 1253 938 1307 quod
963 1253 1068 1293 mibi
1093 1253 1332 1303 deberetur,
1355 1268 1398 1294 se
1428 1262 1683 1294 exacturum
1706 1268 1806 1310 pro-

366 1310 502 1351 fessus
524 1320 609 1362 est3
641 1311 755 1366 quod
792 1311 890 1351 huic
921 1310 1066 1361 dech,
1088 1324 1170 1366 ego
1202 1326 1227 1351 a
1250 1321 1291 1351 te
1316 1320 1428 1366 peto.
1490 1310 1710 1358 Quidnam
1732 1310 1805 1353 id?

365 1367 556 1423 inquam.
620 1368 680 1409 Ut
697 1369 873 1417 scribas,
897 1367 1053 1422 inquit,
1074 1367 1252 1422 aliquid.
1278 1367 1540 1424 jampridem
1563 1363 1806 1410 enim'con-

365 1424 580 1467 ticuerunt
603 1435 687 1466 tuae
709 1425 876 1466 litterae.
939 1425 1051 1466 Nam
1072 1435 1118 1465 ut
1138 1424 1230 1465 illos
1249 1425 1302 1466 de
1322 1425 1541 1482 republica
1561 1425 1694 1467 libros
1714 1425 1807 1468 edi-

363 1481 478 1534 disti,
502 1481 609 1524 n-ihil
637 1499 661 1523 a
684 1492 725 1523 te
758 1496 857 1523 sanc
888 1492 1036 1538 postea
1069 1482 1338 1538 accepimus:
1371 1482 1519 1539 eisque
1549 1482 1803 1539 nosmetipsi

361 1539 416 1580 ad
456 1549 648 1581 veterum
687 1540 905 1580 annalium
939 1539 1190 1580 memoriam
1232 1540 1680 1596 comprehendendam
1722 1541 1804 1581 im·

365 1597 490 1652 pulsi,
513 1607 641 1652 atque
673 1596 833 1637 incensi
871 1611 1032 1637 sumus.
1093 1595 1175 1637 Sed
1212 1596 1283 1637 illa
1311 1611 1411 1638 cum
1442 1598 1617 1653 poteris,
1641 1600 1803 1653 Satque

302 1661 353 1695 20
367 1663 412 1695 ut
433 1654 571 1711 possis
592 1669 712 1710 rogo.
775 1654 903 1695 Nunc
928 1669 1040 1703 vero,
1065 1653 1219 1708 inquit,
1243 1654 1277 1694 si
1300 1667 1344 1694 es
1374 1655 1519 1696 animo
1554 1669 1703 1707 vacuo,
1725 1669 1803 1696 ex-

363 1727 476 1767 pone
511 1712 636 1753 nobis
669 1711 785 1767 quod
823 1711 1071 1767 quaerimus.
1132 1711 1352 1757 Quidnam
1395 1722 1461 1752 est
1500 1711 1572 1754 id?
1611 1712 1800 1768 inquam.

364 1769 493 1817 Quod
525 1769 630 1810 mihi
663 1784 799 1824 nuper
842 1770 884 1810 in
918 1768 1161 1810 Tusculano
1196 1768 1409 1810 inchoasti
1451 1768 1503 1810 de
1544 1769 1803 1820 oratoribus,

360 1827 533 1883 quando
556 1841 647 1868 esse
669 1827 921 1882 coepissent,
944 1827 1018 1882 qui
1037 1827 1183 1877 etiam,
1205 1836 1248 1866 et
1279 1826 1423 1881 quales
1454 1825 1650 1868 fuissent.
1671 1841 1801 1882 quem

361 1899 444 1941 ego
468 1899 709 1926 sermonem
742 1899 840 1925 cum
872 1884 924 1925 ad
959 1883 1141 1925 Brutum
1166 1894 1302 1935 tuum,
1326 1883 1390 1925 vel
1423 1893 1617 1926 nostrum
1639 1884 1801 1940 potius,

359 1942 623 1993 detulissem,
656 1956 918 1998 magnopere
952 1940 1021 1982 hic
1053 1940 1198 1983 audire
1229 1955 1272 1982 se
1312 1941 1416 1982 velle
1457 1941 1584 1982 dixit.
1647 1941 1801 1997 ltaque

358 1999 475 2042 hunc
497 1999 704 2056 elegimus
726 2000 966 2049 diem,cum
991 2008 1032 2040 te
1054 1999 1257 2040 sciremus
1276 2012 1367 2039 esse
1389 2013 1586 2040 vacuum.
1635 1999 1798 2050 Quare,

361 2057 395 2098 si
418 2057 497 2098 tibi
529 2067 594 2098 est
624 2057 916 2107 commodum,
939 2056 1017 2097 ede
1047 2055 1132 2107 illa,
1155 2071 1251 2112 quae
1284 2070 1493 2112 coeperaS,
1515 2065 1558 2098 et
1581 2056 1732 2107 Bruto,
1754 2063 1800 2098 et

296 2118 343 2157 21
360 2114 483 2166 mihi,
544 2114 640 2170 Ego
675 2128 788 2165 vero,
813 2114 1003 2169 inquam,
1026 2114 1092 2154 9si
1118 2125 1311 2170 potuero,
1335 2113 1490 2154 faciam
1525 2113 1646 2154 vobis
1676 2113 1796 2155 satis.

359 2170 543 2223 Poteris,
574 2172 734 2227 inquit:
775 2170 919 2212 relaxa
954 2171 1083 2212 modo
1121 2170 1310 2227 paullum
1342 2171 1549 2222 animum,
1583 2178 1659 2211 aut
1694 2184 1795 2218 sane

356 2230 411 2282 (si
433 2229 574 2284 potes)
599 2229 745 2270 libera.

411 2286 582 2343 Nempe
616 2286 749 2343 igitur
777 2285 879 2327 hinc
921 2294 1026 2336 tum,
1062 2285 1293 2342 Pomponi,
1338 2285 1493 2327 ductus
1533 2294 1598 2326 est
1637 2299 1794 2335 serm0,

354 2345 470 2400 quod
491 2353 582 2386 erat
603 2358 629 2385 a
659 2358 726 2385 me
757 2342 919 2385 mentio
951 2342 1081 2395 facta,
1104 2358 1277 2385 causam
1310 2342 1525 2396 Deiotari,
1555 2341 1792 2385 fidelissimi

1565 2401 1581 2414 2

391 2505 412 2536 6
425 2509 455 2535 ee
469 2502 841 2544 exspectanda—etsist]
869 2503 917 2534 Et
939 2503 1049 2534 delen·
1090 2503 1207 2534 Vcnet.
1228 2504 1318 2534 1435.

348 2548 427 2578 dum
439 2553 501 2583 est,
517 2547 603 2586 quod
613 2546 758 2585 additum
772 2551 833 2582 est,
844 2547 920 2585 quia
930 2545 961 2576 id
972 2552 1048 2576 ante
1134 2549 1151 2579 7
1165 2555 1265 2575 ausus
1275 2543 1352 2584 sim]
1361 2543 1569 2576 Guilielmius
1578 2551 1661 2573 corr.
1671 2542 1791 2574 ausim.

347 2597 431 2620 erat:
457 2594 487 2618 et
503 2590 700 2626 exspectabo,
717 2598 785 2628 quoe
803 2589 966 2627 polliceris
990 2589 1047 2618 ἃς.
1091 2588 1143 2618 Sic
1156 2599 1174 2617 c
1190 2588 1252 2618 Me.
1271 2597 1335 2626 reg.
1351 2591 1447 2616 notat
1457 2585 1672 2616 Alemannus.

348 2643 423 2663 nam
442 2630 487 2660 nil
503 2631 530 2661 ci
549 2630 600 2659 hio
624 2631 806 2670 respondet.
851 2631 969 2660 semna
981 2636 1044 2660 est:
1133 2633 1149 2661 8
1175 2634 1271 2670 alque
1285 2628 1445 2668 utpossis]
1464 2626 1624 2668 Lepidum
1639 2626 1710 2658 scil.
1725 2631 1790 2665 est,

345 2686 406 2715 ego
418 2683 545 2714 quoque
568 2678 754 2712 exspevtare
777 2673 889 2708 debeo,
914 2682 972 2703 nec
994 2682 1048 2702 co·
1090 2672 1230 2712 aliquem
1254 2680 1379 2711 rogare,
1401 2676 1439 2701 ut
1461 2670 1573 2710 possit.
1587 2668 1693 2701 scriba
1706 2669 1790 2700 stul-

344 2728 420 2757 ζει-ε
432 2725 466 2747 te
481 2715 522 2746 ad
532 2714 735 2744 scribendum
751 2727 757 2744 :
782 2715 919 2745 sortasse
934 2721 1047 2745 tamen
1091 2720 1143 2744 ω’»-
1159 2715 1204 2744 sic
1215 2714 1302 2744 fecit.
1319 2723 1402 2743 corr.
1414 2718 1516 2753 potes.
1558 2711 1687 2751 Nempe
1700 2710 1787 2742 face-

343 2754 472 2800 exigam
487 2758 544 2787 ἃς.
580 2756 641 2787 Res
659 2757 753 2787 nimis
769 2757 856 2787 clara
871 2762 931 2787 est.
969 2757 1045 2787 Mox
1090 2763 1161 2786 tum
1176 2761 1224 2786 est
1241 2765 1367 2796 rogare,
1383 2762 1422 2785 ut
1444 2754 1556 2791 faciat,
1571 2752 1784 2793 quemadmo-

341 2799 540 2833 incommodo
566 2799 760 2839 capiendum
790 2809 846 2838 pro
871 2799 1038 2829 adverbio:
1083 2799 1160 2828 dum
1176 2799 1290 2837 possit,
1308 2798 1506 2836 indicatque,
1523 2795 1570 2827 nil
1590 2794 1708 2826 melius
1729 2805 1786 2828 ex-

341 2855 416 2876 nam
446 2845 491 2874 sic
515 2846 548 2872 et
576 2841 737 2871 commodo
765 2846 955 2881 usurpatur:
981 2851 1040 2872 nec
1083 2841 1221 2882 spectari
1238 2850 1340 2880 posse,
1356 2839 1574 2880 quamfacere
1589 2837 1702 2878 possit.

339 2897 420 2928 opus
432 2893 482 2918 est
495 2884 696 2915 correctione
710 2884 750 2913 ab
763 2883 954 2923 quibusdam
967 2888 1040 2914 ten·
1123 2887 1144 2918 9
1166 2884 1193 2913 si
1202 2883 1353 2924 potuero]
1377 2891 1441 2914 scr.
1455 2882 1483 2912 si
1491 2885 1615 2922 potero.

337 2935 420 2961 tata.
465 2928 507 2961 Se
532 2931 610 2957 ante
645 2926 844 2956 incommodo
869 2925 962 2956 abest
987 2925 1037 2956 ed.
