1945 3235
311 123 394 157 414
844 119 923 157 DE
956 118 1245 157 ORATORE

231 229 302 266 171
377 223 581 279 Sequitur
612 224 884 266 continuatio
916 224 1158 274 verborum,
1190 238 1288 279 quae
1319 222 1424 263 duas
1457 236 1521 263 res
1550 221 1761 273 maxime,

318 281 647 322 collocationem
679 282 880 338 primum,
918 281 1073 323 deinde
1105 281 1280 322 modum
1316 279 1529 335 quendam
1559 279 1764 320 formam-

316 353 401 394 que
428 339 654 380 desiderat.
716 339 1026 381 Collocationis
1046 349 1111 381 est
1132 351 1393 394 componere
1416 346 1459 377 et
1481 346 1642 378 struere
1669 351 1763 378 ver-

320 397 486 448 b·1,sic‚
510 407 558 438 ut
589 411 695 438 neve
729 412 852 453 aspei
884 412 1032 438 comm
1066 410 1315 446 concursus,
1348 408 1456 435 neve
1490 394 1658 435 hiulcus
1691 394 1761 444 sit,

317 429 391 495 sed
413 454 734 519 quodammodo
765 464 1093 510 coagmentatus
1115 463 1158 495 et
1190 451 1485 494 laevis.441n
1515 467 1603 508 quo
1624 451 1765 507 lepide

317 511 362 553 in
393 513 550 553 sorceti
578 526 661 552 mci
695 526 877 568 persona
907 512 1038 553 lusit
1029 527 1079 563 1s,
1109 512 1183 568 qui
1215 510 1533 568 eleg-tutissime
1551 509 1595 551 id
1622 508 1763 550 facere

317 570 478 626 potuit,
503 569 710 620 Lucilius,

423 644 541 685 Quam
558 645 674 691 lepide
693 645 800 679 lexeis
813 647 1004 691 compostoe
1021 644 1042 678 ,9
1069 647 1109 678 ut
1125 643 1303 678 tesserulae
1323 654 1443 678 omnes

419 698 460 725 45
472 698 564 732 Arte
573 699 797 745 pauimento,
817 701 926 744 atque
939 695 1150 731 emblemate
1166 695 1412 731 vermiculato.

319 764 432 811 Quae
466 778 566 804 cum
599 763 819 805 dixisset
811 778 853 803 m
877 762 1111 803 Albucium
1146 761 1342 814 illudens,
1363 776 1418 831 ne
1447 777 1473 803 a
1493 775 1562 802 me
1590 759 1766 816 quidem

318 821 543 872 abstinuit,

424 895 592 932 Crassum
611 895 722 932 habeo
739 906 923 943 generum,
942 906 986 930 ne
1000 894 1271 930 rhetoricotero'
1287 898 1327 930 tu
1343 895 1405 931 sis.-

320 963 440 1010 Quid
472 966 602 1019 emo?
634 963 714 1004 iste
752 963 946 1015 Crassus,
983 962 1189 1018 quoniam
1229 962 1322 1017 ejus
1355 961 1545 1003 abuteris
1577 959 1768 1012 nomine,

319 1021 424 1076 quid
465 998 631 1064 eflicit?
663 1020 775 1062 idem
816 1020 919 1061 illud
961 1019 1141 1071 scilicet,
1178 1020 1220 1050 46
1235 1030 1282 1060 ut
1311 1019 1379 1060 ille
1421 1019 1573 1070 voluit,
1605 1027 1650 1060 et
1683 1033 1767 1075 ego

315 1078 487 1131 vellem,
526 1079 677 1120 melius
719 1078 956 1134 aliquanto,
994 1093 1067 1134 qu
1055 1093 1123 1118 am
1162 1076 1388 1118 Albucius.
1430 1091 1579 1118 verum
1614 1076 1659 1116 in
1695 1089 1769 1119 me

258 1137 495 1192 mquidem
524 1136 625 1178 lusit
657 1137 741 1187 ille,
764 1146 813 1177 ut
846 1136 967 1177 solet.
1030 1135 1114 1177 Sed
1143 1145 1208 1176 est
1238 1144 1382 1177 tamen
1414 1135 1509 1176 haec
1538 1133 1769 1176 collocatio

322 1195 617 1236 conservanda
651 1195 895 1245 vammum,
926 1195 979 1235 de
994 1209 1097 1249 qua
1128 1193 1296 1248 loquor,
1318 1208 1416 1248 quae
1443 1193 1644 1247 junctam
1674 1205 1770 1232 ora·

322 1253 486 1294 tionem
509 1252 658 1304 efficit,
683 1267 780 1308 quae
811 1242 1119 1302 cohaerentem,
1139 1254 1176 1285 47
1191 1265 1289 1314 quae
1320 1250 1474 1302 lenem,
1496 1265 1594 1305 quae
1624 1263 1771 1304 aequa-

186 1310 466 1359 p.1.··›9.biliter
490 1310 711 1351 fluentem.
772 1309 823 1350 Id
836 1308 1157 1374 assequemini,
1180 1324 1214 1349 Sl
1235 1311 1276 1339 48
1290 1309 1420 1349 verba
1445 1317 1640 1349 extrema
1669 1320 1771 1347 cum

278 1368 686 1424 &consequentibus
719 1367 868 1424 primis
902 1367 963 1408 ita
996 1367 1207 1422 jungens,
1245 1376 1293 1406 ut
1329 1380 1382 1406 ne
1412 1380 1560 1421 aspere
1588 1378 1771 1406 concur-

237 1424 433 1477 44rant,
472 1440 580 1466 ne·e
612 1426 772 1466 vastius
815 1425 1088 1465 diducuntur.
1151 1423 1280 1464 Hanc
1310 1423 1582 1479 diligentiam
1622 1422 1771 1463 subse-

234 1496 306 1533 173
321 1484 469 1539 quitur
495 1483 649 1524 modus
671 1483 803 1523 etiam
839 1492 881 1523 et
914 1482 1054 1522 forma
1076 1482 1320 1531 reimborum
1346 1481 1462 1537 quod
1487 1480 1583 1545 jam
1609 1493 1771 1530 vereor,

317 1555 372 1582 ne
395 1541 497 1582 huic
520 1539 678 1581 Catulo
703 1540 896 1581 videatur
917 1553 1008 1580 esse
1040 1538 1219 1594 puerile.
1281 1514 1437 1580 Versus
1459 1538 1576 1579 enim
1607 1546 1771 1578 veteres

318 1598 378 1640 illi
410 1599 454 1639 in
476 1597 558 1639 hae
591 1597 732 1638 soluta
761 1597 957 1638 oratione
989 1596 1320 1652 piopemodum,
1351 1596 1436 1637 hoc
1465 1605 1545 1647 est,
1568 1609 1771 1636 numeros

317 1656 546 1721 quosdam,
578 1656 704 1696 nobis
737 1669 830 1696 esse
871 1654 1142 1695 adhibendos
1176 1663 1452 1710 putaveiQunt
1515 1652 1771 1708 Interspira-

318 1715 450 1755 tionis
480 1728 564 1754 eni.
557 1729 610 1765 n,
634 1728 722 1754 nou
762 1712 1089 1768 defatigationis
1127 1721 1302 1762 nostrae,
1330 1725 1469 1766 neque
1497 1710 1772 1752 librariorum

317 1772 449 1823 notis,
489 1771 562 1812 sed
600 1772 846 1812 v-erborum
866 1781 910 1811 et
948 1769 1260 1810 sententiarum
1298 1769 1429 1811 modo
1472 1770 1771 1832 interpunctas

317 1829 529 1871 clausulas
571 1829 616 1869 in
659 1828 929 1870 mationibus
972 1842 1063 1868 esse
1106 1827 1355 1869 v201uerunt
1399 1827 1529 1892 idque
1569 1840 1798 1883 princeps.

320 1887 533 1929 Isocrates
567 1887 805 1927 instituisse
838 1886 998 1938 fertur;
1030 1894 1079 1926 ut
1109 1885 1379 1926 inconditam
1408 1885 1685 1950 antiquorum
1707 1883 1773 1925 di-

320 1945 446 1986 cendi
488 1945 862 1994 consuetudinem,
902 1943 1202 1985 delectationis
1253 1953 1383 1998 atque
1433 1943 1602 1983 aurium
1644 1955 1774 1983 causa

320 2002 706 2058 (quemadmodum
738 2002 889 2043 scribit
918 2001 1155 2056 discipulus
1180 2000 1274 2056 ejus
1295 2000 1554 2051 Naucrates)
1583 1998 1774 2041 numeris

233 2067 307 2106 174
320 2061 622 2116 adstringeret.
683 2060 886 2115 Namque
919 2059 1014 2099 haec
1051 2058 1137 2099 duo
1168 2058 1339 2110 musici,
1372 2058 1448 2115 qui
1480 2066 1602 2099 erant
1634 2071 1773 2113 quon-

359 2193 402 2221 44
424 2190 467 2222 In
481 2200 541 2231 quo
557 2191 685 2231 lepide
673 2200 708 2220 m
723 2201 786 2221 soc.
804 2191 868 2220 mei
884 2199 1027 2230 persona
1069 2190 1184 2226 tulna-lt,
1195 2193 1226 2219 et
1240 2199 1268 2220 e.
1280 2199 1310 2218 v.

318 2232 412 2272 lusit]
441 2233 625 2263 Personam
649 2233 774 2264 habent
801 2232 873 2263 cdd.
901 2242 927 2262 s.
948 2233 970 2264 l.
996 2243 1026 2263 a.
1111 2234 1152 2265 47
1175 2241 1246 2271 φατε
1281 2230 1399 2271 lenem]
1439 2231 1492 2261 Sic
1535 2229 1661 2262 correxi
1697 2237 1774 2261 cum

317 2276 407 2307 Med.
424 2276 498 2306 Asc.
512 2276 635 2315 Vulgg.
653 2285 809 2316 persona,
823 2275 910 2314 quod
923 2286 961 2306 ex
974 2275 1025 2306 ed.

317 2318 372 2349 W.
400 2318 518 2348 sumsit
544 2319 618 2349 Ald.
672 2319 735 2349 Est
761 2324 872 2348 autem
901 2317 1026 2356 durius,

317 2360 463 2400 intelligi
487 2362 532 2390 in.
563 2361 714 2392 Dicimus
738 2361 849 2391 ludere
872 2361 1026 2400 aliquem.

320 2411 438 2442 nempe
475 2403 558 2434 salse
603 2404 797 2444 perstrinxit
837 2403 1027 2433 affectatam

320 2446 614 2485 compositionem3
639 2446 725 2476 unde
743 2451 830 2477 recte
851 2445 912 2476 dici
935 2450 1028 2485 pote-

320 2494 373 2518 rat
392 2489 470 2518 lusit
485 2498 673 2528 personam.
717 2489 780 2519 Sed
802 2488 880 2528 quia
906 2488 966 2518 Ms.
986 2488 1025 2519 E.

319 2529 420 2561 habet
448 2531 483 2560 in
509 2541 572 2561 sne.
601 2542 644 2562 m.
665 2541 822 2571 persona,
849 2536 884 2560 et
912 2531 1027 2561 Cicero

320 2581 398 2604 mox
422 2572 537 2602 eodem
564 2573 660 2604 modo
682 2574 829 2614 loquitur
851 2573 886 2603 in
911 2573 1026 2605 eadem

319 2623 368 2652 re,
385 2616 433 2645 ita
445 2614 542 2646 edidi.

362 2660 404 2688 45
427 2657 513 2696 arte]
553 2657 669 2687 Lamb
699 2658 791 2694 endo,
828 2662 927 2688 recte.
964 2656 1028 2688 Sed

319 2699 408 2730 male
421 2699 660 2740 interpretatur
673 2700 835 2732 Pearcius.

363 2743 406 2773 46
428 2747 466 2772 ut
486 2743 543 2773 ille
556 2743 659 2772 voluit
674 2743 746 2782 Satn]
775 2743 856 2772 Haec
873 2742 943 2772 sine
967 2741 1026 2772 du-

320 2785 376 2816 bio
402 2785 520 2816 vitiosa
548 2790 637 2815 sunt.
683 2785 834 2815 Pearcius
871 2785 1023 2824 conjicit:

321 2832 361 2858 uc
375 2828 396 2857 i.
413 2829 515 2859 voluit
529 2840 539 2856 .-
561 2832 597 2858 αι
612 2837 670 2866 ego
685 2829 799 2857 vellem
813 2838 855 2858 m.
872 2837 904 2858 α.
941 2827 1025 2858 Mihi

320 2869 429 2901 lenius
449 2876 485 2902 et
498 2869 678 2912 simplicius
694 2869 824 2902 videtur
839 2881 846 2900 z
875 2870 960 2910 quod
972 2871 1027 2901 ille

1070 2273 1215 2305 Pearcio.
1240 2274 1322 2304 Edd.
1337 2284 1388 2315 pr.
1406 2274 1463 2305 W.
1479 2277 1553 2304 ets.
1569 2274 1593 2304 1.
1608 2277 1686 2304 eta.
1716 2272 1774 2303 ha-

1070 2316 1151 2347 bent
1165 2318 1279 2354 levem,
1294 2316 1381 2355 quod
1403 2316 1598 2357 capiendum
1621 2319 1706 2346 esset
1721 2315 1775 2345 lae-

1070 2369 1153 2389 vem.
1209 2359 1255 2390 Et
1285 2363 1364 2390 ante
1391 2360 1516 2389 lca-itas
1544 2358 1700 2389 orationis
1725 2362 1777 2388 est

1071 2407 1341 2432 commemorata.
1385 2401 1448 2432 Sed
1464 2404 1538 2442 post
1550 2401 1599 2431 ed.
1613 2399 1702 2430 Med.
1720 2399 1776 2430 de-

1071 2443 1120 2474 dit
1143 2446 1248 2475 lenem
1270 2448 1304 2475 et
1323 2445 1397 2474 Asc.
1425 2447 1452 2476 1.
1473 2443 1548 2474 Ald.
1573 2443 1662 2482 Lips.
1687 2443 1776 2482 quod

1070 2487 1192 2517 mutari
1223 2496 1290 2517 non
1314 2486 1463 2518 debebat.
1507 2486 1568 2516 Est
1589 2486 1680 2517 enim
1704 2495 1776 2515 ver-

1068 2528 1148 2559 bum
1172 2530 1342 2570 proprium
1367 2529 1402 2559 in
1430 2529 1490 2559 hac
1519 2538 1552 2558 re
1583 2528 1773 2560 Ciceronis:

1068 2572 1157 2602 unde
1181 2573 1285 2603 oratio
1307 2571 1423 2601 leniter
1444 2572 1554 2602 labeus
1575 2576 1635 2602 aut
1646 2570 1774 2612 fluens,

1069 2623 1134 2653 quo
1150 2614 1220 2654 ipso
1234 2615 1332 2645 verbo
1347 2614 1460 2644 statim
1474 2614 1592 2644 utitur.

1110 2658 1151 2687 48
1178 2658 1278 2687 verba
1320 2661 1480 2693 extrema,
1524 2654 1774 2696 cum-primis]

1069 2699 1130 2729 int.
1152 2698 1306 2729 ultimam
1321 2703 1355 2729 et
1376 2700 1515 2738 primam
1539 2699 1669 2729 literam
1692 2698 1776 2728 utri-

1068 2751 1169 2780 usque
1195 2742 1304 2780 verbi3
1328 2741 1415 2780 quod
1437 2742 1472 2772 in
1495 2742 1634 2782 gratiam
1661 2750 1776 2771 eorum

1068 2784 1231 2814 lectorum
1255 2784 1381 2821 monui,
1409 2785 1463 2823 qui
1489 2783 1693 2823 exquisitiori
1728 2783 1776 2814 la·

1069 2826 1197 2856 tinitati
1227 2826 1375 2856 nondum
1409 2827 1489 2857 satis
1522 2831 1602 2858 sunt
1635 2826 1776 2858 adsueti.

1070 2869 1136 2900 Ms.
1153 2868 1198 2900 E.
1211 2868 1341 2900 omittit
1355 2869 1465 2906 verba.
