1914 3220
311 140 361 187 iv
806 140 981 197 PRAE
992 140 1247 198 FATIO.

313 269 579 322 scribendi
622 273 707 342 qd.
787 271 891 325 Hic
925 292 1050 345 ergo
1084 275 1199 336 viri,
1239 272 1368 325 alias
1410 270 1575 324 latine
1606 270 1732 327 satis

313 352 478 415 docti,
502 354 679 426 decipi
709 374 763 408 se
782 358 923 426 passi
942 366 1083 419 sunt,
1106 365 1160 410 et
1175 356 1406 411 eandem
1424 355 1733 408 inconstan-

315 437 446 489 tiam
484 441 732 508 sequuti:
773 440 960 511 itaque
989 442 1159 512 reperi
1186 460 1276 494 eos
1305 438 1572 492 interdum
1600 439 1731 490 illud

315 522 443 594 qnid
470 524 756 576 correxisse
785 527 936 595 qnod,
969 526 1011 577 si
1049 544 1081 577 a
1117 543 1229 596 quo
1258 525 1390 576 libro
1418 541 1515 575 suo
1547 523 1735 575 admo-

313 607 411 658 niti
430 615 623 669 essent,
643 608 756 661 aliis
774 609 903 661 locis
921 609 1187 661 intactum
1214 608 1507 678 reliquisse.
1550 606 1733 659 Simile

315 690 450 760 quid
485 691 685 744 accidit
717 693 772 744 in
806 702 1075 746 structura
1113 692 1390 764 particulae
1428 711 1557 752 cum,
1591 706 1736 760 quae,

312 775 409 826 ubi
437 775 699 828 rationem
728 795 1063 848 causamque
1091 776 1362 848 exprimit,
1391 774 1736 845 conjunctivo

304 859 568 930 jungitur,
592 860 685 911 ubi
709 869 943 931 tempus,
965 861 1287 920 indicativo;
1328 860 1425 912 nisi
1446 859 1551 911 alia
1571 876 1739 911 eausa

314 943 722 1014 conjunctivum
766 945 1019 1014 postulet.
1101 944 1249 997 Nam
1286 944 1442 1014 hujus
1474 941 1735 1013 analogiae

314 1027 397 1079 vel
440 1028 622 1089 nescii,
666 1028 748 1079 vel
791 1028 1138 1100 negligentes,
1171 1047 1315 1098 saepe
1352 1036 1407 1080 et
1446 1026 1642 1079 librarii
1682 1035 1739 1079 et

312 1111 407 1161 viri
437 1111 585 1163 docti
612 1112 943 1174 aberrarunt,
971 1113 1133 1165 etiam
1158 1113 1249 1174 sie,
1274 1120 1330 1164 ut
1359 1130 1485 1163 eum
1512 1110 1567 1161 in
1592 1109 1737 1162 libris

311 1195 524 1266 scriptis
553 1205 692 1247 esset
719 1216 817 1266 qm.
849 1197 930 1249 vel
959 1217 1045 1267 qn.
1075 1215 1201 1249 cnm
1230 1195 1539 1256 indicativo,
1560 1194 1740 1265 quoni-

313 1297 412 1341 am,
446 1282 670 1350 quandO,
697 1300 763 1332 ex
797 1281 1135 1338 eofaeerent
1168 1301 1355 1353 queml:
1399 1280 1550 1350 cujus
1578 1297 1739 1350 gene-

313 1363 379 1415 ris
421 1365 594 1415 multa
636 1366 890 1436 exempla
936 1366 990 1417 in
1027 1366 1172 1418 libris
1218 1364 1489 1417 Ciceronis
1535 1362 1738 1425 notavi,

315 1448 611 1517 praesertim
658 1448 982 1502 Victorianis
1026 1449 1304 1520 exempliS,
1344 1457 1440 1500 aut
1480 1447 1607 1500 inde
1648 1465 1738 1499 ex-

316 1533 523 1602 pressiS.
603 1532 710 1585 Sed
743 1533 846 1586 hoe
881 1534 1064 1596 etiam,
1093 1543 1260 1604 atque
1295 1533 1432 1584 adeo
1464 1531 1633 1603 magis
1667 1530 1738 1583 ad

314 1616 542 1668 alterum
585 1636 754 1687 genus
791 1619 1039 1689 pertinet,
1074 1618 1142 1670 de
1175 1636 1287 1688 quo
1319 1617 1502 1669 statim
1538 1615 1736 1669 dicam.

314 1700 420 1752 Sed
465 1701 620 1771 longe
663 1702 858 1773 saepius
900 1703 954 1754 in
1000 1721 1193 1774 genere
1235 1703 1399 1754 altero
1447 1708 1734 1771 peecatum

313 1793 414 1837 est:
457 1785 524 1837 de
554 1803 730 1856 eoque
759 1787 1066 1857 diligentius
1094 1786 1389 1839 dicendum
1417 1785 1644 1837 videtur.

387 1867 628 1921 Primum
668 1870 828 1940 igitur
859 1870 960 1923 hoc
1004 1870 1171 1923 habet
1202 1870 1419 1931 Graeca,
1459 1874 1628 1939 atque
1665 1867 1742 1920 ab

313 1952 415 2005 hac
464 1952 663 2005 Latina
708 1955 892 2026 lingua
935 1973 1044 2026 pra:
1088 1954 1338 2007 omnibus
1392 1954 1505 2005 aliis
1552 1951 1739 2025 praeci·-

314 2055 503 2107 puum,
531 2046 593 2090 ut
619 2057 839 2092 omnem
867 2039 1183 2092 varietatem
1211 2047 1517 2108 temporum
1551 2035 1741 2088 (listin-

312 2131 399 2174 cte
441 2120 689 2175 definiat:
746 2123 831 2175 Ea
877 2124 1103 2196 ἀκςίζεια,
1151 2123 1206 2174 in
1251 2122 1452 2175 Latina
1493 2120 1735 2192 quidem,

312 2214 472 2257 aetate
501 2206 606 2269 illa,
631 2226 797 2278 quam
820 2226 1039 2261 auream
1067 2207 1244 2260 dicere
1272 2207 1461 2268 solent,
1483 2212 1736 2257 accurate

313 2300 523 2342 servata
564 2300 661 2354 est,
703 2293 930 2364 ejusque
983 2292 1316 2345 conservatio
1358 2292 1411 2342 in
1451 2288 1739 2343 scribendo

312 2393 419 2425 non
465 2375 640 2428 minus
674 2377 973 2429 necessaria
1014 2376 1202 2428 habita
1242 2384 1340 2437 est,
1377 2393 1543 2444 quam
1577 2391 1737 2444 gene-

310 2476 448 2521 rum,
477 2477 721 2521 casuum,
748 2479 812 2512 ae
832 2479 1196 2521 numerorum,
1224 2468 1300 2522 ut,
1324 2460 1419 2529 qui
1443 2460 1513 2511 ab
1541 2475 1606 2509 ea
1632 2457 1743 2509 dis-
1768 2527 1770 2529 ‚

310 2543 544 2605 cederet,
576 2562 681 2596 non
725 2545 902 2598 minus
946 2563 1200 2616 peeeasse
1240 2551 1536 2615 putaretur,
1566 2558 1742 2612 quam⁴

311 2625 354 2679 si
400 2626 451 2678 in
497 2627 730 2680 numeris
773 2638 826 2680 et
868 2629 1150 2700 generibus
1193 2629 1504 2680 aberrasset.
1585 2623 1735 2676 Nam

312 2708 500 2762 Cicero
545 2709 638 2763 Or.
676 2711 798 2774 III,
846 2720 927 2766 10.
973 2713 1365 2765 aberrationem
1408 2729 1441 2763 a
1489 2722 1734 2780 tempore

307 2784 547 2866 legitimo
575 2805 760 2866 aequat
787 2797 948 2868 plane
969 2797 1291 2850 aberrationi
1318 2796 1372 2849 in
1400 2794 1653 2856 numeriS,
1679 2799 1744 2865 et.-

1883 879 1887 886 '
1882 642 1903 852 1:22516Q
1883 375 1903 625 *buigssmmafi-
1891 328 1903 354 ἐκ
1895 271 1903 309 :2
