1945 3235
697 132 978 170 ORATOR.
1481 135 1554 170 561

113 232 268 289 gitudo
291 236 348 277 sit
377 250 538 287 earum,
560 251 671 278 anne
701 237 870 293 plures:
901 244 959 285 et,
981 235 1014 274 si
1047 233 1203 289 plures,
1232 251 1317 290 quo
1346 235 1457 288 loco,
1479 245 1556 278 aut

110 294 299 345 quando,
316 309 488 349 quoque
510 309 667 350 genere
683 296 747 335 uti
769 294 991 349 oporteat?
1025 302 1242 347 postremo
1268 295 1399 335 totius
1423 309 1554 350 gene-

108 348 167 388 ris
190 351 353 392 utilitas
376 352 632 407 explicanda
654 362 733 402 est,
755 366 851 406 quae
874 349 1049 404 quidem
1073 358 1191 404 patet
1224 349 1364 391 latius.
1386 367 1474 392 non
1497 352 1549 393 ad

108 420 240 449 unam
259 409 375 449 enim
397 423 485 449 rem
509 410 710 464 aliquam,
725 409 795 449 sed
819 407 871 447 ad
899 406 1036 463 plures
1056 407 1422 449 accommodatur.
1483 409 1549 450 Ac
1562 413 1639 451 207

107 462 212 506 licet
234 481 322 507 non
352 466 404 506 ad
428 466 617 522 singulas
649 480 714 506 res
744 465 1075 520 respondentem
1099 463 1151 504 de
1173 463 1373 504 universo
1396 480 1552 519 genere

110 521 173 563 sic
194 523 352 574 dicere,
374 533 423 563 ut
443 524 571 563 etiam
596 521 776 578 singulis
808 523 910 562 satis
942 535 1193 577 responsum
1226 535 1318 560 esse
1340 522 1552 563 videatur.

111 577 311 622 Remotis
343 580 477 636 igitur
509 579 683 635 reliquis
714 581 944 636 generibus
976 594 1108 620 unum
1133 577 1378 633 selegimus,
1400 582 1441 612 90
1454 579 1554 632 hoc,

109 638 226 692 quod
250 639 292 679 in
315 639 454 679 causis
473 636 654 692 foroque
678 647 884 688 versatur,
905 638 958 678 de
979 652 1066 692 quo
1089 637 1342 677 diceremus.

167 694 286 751 Ergo
305 695 347 734 iu
371 694 478 744 aliis,
501 694 542 736 id
566 704 645 746 est,
660 695 701 736 in
727 695 920 745 historia,
935 704 978 735 et
1001 695 1043 734 in
1064 709 1130 743 eo,
1153 694 1267 748 quod
1288 693 1553 749 appellamus

108 749 331 809 ξπιὸεικτικὸν,
345 751 486 807 placet
499 753 645 793 omnia
663 753 747 794 diei
770 752 987 794 Isocrateo
1005 751 1404 807 Theopompeoque
1420 767 1553 802 more,

109 803 182 844 illa
214 804 617 865 circumscriptione
650 811 918 865 ambituque,
943 819 989 850 ut
1021 820 1242 864 tamquam
1275 809 1318 849 in
1348 810 1453 850 orbe
1485 810 1551 851 in-

105 860 226 902 clusa
247 876 390 908 currat
419 868 573 918 oratio,
597 869 739 923 quoad
771 868 943 908 insistat
973 867 1016 907 in
1047 866 1227 922 singulis
1250 865 1453 922 perfectis
1475 868 1552 908 ab-

107 917 346 982 solutisque
368 926 607 966 sententiis.
669 925 822 980 [taque
844 936 1123 981 posteaquam
1148 934 1213 964 est
1235 935 1336 964 nata
1367 924 1462 965 haec
1484 925 1639 966 remos

105 982 469 1039 circumscriptio,
494 982 558 1023 vel
589 983 934 1039 comprehensio,
956 985 1022 1024 vel
1054 982 1341 1032 continuatio,
1365 982 1429 1022 vel
1462 997 1552 1023 am-

107 1032 240 1098 bitus,
264 1038 299 1078 si
329 1040 389 1080 ita
412 1039 514 1081 licet
534 1041 698 1082 dicere:
730 1055 874 1092 nemo,
896 1040 967 1095 qui
989 1040 1134 1095 aliquo
1156 1051 1268 1080 esset
1290 1040 1332 1079 in
1357 1054 1552 1091 numero,

109 1093 283 1148 scripsit
304 1097 544 1139 orationem
562 1098 730 1154 generis
752 1098 790 1154 ej
800 1099 992 1153 us‚quod
1014 1107 1126 1138 esset
1145 1098 1196 1138 ad
1221 1097 1555 1140 delectationem

109 1163 425 1206 comparatum,
448 1168 749 1212 remotumque
780 1156 1000 1211 ajudiciis
1033 1155 1279 1210 forensique
1300 1156 1554 1208 certamine,

108 1210 214 1270 qtuin
237 1211 451 1268 redigeret
472 1228 620 1255 omnes
644 1212 732 1255 fere
751 1214 795 1255 in
811 1214 1024 1270 quadrum
1046 1227 1360 1268 munerumque
1383 1224 1555 1255 senten-

106 1273 205 1308 tias,
266 1269 381 1311 Nam
411 1286 509 1313 cum
539 1271 575 1312 is
597 1281 662 1312 est
693 1272 878 1322 auditor,
905 1272 978 1327 qui
1004 1286 1090 1312 non
1127 1281 1336 1321 vereatur,
1358 1285 1412 1311 ne
1433 1286 1554 1312 com-

106 1324 263 1377 positae
291 1330 499 1370 orationis
529 1330 696 1370 insidiis
729 1345 805 1370 sua
827 1329 932 1371 fides
963 1338 1214 1379 attentetur,
1237 1328 1421 1385 gratiam
1444 1344 1596 1384 quo-b,

108 1393 194 1434 que
217 1383 348 1426 habet
369 1388 543 1438 oratori,
567 1387 780 1443 voluptati
814 1388 983 1431 aurium
1016 1388 1235 1427 servienti.
1296 1386 1445 1428 Genus
1477 1402 1551 1428 au-
1564 1391 1633 1445 0¹2

109 1449 196 1479 tem
222 1441 304 1483 hoc
335 1445 542 1486 orationis
568 1459 705 1500 neque
732 1454 875 1486 totum
908 1445 1212 1486 assumendum
1235 1454 1300 1485 est
1328 1445 1381 1485 ad
1403 1460 1552 1486 causas
1564 1471 1641 1506 209

106 1493 313 1551 forenseS‚
342 1516 481 1558 neque
523 1504 702 1543 omnino
742 1503 1072 1558 repudiandum.
1143 1503 1189 1543 Si
1228 1503 1344 1543 enim
1388 1517 1555 1558 semper

107 1562 244 1619 utare,
277 1572 377 1601 cum
409 1562 651 1601 satietatem
675 1560 814 1610 affert,
839 1571 945 1611 tum,
976 1560 1101 1615 quale
1134 1561 1204 1610 sit,
1227 1560 1358 1601 etiam
1388 1561 1443 1601 ab
1475 1562 1555 1601 im-

105 1614 258 1666 peritis
295 1619 560 1672 agnoscitur.
632 1617 836 1658 Detrahit
873 1628 1083 1674 praeterea
1126 1618 1310 1658 actionis
1349 1618 1558 1669 dolorem,

108 1669 250 1711 aufert
271 1672 506 1716 humanum
542 1690 713 1717 sensum
746 1676 919 1726 actoris,
954 1675 1067 1716 tollit
1100 1674 1296 1716 funditus
1332 1677 1557 1717 veritatem

108 1736 154 1767 et
184 1727 329 1772 fidem.
391 1732 490 1784 Sed,
513 1733 719 1789 quoniam
741 1732 987 1774 adhibenda
1011 1748 1335 1788 nonnumquam
1368 1743 1447 1783 est,
1471 1735 1558 1790 pri-

107 1797 230 1847 nlum
264 1789 495 1832 videndum
527 1801 606 1842 est,
636 1806 723 1846 quo
757 1790 868 1842 loco,
900 1791 1056 1832 deinde
1085 1791 1290 1846 quamdiu
1333 1791 1558 1832 retinenda

109 1850 181 1892 stt,
214 1852 306 1887 tum
336 1859 444 1902 quot
475 1850 614 1890 modis
652 1849 976 1890 commutanda.
1034 1848 1299 1889 Adhibenda
1328 1859 1393 1890 est
1422 1849 1647 1905 igitur-‘210

108 1913 341 1945 numerosa
362 1907 516 1957 oratio,
548 1907 581 1947 si
605 1917 679 1948 aut
713 1907 973 1947 laudandum
1004 1917 1067 1947 est
1091 1907 1251 1962 aliquid
1278 1907 1486 1957 ornatius,
1509 1917 1557 1948 ut

108 1971 190 1998 nos
234 1960 276 2002 in
318 1965 604 2005 accusationis
647 1964 852 2014 secundo,
887 1965 940 2005 de
972 1964 1132 2005 Siciliae
1176 1964 1302 2004 laude
1338 1965 1556 2016 diximus3

109 2018 149 2049 91
167 2026 213 2056 ut
236 2018 279 2059 in
303 2031 468 2072 senatu,
499 2022 552 2062 de
574 2021 800 2063 consulatu
823 2036 947 2062 meo:
980 2032 1053 2062 aut
1072 2022 1332 2077 exponenda
1353 2022 1558 2073 narratio,

108 2086 208 2127 quae
229 2076 324 2132 plus
345 2078 571 2134 dignitatis
592 2083 633 2112 92
647 2079 875 2130 desiderat,
897 2094 1027 2135 quam
1059 2079 1233 2130 doloris,
1257 2089 1302 2119 ut
1326 2079 1368 2120 iu
1402 2089 1558 2134 quarto

110 2135 414 2188 accusationis,
444 2137 497 2178 de
530 2136 719 2178 Ennensi
752 2136 923 2188 Cerere,
953 2137 1006 2178 de
1044 2137 1281 2192 Segestana
1317 2136 1473 2188 Diana,
1505 2137 1558 2179 de

111 2188 419 2244 Syracusarum
446 2195 529 2235 situ
553 2196 759 2236 diximus.
806 2195 932 2251 Saepe
953 2195 1084 2235 etiam
1109 2197 1152 2235 in
1175 2194 1481 2250 amplificanda
1499 2209 1558 2246 re,

92 2262 317 2293 ,concessu
350 2253 545 2293 omnium
578 2252 775 2298 funditur
809 2267 1035 2294 numerose
1057 2262 1100 2292 et
1123 2252 1372 2293 volubiliter
1402 2253 1558 2293 oratio.

110 2307 165 2349 Id
183 2323 261 2350 nos
276 2309 458 2352 fortasse
473 2325 561 2351 non
580 2310 854 2366 perfecimus,
873 2311 1017 2351 conati
1034 2310 1209 2364 quidem
1228 2309 1467 2365 saepissime
1489 2325 1560 2350 su-

106 2380 230 2410 mus:
272 2371 314 2402 93
327 2368 444 2423 quod
478 2368 673 2424 plurimis
706 2367 812 2409 locis
839 2368 1133 2423 perorationes
1164 2378 1340 2417 nostrae,
1373 2367 1559 2408 voluisse.

106 2439 203 2476 nos,
234 2435 364 2481 atque
407 2426 553 2467 animo
586 2426 875 2476 contendisse,
907 2425 1142 2466 declarant.
1205 2424 1255 2465 Id
1288 2434 1432 2465 autem
1466 2434 1559 2465 tum

107 2484 237 2537 valet,
269 2500 369 2527 cum
402 2484 451 2536 is,
484 2483 557 2539 qui
589 2483 724 2535 audit,
756 2484 811 2523 ab
843 2492 1013 2524 oratore
1036 2482 1132 2537 jam
1166 2483 1366 2523 obsessus
1397 2492 1478 2534 est,
1508 2496 1559 2524 ac

148 2634 190 2666 90
219 2633 288 2670 Ῑιοο,
320 2632 418 2674 quod]
444 2631 506 2663 Ed.
531 2631 616 2662 Ven.
652 2632 709 2661 hoc
743 2630 813 2671 qai·
854 2631 1026 2661 desideret.

109 2674 196 2711 dem,
209 2684 238 2714 q.
898 2676 939 2707 93
961 2672 1048 2712 quod
1054 2673 1104 2712 pl.
1121 2672 1159 2712 L]
1178 2671 1264 2712 quod
1275 2671 1355 2703 mihi
1371 2676 1561 2713 suspectum

149 2721 187 2750 91
214 2721 253 2747 ut
271 2718 308 2747 in
332 2722 461 2754 senatu,
482 2716 536 2756 de]
566 2716 760 2756 Scripsimus
775 2719 816 2746 ut
857 2722 909 2746 est
924 2716 962 2746 de
978 2716 1078 2745 vitio:
1104 2725 1180 2746 nam
1194 2715 1281 2744 male
1295 2717 1449 2745 convenit
1473 2716 1563 2755 prin-

106 2769 166 2800 pro
181 2763 254 2796 aut,
269 2760 356 2799 quod
370 2761 524 2790 vitiosum
544 2769 613 2790 esse
634 2759 739 2798 quivis
758 2758 814 2790 ad·
858 2758 956 2799 cipio,
971 2758 1008 2788 id
1021 2767 1078 2788 nos
1093 2758 1152 2788 &c.
1192 2757 1278 2787 Puto
1293 2767 1360 2787 esse
1373 2757 1561 2787 delendum.

105 2802 253 2832 monitus
271 2802 390 2833 videat.
435 2802 476 2832 In
492 2802 554 2833 hoc
562 2804 636 2842 jam
651 2811 751 2842 supra
766 2801 814 2831 vi-
857 2801 891 2830 Si
905 2801 1056 2831 abessent
1079 2799 1199 2836 media,
1222 2800 1359 2830 voluisse
1380 2810 1448 2835 nos,
1464 2805 1563 2841 atque

106 2844 214 2881 dimus
227 2850 401 2885 peccatum
415 2854 493 2875 esse.
859 2844 969 2874 animo
983 2843 1193 2882 contendisse,
1208 2841 1319 2874 locum
1333 2842 1478 2875 haberet.

148 2889 191 2921 92
205 2887 382 2928 desiderat]
405 2887 546 2921 Videtur
558 2896 627 2919 esse
639 2886 816 2929 legendum

167 2944 329 2973 VOL.1.
798 2942 826 2970 O
851 2943 878 2971 0
