1945 3235
345 134 420 168 302
866 130 946 167 DE
973 128 1259 166 ORATORE

344 233 397 274 (le
419 234 699 284 continentia,
731 234 782 275 de
810 234 1050 290 prudentia,
1079 234 1132 274 (16
1157 231 1456 288 magnitudine
1485 230 1631 282 animi,
1652 230 1704 273 de
1727 229 1779 273 li-

346 291 582 342 beralitate,
604 292 657 332 de
680 291 852 347 pietate,
875 292 928 332 de
951 291 1156 340 amicitia,
1178 291 1230 331 (le
1253 290 1350 340 fide,
1381 289 1434 329 dc
1455 288 1614 339 offici0‚
1635 289 1688 330 de
1708 303 1778 330 ce-

346 348 445 388 teris
481 348 723 398 virtutibus,
754 349 1062 403 contrariisque
1092 348 1222 397 vitiis,
1253 346 1481 388 dicendum
1507 345 1664 386 oratori
1699 360 1777 401 pu-

347 414 508 446 temus:
542 406 728 460 itemque
749 406 802 446 de
824 406 1057 460 republica,
1087 404 1139 445 dc
1159 404 1353 459 imperio,
1375 403 1427 443 de
1451 416 1493 443 re
1516 401 1703 452 militari,
1722 402 1777 444 vde

345 462 572 518 disciplina
593 463 795 512 civitatis,
826 463 878 502 de
906 462 1127 503 hominum
1151 461 1365 501 moribus:
1398 473 1661 500 assumamus
1683 472 1778 500 eam

345 534 515 575 quoque
534 530 711 575 partem,
730 519 800 559 sed
820 519 892 568 ita,
913 527 959 559 ut
975 519 1030 558 sit
1049 518 1373 573 circumscripta
1390 516 1569 557 modicis
1593 515 1779 572 regioni-

284 577 437 617 Gsbus.
506 576 709 631 Equidem
732 576 891 625 omnia,
913 590 1009 630 qua:
1033 575 1248 630 pertinent
1269 575 1319 615 ad
1343 588 1462 615 usum
1488 573 1663 622 civium,
1686 586 1779 612 mo-

344 648 429 674 reni
456 633 692 682 hominum,
723 647 819 687 quae
844 641 1063 672 versantur
1096 634 1137 673 in
1168 631 1477 672 consuetudine
1507 630 1624 680 vitae,
1646 631 1689 670 in
1712 643 1777 669 ra-

345 691 460 730 tione
491 689 754 746 reipublicae,
788 690 829 729 in
855 689 933 730 liae
956 688 1160 729 societate
1180 689 1310 739 civili,
1342 688 1383 728 in
1408 702 1530 728 sensu
1553 686 1778 727 hominum

342 747 575 797 communi,
599 748 641 787 in
664 757 828 796 natura,
852 747 893 787 in
919 746 1121 795 moribus,
1143 744 1544 801 comprehendenda
1571 757 1662 784 esse
1682 757 1778 784 ora-

344 805 424 845 tori
449 814 576 859 puto:
611 804 644 844 si
668 803 822 853 minus,
845 812 893 844 ut
915 803 1141 858 separatim
1175 802 1227 843 (16
1257 803 1321 843 his
1351 803 1475 843 rebus
1499 800 1778 857 philosopho-

342 876 436 902 rum
461 875 576 901 inore
599 861 873 916 respondeat;
905 869 948 900 at
969 870 1102 910 certe,
1126 868 1172 899 ut
1191 861 1231 900 in
1250 874 1377 900 causa
1396 859 1623 914 prudenter
1644 858 1779 914 possit

343 919 560 960 intexere:
594 917 711 958 hisce
740 926 884 958 autem
906 917 1008 972 ipsis
1031 917 1083 957 de
1112 917 1236 957 rebus
1269 926 1313 956 ut
1339 916 1398 956 ita
1419 915 1631 970 loquatur,
1662 923 1709 955 ut
1732 915 1776 965 ii,

297 1005 299 1007 -
344 975 416 1029 qui
433 975 546 1029 jura,
577 975 650 1030 qui
671 975 801 1030 leges,
832 974 904 1028 qui
927 974 1123 1015 civitates
1145 973 1474 1023 constituerunt,
1505 972 1637 1013 locuti
1661 980 1774 1022 sunt,

344 1032 595 1087 simpliciter
626 1042 670 1072 et
701 1031 935 1087 splendide,
966 1031 1055 1072 sine
1094 1030 1176 1071 ulla
1213 1030 1318 1071 serie
1344 1028 1698 1085 disputationum,
1733 1037 1779 1069 et

284 1104 331 1137 69
345 1089 434 1130 sine
448 1088 602 1144 jejuna
633 1089 954 1130 concertatione
977 1088 1218 1129 verborum.
1279 1086 1379 1128 Hoc
1400 1087 1512 1137 1060,
1541 1099 1594 1126 116
1615 1100 1700 1140 qua
1721 1085 1776 1126 sit

342 1146 583 1197 admiratio,
606 1147 640 1186 si
675 1155 740 1186 tot
761 1154 1068 1201 ‚tantarumque
1097 1160 1235 1186 rerum
1263 1144 1379 1185 nulla
1405 1160 1430 1185 a
1462 1157 1531 1184 me
1558 1153 1777 1198 praecepta

341 1214 568 1259 ponentur,
591 1204 652 1244 sic
682 1212 846 1245 statuo:
876 1205 917 1233 45
934 1203 992 1244 Ut
1024 1203 1067 1243 in
1100 1202 1251 1243 ceteris
1284 1202 1462 1252 artibus,
1493 1215 1592 1242 cum
1619 1200 1776 1240 tradita

339 1262 427 1302 sint
457 1261 666 1315 cujusque
701 1260 802 1301 artis
831 1259 1097 1310 difficillima,
1128 1259 1303 1315 reliqua,
1331 1259 1432 1313 quia
1463 1266 1538 1300 aut
1568 1257 1776 1307 faciliora,

339 1328 414 1359 aut
435 1318 591 1358 similia
619 1318 717 1367 sint,
741 1317 849 1358 tradi
878 1332 965 1358 nou
996 1331 1168 1358 necesse
1200 1331 1313 1358 esse:
1348 1326 1394 1356 ut
1421 1316 1462 1356 in
1498 1316 1680 1372 pictura,
1701 1314 1776 1369 qui

338 1375 526 1416 hominis
561 1375 747 1431 speciem
777 1375 953 1430 pingere
982 1374 1271 1430 perdidicerit,
1303 1388 1426 1429 posse
1454 1387 1553 1413 eum
1586 1371 1776 1427 cujusvis

340 1432 406 1473 vel
428 1432 594 1483 formae,
618 1432 684 1473 vel
702 1432 856 1482 aetatis,
879 1431 1046 1472 etiamsi
1069 1446 1154 1473 non
1171 1430 1383 1481 didicerit,
1405 1430 1608 1486 pingere;
1636 1442 1777 1484 neque

338 1504 430 1530 esse
452 1489 702 1545 periculum,
733 1490 806 1544 qui
836 1489 1017 1539 leonem,
1040 1498 1114 1529 aut
1135 1498 1303 1529 taurum
1334 1488 1487 1544 pingat
1513 1486 1700 1543 egregie,
1721 1500 1776 1526 ne

339 1547 452 1587 idem
484 1547 524 1587 in
549 1546 694 1587 multis
717 1546 808 1586 aliis
835 1546 1182 1602 quadrupedibus
1214 1544 1353 1586 facere
1375 1559 1463 1586 non
1492 1544 1650 1600 possit:
1682 1547 1776 1596 (ne-

339 1618 422 1658 que
443 1613 508 1644 est
540 1605 717 1644 omnino
749 1618 815 1644 ars
848 1603 946 1654 ulla,
969 1604 1012 1644 in
1041 1618 1127 1659 qua
1153 1602 1312 1652 omnia,
1334 1616 1430 1657 quae
1459 1601 1531 1642 illa
1551 1608 1641 1642 arte
1661 1600 1775 1641 effici

339 1670 533 1716 possunt,
555 1676 580 1701 a
601 1661 778 1702 doctore
798 1661 1040 1703 tradantur:
1065 1660 1136 1701 sed
1155 1659 1229 1715 qui
1250 1658 1484 1715 primarum
1505 1666 1549 1699 et
1563 1667 1776 1699 certarum

339 1732 479 1759 rerum
503 1732 659 1773 genera
679 1719 774 1774 ipsa
804 1718 1061 1770 didicerunt,
1084 1717 1245 1772 reliqua
1268 1731 1355 1757 non
1387 1715 1660 1757 incommode
1681 1728 1776 1771 per-

276 1784 576 1830 70sequuntur
591 1778 620 1825 z)
652 1775 847 1816 similiter
869 1776 1066 1827 arbitror,
1099 1776 1142 1815 111
1172 1775 1252 1816 hac
1278 1774 1366 1815 sive
1387 1773 1566 1824 ratione,
1589 1772 1678 1813 sive
1698 1786 1775 1813 ex-

210 1833 591 1874 p·¹1⁵-ercitatione
627 1833 812 1883 dicendi,
845 1833 919 1888 qui
957 1833 1070 1874 illam
1104 1832 1192 1873 vim
1227 1831 1406 1887 adeptus
1443 1830 1512 1882 sit,
1543 1839 1592 1872 ut
1625 1844 1774 1870 eorum

294 1884 515 1940 a'menteS,
532 1889 604 1944 qui
627 1898 702 1931 aut
722 1890 774 1931 de
796 1890 1030 1946 republica,
1051 1898 1125 1931 aut
1145 1890 1198 1931 de
1219 1889 1352 1945 ipsius
1375 1889 1516 1940 rebus,
1537 1896 1612 1929 aut
1631 1887 1684 1928 de
1707 1887 1774 1938 iis,

336 1957 487 1988 contra
508 1962 630 2002 quOS,
653 1956 727 1988 aut
750 1962 825 2003 pro
847 1948 1002 2003 quibus
1023 1947 1154 1998 dicat,
1175 1961 1274 1987 cum
1297 1946 1440 2001 aliqua
1459 1944 1673 1986 statuendi
1696 1959 1772 2000 po-

334 2014 489 2046 testate
511 2005 701 2055 audiant‚
731 2005 784 2045 ad
807 2020 929 2046 suum
958 2005 1184 2046 arbitrium
1211 2018 1384 2044 movere
1413 2002 1562 2058 possit,
1585 2002 1699 2044 hunc
1720 2001 1773 2042 de

334 2070 428 2103 toto
451 2062 524 2102 illo
546 2077 701 2117 genere
722 2062 978 2117 reliquarum
1001 2062 1245 2103 orationum
1266 2075 1353 2102 non
1375 2060 1470 2116 plus
1491 2059 1774 2115 quaesiturum

333 2133 438 2169 esse,
469 2119 570 2174 quid
604 2119 734 2169 dicat,
766 2134 894 2174 quam
930 2119 1200 2174 Polycletum
1239 2118 1373 2169 illum,
1404 2131 1500 2158 cum
1539 2115 1774 2158 Herculem

333 2176 541 2232 fingebat,
563 2177 924 2231 quemadmodum
956 2176 1124 2232 pellem,
1154 2185 1229 2216 aut
1261 2175 1442 2230 hydram
1475 2174 1671 2230 fingeret,
1708 2182 1772 2215 et-

335 2233 456 2274 iamsi
479 2233 572 2273 haec
595 2247 830 2289 numquam
852 2234 1079 2289 separatim
1102 2233 1242 2281 facere
1261 2232 1496 2273 didicisset.

255 2298 319 2351 17
391 2289 502 2331 Tum
537 2289 740 2332 Catulus:
775 2290 985 2332 Praeclare
1017 2290 1124 2332 mihi
1160 2289 1331 2341 videris,
1366 2288 1547 2339 Antoni,
1579 2287 1771 2344 posuisse

270 2356 433 2406 71111116
454 2347 615 2398 oculos,
637 2348 740 2403 quid
761 2347 923 2389 discere
945 2357 1164 2404 oporteret
1184 2362 1297 2398 eum,
1315 2346 1389 2402 qui
1411 2354 1555 2387 orator
1572 2353 1682 2386 esset
1703 2344 1771 2386 fu-

335 2414 467 2457 turus,
499 2405 653 2460 46quid
685 2405 830 2457 etiam,
864 2405 899 2446 si
931 2419 1019 2446 non
1050 2405 1286 2457 didicisset,
1317 2418 1372 2446 ex
1410 2418 1476 2455 eo,
1511 2402 1628 2458 quod
1659 2401 1771 2443 didi-

371 2536 413 2564 45
442 2533 486 2565 Ut
510 2535 546 2564 in
569 2536 682 2565 ceteris
701 2534 855 2574 artibus]
881 2534 1028 2575 Longior
1069 2544 1130 2574 que
1145 2539 1191 2565 est
1205 2535 1335 2567 omnino
1353 2536 1701 2572 ars—persequuntur,
1717 2531 1772 2562 de-

329 2575 480 2617 periodus
501 2576 578 2606 fecit
593 2583 628 2606 et
645 2578 840 2618 corruptelis
862 2577 972 2608 locum
992 2582 1027 2608 et
1069 2577 1150 2607 bent
1176 2577 1210 2607 in
1225 2575 1411 2616 parenthesi
1435 2574 1523 2605 dicta
1545 2574 1662 2614 accipi,
1679 2574 1770 2613 cujus

329 2618 533 2649 obscuritati.
573 2618 688 2658 Itaque
703 2621 846 2659 primum
862 2619 1027 2658 corrigen-
1067 2619 1163 2658 signa
1176 2617 1377 2649 addidimus,
1414 2617 1468 2648 lta
1480 2617 1661 2647 obscuritas
1673 2616 1771 2646 tolle-

329 2660 371 2690 da
384 2660 461 2696 fuit,
485 2660 694 2700 dedimusque
719 2662 753 2690 in
774 2662 935 2702 principio
949 2662 1028 2698 sint,
1071 2666 1138 2691 tur.
1175 2661 1284 2699 Atque
1297 2660 1346 2690 ita
1354 2659 1455 2690 etiam
1470 2668 1537 2689 non
1553 2659 1773 2689 necessarium

330 2712 389 2743 pro
404 2707 494 2739 sunt,
508 2713 546 2732 ex
558 2702 628 2732 edd.
645 2707 724 2732 vett.
740 2704 860 2734 nostris
872 2708 905 2734 et
918 2704 1028 2738 Peare.
1072 2703 1135 2733 erit
1150 2713 1226 2734 cum
1241 2702 1374 2732 Pearcio
1387 2701 1496 2741 legere
1509 2709 1610 2741 neque
1623 2701 1710 2732 enim
1723 2704 1772 2732 est

329 2752 363 2775 et
380 2744 443 2775 Ms.
461 2745 500 2775 E.
517 2746 597 2775 item
620 2755 660 2774 ex
683 2745 796 2775 iisdem
820 2743 943 2776 necesse
965 2755 1031 2776 esse
1073 2756 1102 2776 o.
1117 2746 1179 2775 etsi
1193 2748 1243 2774 est
1257 2743 1400 2775 mollius.

329 2797 389 2827 pro
401 2791 449 2817 est
459 2799 468 2816 .-
489 2791 589 2826 atque
603 2787 650 2817 ita
665 2785 736 2817 haee
752 2797 825 2827 pars
839 2787 1026 2818 similitudi·
1111 2787 1154 2817 46
1176 2786 1253 2827 quid
1267 2787 1380 2823 etiam,
1403 2782 1665 2823 iri—assumere]
1700 2784 1771 2814 Pri-

323 2830 381 2859 .nis
403 2829 629 2859 conformatur
650 2828 758 2866 alteri,
782 2830 837 2860 ubi
861 2831 929 2860 sint
949 2839 1027 2860 con·
1070 2839 1162 2860 mum
1191 2828 1246 2859 hic
1271 2828 1574 2868 interpunctionem
1601 2826 1773 2865 antiquam

324 2871 469 2910 junctivi
483 2876 516 2902 et
532 2871 698 2902 infinitivi.
720 2871 848 2903 Deinde
860 2871 949 2903 haec:
971 2881 1028 2903 m-
1069 2871 1142 2903 edd.
1166 2881 1215 2912 pr.
1238 2870 1455 2909 restituimus,
1480 2873 1555 2912 post
1577 2869 1694 2902 etiaim
1718 2868 1774 2900 de-
