1945 3235
596 112 784 166 mmm
809 111 1139 164 SECUND'US.
1514 127 1591 162 ³23

142 233 393 276 summatim
424 231 574 275 causas
601 230 644 272 el:
676 236 835 288 genera
867 229 962 286 ips'a
993 224 1181 285 gustavi.
1239 228 1376 283 Valde
1403 223 1591 280 hercule,
1605 237 1677 292 37

141 291 284 348 inquit
304 290 499 342 Catulus,
520 289 686 340 timide,
708 297 911 343 tanquam
937 286 989 328 ad
1015 284 1416 341 aliquem-libidinis
1438 298 1593 343 scopu-
1608 310 1681 343 154

141 347 247 401 lum,
278 350 340 391 sic
372 358 491 390 tuam
525 358 714 388 mentem
752 345 806 386 ad
844 343 1164 401 philosophiam
1202 342 1423 399 appulisti,
1462 342 1594 400 quam

141 405 239 449 haec
261 407 414 448 civitas
436 413 663 461 aspernata
683 417 919 457 numquam
941 411 1020 442 est.
1077 401 1191 442 Nam
1213 409 1257 440 et
1279 399 1436 441 referta
1457 415 1595 456 quon·
1650 431 1669 445 ,-

139 464 240 505 dam
263 463 390 506 ltalia
408 462 784 518 Pythagoreorum
808 459 907 510 fuit,
932 469 1039 510 tum,
1057 472 1155 500 cum
1179 468 1270 499 erat
1292 458 1337 498 in
1362 457 1442 499 hac
1465 469 1595 514 gente
1648 462 1656 470 ⁴

143 535 303 577 magna
322 520 394 562 illa
416 520 611 562 Graecia:
643 532 698 559 ex
720 532 807 573 quo
841 517 972 558 etiam
995 516 1171 572 quidam
1201 515 1392 557 Numam
1417 514 1595 571 Pompi-

143 578 270 630 lium,
292 588 438 634 regem
469 585 682 625 nostrum,
706 574 838 616 fuisse
860 574 1188 631 Pythagoreum
1212 572 1382 626 ferunt3
1415 572 1488 628 qui
1522 587 1597 613 an-

142 636 209 678 nis
231 635 452 692 permultis
482 643 583 675 ante
615 632 714 684 fuit,
747 647 878 688 quam
901 633 993 689 ipse
1018 631 1316 687 Pythagoras:
1349 645 1436 686 quo
1466 630 1598 672 etiam

141 692 282 748 major
303 693 367 734 vir
388 691 611 733 habendus
634 699 714 741 est,
736 705 837 732 cum
860 689 975 731 illam
999 689 1254 745 sapientiam
1278 687 1597 730 constituendae

142 749 332 792 civitatis
366 749 536 791 duobus
569 761 707 805 prope
739 747 908 789 saeculis
945 756 1044 788 ante
1075 746 1300 803 cognovit,
1332 760 1461 801 quam
1501 759 1595 786 eam

143 806 290 849 Graeci
311 815 458 848 natam
480 820 572 847 esse
593 815 832 847 senserunt.
851 814 894 846 et
916 815 1032 846 certe
1054 819 1141 845 non
1165 803 1265 845 tulit
1287 803 1394 844 ullos
1418 803 1513 844 haezc
1535 803 1597 845 ci-

141 865 251 906 vitas
290 874 365 906 aut
406 864 546 921 gloria
585 863 801 914 clariores,
847 871 922 904 aut
960 862 1219 903 auctoritate
1257 861 1492 918 graviores,
1523 869 1600 902 aut

139 920 412 965 humanitate
434 922 671 979 politioreS,
704 919 755 962 P.
778 919 1002 971 Africano,
1026 919 1078 961 C.
1103 918 1254 970 Laelio,
1279 919 1328 960 L.
1353 918 1501 970 Furio,
1523 919 1597 974 qui

140 993 289 1021 secum
309 980 623 1022 eruditissimos
646 978 843 1020 homines
877 993 930 1019 ex
957 977 1132 1019 Graecia
1161 976 1304 1033 palam
1333 991 1501 1032 semper
1522 976 1599 1017 ha-

142 1038 343 1080 buerunt.
402 1037 549 1093 Atque
581 1050 664 1093 ego
695 1050 751 1077 ex
783 1036 877 1076 istis
916 1050 1031 1091 saepe
1064 1035 1225 1086 audivi,
1257 1049 1357 1075 cum
1389 1035 1684 1086 dicerent,l55

142 1104 393 1152 pergratum
415 1094 705 1137 Athenienses
726 1103 770 1134 et
791 1093 874 1134 sibi
897 1092 1064 1144 fecisse,
1091 1101 1136 1133 et
1157 1091 1304 1133 multis
1327 1092 1598 1149 principibus

140 1153 347 1204 civitatis,
378 1153 510 1209 quod,
543 1167 643 1194 cum
677 1151 731 1193 ad
765 1159 961 1192 senatum
994 1151 1159 1206 legatos
1194 1150 1247 1190 de
1277 1151 1364 1191 suis
1394 1150 1598 1192 maximis

140 1211 268 1252 rebus
300 1211 539 1261 mitterent,
559 1220 646 1250 tres
670 1209 782 1250 illius
814 1209 955 1249 aetatis
988 1207 1282 1250 nobilissimos
1313 1204 1598 1264 philosophos

139 1268 371 1322 misissent,
405 1268 687 1319 Carneadem,
710 1275 753 1307 et
778 1265 1037 1318 Critolaum,
1061 1275 1106 1306 et
1130 1264 1393 1322 Diogenem.
1444 1264 1599 1321 Itaque

141 1339 230 1378 eos,
252 1326 356 1368 dum
379 1325 535 1367 Romae
557 1334 717 1375 essent,
745 1333 789 1365 et
816 1339 842 1364 a
871 1338 930 1376 se,
961 1334 1006 1365 et
1033 1324 1088 1364 ab
1122 1323 1215 1364 aliis
1244 1322 1493 1378 frequenter
1521 1339 1597 1364 au-

140 1383 282 1426 ditos:
316 1398 424 1439 quos
455 1393 503 1424 tu
541 1397 641 1424 cum
670 1381 851 1422 haberes
886 1391 1096 1433 auctores,
1128 1380 1310 1432 Antoni,
1342 1381 1489 1432 miror,
1520 1387 1729 1426 cu‘rp.123,

141 1440 446 1498 philosophiae,
469 1441 581 1482 sicut
600 1439 763 1481 Zethus
786 1439 856 1481 ille
881 1439 1169 1491 Pacuvianus,
1192 1453 1328 1495 prope
1349 1437 1506 1480 bellum
1529 1439 1595 1480 in-
1607 1439 1637 1460 ἃ·

138 1499 316 1541 dixeris,
377 1496 581 1550 Minime,
614 1498 757 1553 inquit
777 1496 1020 1539 Antonius:
1054 1499 1095 1529 2⁴2
1107 1511 1158 1538 ac
1180 1498 1242 1538 sic
1261 1496 1431 1538 decrevi
1455 1493 1596 1553 philo-
1613 1498 1686 1533 156

139 1556 313 1614 sophari
336 1556 497 1614 potius,
528 1565 577 1597 ut
601 1555 916 1611 Neoptolemus
935 1555 1050 1611 apud
1075 1553 1264 1595 Ennium
1280 1553 1450 1609 paucis:
1484 1553 1598 1607 Nam

139 1613 303 1656 omnino
340 1614 452 1655 haud
481 1613 636 1669 placet.
697 1613 782 1653 Sed
819 1620 964 1653 tamen
999 1612 1095 1654 haec
1133 1622 1199 1652 est
1236 1626 1333 1652 mea
1371 1613 1600 1664 sententia,

138 1686 268 1727 quam
291 1672 469 1713 videbar
489 1670 757 1729 exposuisse.
779 1684 862 1727 ego
886 1670 969 1713 ista
991 1670 1134 1712 studia
1154 1684 1242 1710 non
1266 1670 1483 1726 improbO,
1507 1684 1602 1724 mo·

140 1730 290 1770 derata
311 1729 441 1770 modo
471 1729 582 1771 sinti
616 1727 868 1784 opinionem
892 1728 1074 1769 istorum
1105 1727 1375 1778 studiorum,
1394 1736 1437 1767 et
1461 1727 1601 1784 suspi-

142 1785 313 1828 cionem
346 1786 519 1828 artificii
543 1787 657 1843 apud
680 1800 768 1837 eOS,
799 1786 872 1841 qui
896 1799 962 1826 res
976 1786 1195 1842 judicent,
1217 1785 1377 1826 oratori
1400 1784 1599 1826 adversm

141 1844 249 1885 riam
284 1858 378 1886 esse
413 1845 614 1885 arbitror.
644 1843 866 1885 imminuit
907 1844 1023 1885 enim
1065 1852 1109 1885 et
1142 1843 1325 1884 oratoris
1362 1841 1598 1884 auctorita·
1653 1883 1658 1891 ,

143 1911 247 1952 tem,
277 1911 322 1943 et
355 1902 563 1943 orationis
600 1901 745 1942 fidem.
805 1901 905 1952 Sed,
938 1912 988 1942 ut
1016 1916 1068 1942 eo
1099 1909 1340 1952 revocetur,
1371 1900 1483 1941 unde
1509 1900 1683 1954 hu038

135 1955 379 2001 declinavit
412 1960 566 2010 oratio,
609 1974 664 2000 ex
707 1958 844 1999 tribus
886 1958 980 2000 istis
1021 1959 1267 2000 clarissimis
1311 1957 1685 2015 philosophis,157

141 2025 251 2072 quos
275 2015 463 2058 Romam
486 2018 652 2059 venisse
677 2015 844 2067 dixisti,
867 2016 1042 2058 videsne
1073 2016 1319 2073 Diogenem
1346 2015 1493 2067 fuisse,
1522 2016 1597 2071 qui

134 2074 316 2126 diceret,
339 2084 475 2116 artem
498 2090 543 2116 se
561 2074 728 2116 tradere
751 2075 860 2115 bene
878 2074 1130 2126 disserendi,
1148 2084 1193 2115 et
1215 2088 1315 2115 vera
1335 2089 1385 2114 ac
1409 2073 1515 2114 falsa
1532 2074 1598 2115 di·-

131 2132 377 2188 judicandi,
399 2147 529 2188 quam
553 2133 684 2174 verbo
719 2131 879 2173 Graeeo
907 2131 1113 2172 διαλεκτικὴν
1137 2131 1396 2188 appellaret?
1429 2130 1495 2172 In·
1514 2131 1597 2173 hac

139 2199 245 2242 arte,
277 2190 310 2231 si
334 2191 463 2232 modo
486 2201 551 2231 est
581 2190 676 2232 haec
701 2204 783 2242 ars,
814 2189 979 2230 nullum
1001 2198 1066 2230 est
1087 2198 1371 2246 praeceptum,
1394 2204 1480 2244 quo
1502 2203 1597 2230 nio-
1629 2231 1631 2233 ,

138 2246 195 2289 do
216 2261 367 2289 verum
395 2248 655 2299 inveniatur,
687 2247 760 2288 sed
790 2257 959 2288 tantum
980 2256 1060 2299 est,
1091 2262 1178 2302 quo
1209 2246 1595 2302 modojudicetur.

137 2305 178 2337 23
193 2305 308 2347 Nam
333 2315 377 2347 et
400 2320 543 2357 omne,
565 2305 682 2362 quod
715 2305 958 2361 eloquimur
992 2305 1067 2356 sic,
1100 2314 1148 2346 ut
1178 2304 1221 2346 id
1252 2314 1328 2345 aut
1360 2318 1450 2344 esse
1476 2302 1681 2348 dica-1553

137 2369 249 2414 mus,
280 2373 355 2404 aut
384 2379 472 2405 non
505 2378 611 2416 esse,
642 2373 684 2403 et
714 2363 749 2403 si
782 2361 1035 2419 simpliciter
1064 2362 1231 2405 dictum
1260 2362 1330 2413 sit,
1352 2362 1596 2417 suscipiunt

138 2419 370 2473 dialectici,
402 2431 449 2463 ut
474 2421 691 2477 judicent,
723 2434 928 2461 verumne
957 2420 1027 2470 sit,
1055 2433 1109 2461 an
1143 2419 1320 2462 falsum:
1353 2429 1396 2460 et
1431 2420 1464 2459 si
1490 2434 1595 2460 con-

133 2475 287 2533 juncte
310 2479 365 2520 sit
385 2479 562 2532 elatum,
584 2488 628 2520 et
648 2478 855 2534 adjuncta
873 2479 959 2519 sint
976 2478 1073 2530 alia,
1088 2477 1307 2533 judicent,
1328 2487 1500 2518 rectene
1519 2477 1594 2518 ad*-

179 2592 221 2623 22
242 2601 282 2623 ae
308 2589 355 2623 ⁴⁸20
382 2593 484 2635 decr]
531 2593 693 2625 Putabam
726 2602 840 2623 verum
883 2591 1019 2622 lecticos
1034 2591 1133 2622 modo
1143 2591 1308 2631 judicare,
1323 2596 1358 2623 et
1373 2591 1506 2631 quidem
1528 2592 1594 2632 pri„

137 2641 218 2670 esse,
241 2639 279 2676 ιιι,
291 2636 338 2666 sie
351 2635 384 2666 d.
430 2636 501 2667 Nec
523 2636 674 2677 impedit,
689 2635 777 2676 quod
791 2645 840 2665 se·
883 2644 938 2665 mo
953 2635 987 2664 in
1002 2634 1202 2671 enunciatis,
1218 2635 1253 2664 ‘m
1269 2634 1385 2674 quibus
1396 2632 1518 2673 aliquid
1533 2641 1592 2672 aut

138 2676 266 2714 quitur:
306 2677 372 2709 Sed
385 2682 509 2711 tamen.
552 2679 641 2710 Nam
658 2679 690 2710 id
705 2686 768 2714 est,
784 2677 840 2708 sed
883 2687 952 2707 esse
964 2682 1022 2708 aut
1037 2687 1103 2707 non
1119 2686 1187 2707 esse
1200 2677 1360 2713 dicamus,
1377 2681 1411 2707 et
1424 2686 1500 2707 cum
1515 2677 1592 2706 sim-

137 2723 178 2748 ut
191 2718 274 2750 serio
287 2719 393 2751 dicam
409 2722 467 2752 &c.
884 2720 1015 2760 pliciter
1029 2720 1240 2760 praedicatur,
1259 2725 1293 2749 et
1308 2730 1383 2750 cum
1399 2719 1590 2758 conjuncte,

179 2762 220 2792 23
245 2761 339 2792 Nam
354 2767 385 2794 et
400 2773 492 2794 omne
507 2763 582 2803 &c.]
630 2763 669 2794 In
689 2763 752 2793 hoc
766 2762 840 2793 loco
885 2763 907 2793 i.
923 2773 951 2793 e.
975 2772 1051 2793 eum
1066 2762 1270 2800 conditione,
1285 2768 1324 2792 ut
1340 2762 1445 2794 nostri
1461 2759 1590 2792 dicunt.

138 2805 174 2834 et
188 2802 264 2834 libri
278 2805 419 2843 variant,
434 2811 467 2836 et
475 2805 602 2845 judicia
615 2807 762 2836 virorum
783 2805 841 2835 do·
883 2804 934 2835 Ad
948 2809 1134 2836 extremum
1148 2815 1207 2845 pro
1220 2809 1251 2835 et
1261 2805 1372 2844 potius
1382 2805 1525 2840 detestor,
1541 2804 1595 2834 vel

138 2848 281 2876 ctorum.
326 2847 397 2887 Ego
416 2853 551 2879 tantum
575 2849 719 2889 primum
735 2851 766 2878 et
785 2847 841 2879 de·
878 2857 916 2888 p.
930 2847 1106 2888 legendum
1122 2851 1191 2879 est:
1214 2851 1263 2886 est
1280 2847 1368 2880 enim
1385 2846 1557 2886 correctio.

136 2884 273 2920 lendum
286 2894 381 2930 puto.
424 2890 507 2922 Vult
518 2891 744 2925 demonstrare
760 2890 841 2920 Dia-

823 2939 904 2974 ΥΩ
