1945 3235
360 128 409 161 58
819 129 898 167 AD
930 127 1302 166 HERENNIUM

359 225 481 275 lator,
543 226 882 282 Commutandis,
913 232 995 273 hoc
1020 231 1169 272 modo:
1205 230 1402 286 Deligcre
1434 238 1617 284 oportet,
1643 241 1770 285 quem

362 283 464 324 velis
486 284 676 339 diligere.
737 287 820 329 Hae
851 299 949 329 sunt
970 287 1354 335 annouiinationes,
1375 288 1415 316 ‘2⁰
1428 300 1524 339 quae
1547 286 1588 326 in
1610 285 1781 327 littera·-

365 354 455 380 rum
488 342 602 383 brevi
633 346 984 393 commutatione,
1018 356 1089 385 aut
1123 344 1417 399 productione,
1437 347 1473 375 21
1490 353 1564 382 aut,
1594 341 1768 383 transla-

282 392 348 441 ΞΕ.)
366 396 494 448 tione,
511 411 585 440 aut
603 399 745 455 aliquo
769 401 1011 455 hujusmodi
1031 414 1184 456 genere
1208 409 1438 440 versantur.
1498 398 1607 438 Sunt
1627 407 1770 439 autem

300 453 472 506 30aliae,
493 470 589 510 quae
622 471 706 497 non
742 457 899 497 babent
930 467 1016 498 tam
1044 457 1324 513 propinquam
1348 455 1389 495 in
1415 455 1553 496 verbis
1574 453 1772 496 similitu-

359 510 519 561 dinem,
539 524 582 552 et
608 523 746 554 tamen
769 514 993 554 dissimiles
1026 528 1110 554 non
1140 524 1262 554 sunt:
1285 512 1439 567 quibus
1468 511 1520 552 de
1544 510 1772 566 generibus

358 581 488 608 unum
512 580 574 609 est
598 569 864 623 hujusmodi:
898 571 1015 616 Quid
1037 571 1217 620 veniam,
1237 570 1310 624 qui
1326 569 1419 618 sim,
1441 581 1570 622 quare
1589 567 1772 618 veniam,

355 639 481 678 quem
505 625 758 675 insimulem,
781 627 848 667 cui
879 628 1053 682 prosim,
1074 641 1200 681 quem
1223 625 1447 681 postulem,
1472 623 1588 664 brevi
1609 635 1772 680 cogno-

356 681 495 722 scetis.
558 682 667 722 Nam
694 682 763 723 hic
791 693 855 724 est
884 683 927 723 in
949 683 1204 738 quibusdam
1227 683 1365 723 verbis
1397 680 1594 736 quaedam
1624 677 1772 721 simili-

357 737 459 778 tudo
482 752 566 778 non
598 751 684 779 tam
716 738 969 789 affectanda,
991 754 1117 794 quam
1148 739 1230 780 illae
1258 739 1508 794 superioreS,
1537 737 1608 778 sed
1630 746 1773 777 tamen

355 793 596 835 adhibenda
627 809 947 851 nonnunquam.
1007 796 1200 836 Alterum
1222 810 1356 850 genus
1389 793 1659 848 hujusmodi:
1686 791 1773 834 De·

356 865 448 890 mus
462 865 649 906 operam,
665 852 869 902 Quirites,
892 867 944 892 ne
958 853 1133 893 omnino
1156 852 1302 892 Patres
1325 850 1570 906 Conscripti
1589 849 1772 890 circum-

356 907 502 962 scripti
525 918 740 963 putentur.
790 908 901 950 Haec
922 909 1215 949 annominatio
1237 908 1402 949 accedit
1423 908 1559 963 magis
1580 906 1633 948 ad
1655 905 1773 947 simi-

355 963 594 1015 litudinem,
613 979 739 1019 quam
759 965 970 1021 superior:
994 965 1064 1006 sed
1089 965 1242 1015 minus,
1261 978 1388 1018 quam
1408 964 1489 1005 illae
1510 963 1772 1019 superiores:

356 1031 581 1075 propterea
601 1021 715 1076 quod
738 1037 822 1062 non
847 1022 983 1063 solum
1011 1021 1184 1071 additae,
1207 1021 1277 1061 sed
1301 1034 1386 1061 uno
1405 1031 1595 1075 tempore
1616 1019 1772 1060 demtae

355 1091 526 1132 quoque
558 1077 710 1119 litterae
740 1087 852 1119 sunt.
911 1077 1102 1120 Tertium
1125 1092 1259 1134 genus
1279 1085 1358 1126 est,
1382 1076 1499 1132 quod
1519 1085 1708 1117 versatur
1729 1075 1773 1116 in

359 1147 533 1174 casuum
562 1136 913 1186 commutatione,
944 1144 1018 1176 aut
1049 1135 1186 1186 unius,
1219 1144 1293 1175 aut
1323 1133 1506 1189 plurium
1536 1132 1773 1173 nominum.

298 1191 345 1225 31
362 1190 497 1231 Unius
521 1192 718 1242 nominis,
744 1192 824 1233 boc
854 1192 1006 1233 modo:
1031 1190 1274 1232 Alexander
1305 1190 1491 1231 Macedo
1522 1203 1689 1230 summo
1713 1187 1774 1230 la-

361 1247 461 1288 bore
488 1249 677 1288 animum
699 1249 751 1289 ad
778 1249 975 1289 virtutem
997 1264 1022 1289 a
1043 1249 1226 1304 pueritia
1245 1249 1286 1280 22
1298 1245 1583 1288 confirmavit.
1641 1244 1776 1286 Alex-

355 1304 475 1345 andri
499 1305 676 1345 virtutes
706 1320 780 1360 per
801 1306 948 1346 orbem
975 1314 1097 1346 terrae
1120 1307 1159 1336 ‘23
1173 1318 1271 1346 cum
1297 1303 1420 1345 laude
1441 1312 1484 1344 et
1506 1302 1643 1358 gloria
1659 1309 1774 1343 sunt.

354 1359 599 1402 Alexandro
630 1362 663 1401 si
696 1362 783 1402 vita
818 1362 987 1418 longior
1027 1362 1127 1404 data
1163 1370 1287 1411 esset,
1318 1362 1358 1392 24
1373 1360 1594 1402 Oceanum
1623 1371 1776 1400 manus

355 1416 646 1458 Macedonum
667 1418 978 1460 transvolasset.
1019 1418 1312 1460 Alexandrum
1334 1431 1495 1467 omnes,
1518 1424 1566 1458 ut
1585 1415 1775 1457 maxime

352 1484 611 1525 metuerunt,
649 1475 752 1516 item
791 1475 1019 1531 plurimum
1057 1475 1313 1516 dilexerunt.
1373 1473 1500 1514 Varie
1534 1472 1604 1514 hio
1640 1485 1775 1513 unum

356 1545 508 1572 nomen
534 1532 576 1571 in
598 1533 934 1573 commutatione
955 1547 1130 1574 casuum
1155 1531 1392 1572 volutatum
1413 1538 1491 1570 est.
1553 1528 1682 1570 Plura
1697 1542 1776 1570 no-

352 1587 470 1628 mina
502 1588 668 1628 casibus
698 1589 987 1640 commutatis,
1020 1589 1102 1630 hoc
1135 1588 1263 1628 modo
1285 1589 1324 1619 ‘25
1339 1586 1498 1628 facient
1523 1584 1774 1626 annomina-

356 1644 536 1686 tionem:
569 1644 636 1685 Ti.
669 1645 915 1687 Gracchum
957 1645 1264 1702 rempublicam
1302 1643 1670 1684 administrantem
1709 1641 1775 1682 in-

354 1701 484 1756 digna
505 1701 726 1757 prohibuit
748 1717 831 1743 nex
853 1703 1013 1744 diutius
1036 1704 1079 1744 in
1097 1716 1146 1743 ea
1167 1701 1438 1742 commorari.
1497 1698 1549 1741 C.
1573 1698 1774 1740 Graccho

352 1758 546 1799 similiter
563 1759 722 1800 occisio
746 1759 889 1800 oblata
909 1770 987 1811 est,
1009 1775 1105 1815 quae
1119 1759 1253 1801 virum
1269 1756 1517 1814 reipublicae
1535 1755 1775 1798 amantissi-

390 1950 432 1979 ‘20
453 1948 536 1989 Quoe
555 1950 588 1978 ἰη
604 1949 791 1979 litterarum
806 1949 867 1989 lm]
894 1949 945 1979 Sic
959 1949 1038 1979 Mss.
1082 1953 1191 1979 terum
1205 1958 1331 1984 omnes,
1347 1949 1492 1987 vulgate
1500 1950 1595 1978 sunt:
1607 1948 1642 1977 et
1654 1944 1775 1976 sicfere

351 1995 383 2018 ct
399 1989 469 2019 edd.
484 1995 561 2020 ante
586 1990 702 2021 Lamb.
723 2000 848 2027 omnes,
870 1992 925 2030 qui
939 1991 1040 2022 edidit
1083 1991 1161 2021 Mss.
1185 1991 1314 2030 quidam
1337 1991 1449 2025 etiam,
1472 1993 1512 2019 ut
1529 1988 1622 2019 Voss.
1646 1989 1677 2018 2.
1697 1993 1776 2019 eunt

352 2032 385 2060 in
408 2033 595 2067 literatura,
614 2033 660 2062 br.
680 2042 705 2061 c.
733 2033 788 2062 &cz
814 2033 976 2069 consulto,
997 2044 1038 2063 an
1077 2035 1293 2072 per1·ulgatoe‚
1320 2031 1406 2071 quod
1432 2030 1539 2071 placet
1564 2028 1712 2060 Oudend.
1741 2035 1776 2060 et

351 2073 431 2102 vitio
458 2083 642 2113 operarum,
669 2074 839 2104 incertum.
885 2075 924 2104 ln
952 2075 1038 2104 notis

351 2114 478 2153 quidem
496 2115 575 2145 nihil
591 2116 772 2146 admonuit.
816 2116 900 2146 Eum
913 2122 1042 2147 secutus

352 2164 401 2186 vst
416 2157 587 2193 Gruterus,
608 2157 686 2187 alias
708 2164 881 2198 perpetuus
901 2160 969 2196 ejus
993 2159 1041 2188 in-

352 2204 500 2228 sacrator.
525 2198 643 2229 Brevis
654 2201 862 2229 commutatio
874 2205 922 2230 cst
935 2205 1041 2230 muta-

352 2241 399 2269 tio
413 2239 519 2279 longae
535 2242 569 2270 in
583 2241 713 2271 brevem
727 2241 894 2281 syllabam.

395 2284 430 2313 21
448 2283 516 2313 Ant
542 2284 764 2313 translatione.
786 2283 838 2313 Sic
854 2283 924 2314 edd.
950 2285 1038 2317 1474.

359 2326 445 2356 1475.
460 2324 547 2354 Med.
575 2327 662 2358 1493.
684 2325 776 2355 Junt.
801 2325 873 2355 Ald.
897 2326 953 2356 διο.
996 2326 1040 2356 At

352 2365 439 2396 Med.
467 2369 554 2400 1474.
574 2374 607 2396 et
631 2367 708 2398 Mss.
733 2367 878 2407 pluribus
901 2366 1042 2408 transje-

351 2409 463 2443 ceimze‚
479 2409 564 2447 quod
579 2408 663 2438 Oud.
681 2410 883 2449 praeferebat.

393 2452 432 2480 <22
453 2450 685 2490 Confirmant]
711 2452 763 2481 Sic
775 2461 835 2481 scr.
847 2455 881 2481 ct
893 2451 962 2481 edd.
973 2460 1042 2481 om-

1081 2080 1129 2103 est
1144 2084 1220 2104 sane
1236 2075 1439 2104 numerosius
1453 2077 1488 2103 et
1509 2071 1631 2102 oratori
1653 2071 1773 2112 aptius.

1085 2118 1260 2154 sequentes
1294 2115 1372 2145 duas
1406 2115 1526 2145 formas
1553 2118 1775 2152 transponunt

1085 2157 1161 2187 Mss.
1175 2157 1317 2196 quidam,
1334 2165 1369 2187 ut
1382 2156 1509 2187 datims
1523 2155 1611 2196 prior
1623 2155 1667 2185 sit
1680 2164 1773 2186 accu-

1082 2201 1197 2229 sativo.
1231 2205 1330 2235 recte,
1365 2204 1405 2228 ut
1438 2198 1564 2238 opinor.
1619 2196 1774 2228 Ceterum

1082 2243 1262 2271 tte—item
1283 2251 1382 2280 supra
1397 2241 1469 2279 jam
1497 2238 1690 2275 habuimu53
1713 2247 1774 2269 nec

1081 2282 1196 2319 delevi,
1219 2287 1258 2312 ut
1281 2282 1430 2313 Oudend.
1453 2280 1600 2312 volebat:
1627 2279 1774 2311 membra

1083 2325 1197 2355 melius
1212 2329 1399 2355 nectuntur.

1125 2369 1166 2398 24
1185 2367 1349 2397 Oceanum
1361 2376 1404 2396 m.
1416 2364 1505 2396 Mac.
1519 2363 1578 2404 tva]
1611 2363 1664 2394 Sic
1684 2362 1774 2394 dedit

1085 2408 1254 2439 Gruterus.
1312 2408 1418 2439 Locus
1443 2407 1530 2437 varie
1556 2405 1774 2446 interpolatus

1084 2457 1147 2487 est,
1170 2451 1289 2489 aliique
1313 2450 1386 2480 libri
1408 2449 1543 2484 habent,
1569 2457 1696 2484 nomen,
1717 2446 1774 2478 alii

352 2501 417 2522 nes.
461 2492 606 2522 Graevius
642 2493 781 2523 malebat
817 2492 1042 2532 cmgfhrmavit,
1075 2491 1191 2531 fama,
1213 2493 1268 2522 alii
1280 2493 1408 2532 gloria:
1423 2491 1457 2520 in
1471 2489 1663 2529 quibusdam
1677 2481 1774 2530 plene

352 2533 438 2572 quod
452 2540 485 2563 et
509 2533 656 2573 placebat
678 2535 924 2574 Oudendorpio:
951 2545 989 2566 eo
1009 2539 1043 2565 et

353 2576 419 2615 ipse
445 2575 577 2606 inclino.
602 2587 632 2606 v.
661 2576 748 2606 Clav.
775 2578 810 2607 in
831 2577 1042 2617 confirmatio.

354 2618 438 2647 Ante
453 2617 524 2647 dedi
545 2618 711 2655 vincerem,
725 2619 810 2657 quod
824 2618 946 2649 habent
963 2619 1042 2649 Mss.

354 2658 460 2699 plures
482 2664 516 2688 tt
539 2659 700 2695 meliores,
725 2661 804 2693 item
826 2659 875 2690 ed.
899 2660 986 2694 1474.
1009 2666 1044 2692 et

353 2701 426 2730 aliae
440 2706 575 2738 veteres,
590 2706 624 2731 et
637 2708 686 2732 est
702 2702 735 2732 in
747 2702 809 2733 hac
822 2702 928 2732 forma
942 2703 1041 2734 usita-

350 2743 426 2773 tius.

393 2787 431 2816 93
453 2785 486 2816 C.
505 2787 526 2815 l.
549 2795 573 2815 e.
594 2786 702 2824 gloria
724 2785 826 2825 sune-J
851 2785 938 2818 Ante
959 2785 1042 2817 Gru-

1086 2534 1212 2564 nullim
1240 2540 1289 2565 est
1321 2532 1598 2564 substantivorum
1623 2530 1772 2562 illorum:

1084 2575 1170 2606 unde
1205 2575 1452 2616 Oudendorpius
1480 2574 1630 2614 putabat,
1663 2573 1774 2613 legen·

1084 2617 1162 2665 dum
1171 2627 1245 2665 'esse
1261 2619 1316 2650 Oc.
1328 2616 1462 2649 Macedo
1476 2619 1599 2646 transv.
1607 2614 1694 2654 quod
1706 2623 1773 2645 non

1086 2659 1323 2733 ὠξὲκῖξιϊὶεηι
1346 2699 1438 2738 ann]
1470 2699 1523 2730 Sic
1543 2699 1622 2748 Mss.
1643 2703 1679 2730 et
1702 2697 1773 2746 edu,

1085 2740 1774 2824 3213?ssssieffiussffssfflgssssssjissssussffb¹⁰
