1945 3235
327 134 406 172 396
847 129 928 170 DE
970 129 1256 170 ORATORE
1277 127 1282 131 ⁵

267 249 317 285 93
332 238 457 278 rebus
481 234 726 277 satisfacere
745 250 814 277 me
837 251 961 292 posse
982 236 1083 277 huic
1106 236 1266 293 populo
1288 249 1375 276 non
1398 231 1618 291 putabam.
1661 227 1767 278 Verss

332 295 484 335 borum
508 293 819 350 eligendorum,
849 305 895 335 ‘et
921 294 1283 344 collocandorum,
1308 303 1350 333 et
1374 292 1767 335 concludendorum

331 351 469 393 facilis
497 360 562 392 est
585 351 649 392 vel
675 351 798 402 ratio,
823 351 887 392 vel
913 351 1002 392 sine
1029 352 1208 401 ratione,
1232 351 1324 407 ipsa
1349 349 1620 392 exercitatio.
1680 349 1767 392 Re-

329 424 425 450 rum
447 419 511 450 est
533 409 640 450 silva
664 424 833 466 magna,
861 424 990 464 quam
1018 424 1115 450 cum
1151 408 1296 450 Graeci
1321 408 1414 463 jam
1446 421 1532 448 non
1559 416 1767 459 tenerent,

329 468 387 508 ob
408 481 588 522 eamque
615 466 1006 521 causamjuventus
1034 475 1179 511 nostra
1199 466 1435 506 dedisceret
1460 478 1584 521 paene
1601 464 1770 506 discen-³

329 525 401 575 do,
433 525 563 565 etiam
600 523 757 574 Latini,
792 524 825 563 si
851 524 931 563 diis
967 523 1118 578 placet,
1155 524 1236 564 hoc
1271 523 1443 563 biennio
1475 522 1669 578 magistri
1699 522 1766 563 di-

329 582 453 623 cendi
477 581 760 622 exstiterunt:
792 595 900 635 quos
922 595 1003 635 ego
1027 595 1178 621 censor
1206 581 1348 622 edicto
1371 595 1466 621 meo
1489 579 1768 631 sustuleram3

329 654 417 680 non
439 654 524 694 quo
547 644 614 691 (ut
636 638 780 678 nescio
803 652 909 692 quos
931 638 1073 678 dicere
1095 638 1286 688 aiebant)
1308 639 1402 679 acui
1430 636 1604 693 ingenia
1625 636 1769 677 adole-

331 697 540 738 scentium
562 695 732 746 nollem,
755 696 825 736 sed
845 705 995 735 contra
1017 695 1191 750 ingenia
1208 695 1389 736 obtundi
1413 694 1546 745 nolui,
1564 695 1769 735 corrobo-

267 762 318 798 94
331 755 411 795 rari
438 753 762 809 impudentiam.
826 752 938 793 Nam
961 753 1073 808 apud
1095 751 1289 804 Graecos,
1321 756 1360 783 80
1373 753 1446 807 qui
1468 752 1680 806 ejusmodi
1703 766 1769 792 es-

330 821 438 862 sent,
463 811 659 851 videbam
684 821 823 850 tamen
848 824 952 860 esse,
983 818 1139 864 praeter
1169 809 1278 850 hanc
1303 809 1658 850 exercitationem
1688 808 1769 849 lin-

328 884 442 925 guae,
462 869 702 909 doctrinam
725 867 911 922 aliquam
926 876 969 907 et
990 870 1024 897 81
1042 867 1353 907 humanitatem
1370 867 1545 923 dignam
1565 867 1766 907 scientia:

328 927 407 966 hos
431 940 530 966 vero
553 940 687 966 novos
717 925 946 980 magistros
978 923 1087 964 nihil
1120 924 1413 982 intelligebam
1448 938 1571 979 posse
1599 924 1767 974 docere,

327 984 410 1024 nisi
435 992 480 1023 ut
503 983 732 1023 auderent:
766 982 882 1037 quod
904 982 1033 1022 etiam
1055 996 1152 1022 cum
1179 982 1301 1021 bonis
1324 982 1448 1022 rebus
1471 981 1769 1036 conjunctum,

330 1056 404 1097 per
426 1056 469 1081 se
493 1040 632 1096 ipsum
661 1048 726 1081 est
749 1053 1011 1096 magnopere
1041 1038 1311 1095 fugiendum.
1372 1038 1472 1080 Hoc
1507 1053 1607 1079 cum
1635 1053 1768 1079 unum

331 1098 582 1149 traderetur,
619 1107 663 1138 et
700 1112 799 1139 cum
837 1097 1117 1153 impudentiae
1160 1096 1283 1137 ludus
1321 1104 1457 1148 esset;
1489 1095 1635 1152 putavi
1675 1109 1768 1137 esse

268 1163 317 1198 95
331 1156 533 1206 censoris,
557 1169 609 1196 ne
627 1155 798 1211 longius
821 1154 862 1196 id
886 1164 1086 1210 serperet,
1111 1154 1348 1209 providere.
1386 1154 1658 1209 Quamquam
1682 1167 1769 1195 non

330 1214 424 1255 haec
458 1214 518 1254 ita
549 1223 692 1254 statuo
723 1222 851 1267 atque
883 1213 1082 1262 decerno,
1115 1222 1161 1252 ut
1193 1212 1429 1267 desperem,
1463 1211 1594 1252 latine
1620 1223 1684 1261 ea,
1715 1210 1770 1251 de

328 1272 486 1326 quibus
508 1270 838 1327 disputavimuS,
869 1272 908 1302 82
924 1270 1032 1310 tradi
1055 1284 1104 1310 ac
1128 1269 1352 1325 perpoliri:
1386 1269 1548 1324 patitur
1579 1268 1695 1309 enim
1724 1276 1769 1309 et

327 1328 477 1385 lingua
499 1339 657 1378 nostra,
680 1337 724 1369 et
755 1337 907 1368 natura
935 1342 1089 1377 rerum,
1113 1338 1300 1368 veterem
1328 1326 1442 1367 illam
1464 1325 1771 1368 excellentem-

327 1401 411 1442 que
450 1386 721 1442 prudentiam
762 1385 1016 1426 Graecorum
1050 1384 1103 1425 ad
1139 1395 1331 1425 nostrum
1366 1399 1488 1425 usum
1521 1396 1770 1439 moremque

329 1444 573 1486 transferri:
607 1444 679 1484 sed
704 1442 951 1484 hominibus
985 1457 1094 1497 opus
1126 1452 1191 1482 est
1220 1441 1412 1492 eruditis,
1442 1442 1516 1497 qui
1546 1440 1702 1491 adhuc,
1725 1440 1770 1481 in

328 1501 413 1543 hoc
435 1501 608 1557 quidem
631 1514 802 1557 genere,
828 1500 962 1540 nostri
997 1498 1100 1539 nulli
1125 1499 1318 1541 fuerunt:
1351 1499 1416 1540 sin
1439 1499 1612 1555 quando
1634 1497 1771 1540 exsti-

332 1560 475 1609 terint,
498 1560 627 1600 etiam
653 1557 821 1599 Graecis
842 1566 968 1597 erunt
990 1556 1295 1612 anteponendi.

246 1615 318 1664 25
389 1616 579 1657 Ornatur
618 1616 751 1671 igitur
789 1614 927 1655 oratio
966 1628 1121 1670 genere
1157 1614 1358 1670 primum,
1393 1622 1436 1654 et
1467 1613 1589 1669 quasi
1626 1611 1770 1655 colore

267 1688 318 1724 96
330 1675 514 1729 quodam
538 1683 581 1714 et
613 1688 743 1714 succo
776 1687 868 1713 suo.
901 1687 1001 1712 nam
1033 1681 1080 1712 ut
1107 1671 1264 1727 gravis,
1286 1680 1334 1712 ut
1356 1672 1512 1722 suavis,
1534 1679 1582 1712 ut
1603 1670 1772 1711 erudita

330 1732 399 1783 sit,
422 1741 470 1773 ut
490 1731 692 1782 liberalis,
713 1740 762 1771 ut
782 1729 1062 1780 admirabilis,
1085 1739 1132 1769 ut
1166 1729 1314 1784 polita,
1343 1738 1391 1770 ut
1423 1743 1585 1780 sensus,
1615 1737 1664 1768 ut
1691 1727 1770 1782 do-⁸

326 1789 435 1830 lores
460 1789 630 1839 habeat,
649 1797 858 1844 quantum
875 1802 982 1844 opus
1000 1787 1069 1837 sit,
1089 1801 1174 1827 non
1195 1796 1259 1827 est
1278 1786 1545 1843 singulorum
1566 1785 1771 1827 articulo-

328 1862 447 1889 rum:
479 1847 522 1888 in
547 1856 638 1888 toto
662 1854 911 1902 spectantur
934 1844 1028 1886 haee
1050 1859 1245 1900 corpore.
1307 1844 1368 1885 Ut
1389 1859 1517 1901 porro
1539 1856 1770 1898 conspersa

327 1905 381 1945 sit
403 1905 522 1961 quasi
549 1905 774 1945 verborum
799 1903 1195 1957 sententiarumque
1218 1902 1419 1954 floribus;
1451 1902 1493 1943 id
1524 1915 1610 1942 non
1640 1901 1771 1941 debet

325 1977 417 2003 esse
450 1961 592 2003 fusum
624 1961 894 2017 aequabiliter
922 1975 996 2016 per
1024 1974 1196 2000 omnem
1230 1959 1484 2010 orationem,
1510 1959 1582 2000 sed
1612 1958 1673 1999 ita
1704 1958 1770 1999 di-

327 2021 549 2070 stinctum,
581 2029 627 2060 ut
650 2019 750 2070 sint,
772 2018 892 2074 quasi
926 2018 969 2058 in
1003 2027 1172 2067 ornata,
1203 2017 1414 2073 disposita
1444 2016 1643 2072 quaedam
1666 2015 1769 2056 insi-

264 2085 316 2123 97
329 2078 431 2133 guia
449 2088 491 2118 et
509 2077 686 2118 lumina.
747 2076 897 2118 Genus
920 2075 1053 2131 igitur
1074 2074 1246 2115 dicendi
1276 2084 1341 2115 est
1370 2074 1631 2130 eligendum,
1653 2072 1769 2128 quod

326 2135 515 2175 maxime
547 2143 689 2175 teneat
710 2148 798 2185 eos,
829 2133 903 2188 qui
935 2132 1126 2182 audiant,
1147 2141 1191 2172 et
1220 2132 1334 2187 quod
1366 2147 1451 2173 non
1486 2131 1623 2172 solum
1655 2129 1770 2171 dele-v

323 2201 426 2245 etet,
455 2192 527 2233 sed
548 2192 679 2233 etiam
710 2192 802 2233 sine
833 2191 1030 2233 satietate
1059 2189 1267 2232 delectet:
1300 2191 1339 2220 83
1353 2194 1460 2244 (non
1489 2188 1606 2230 enim
1639 2202 1665 2228 a
1697 2201 1767 2230 me

368 2343 409 2371 80
431 2341 485 2380 qui
511 2339 669 2380 ejusmodi
691 2339 806 2378 essent]
832 2338 953 2378 Recepi
976 2336 1022 2367 le-

325 2384 470 2413 ctionem
486 2383 536 2413 ed.
553 2393 579 2414 s.
597 2383 619 2413 l.
633 2388 667 2413 et
680 2393 710 2413 a.
731 2382 820 2413 Med.
843 2381 917 2411 Asc.
934 2380 1022 2420 Lips-

325 2427 403 2464 quia
415 2430 449 2456 et
464 2426 617 2455 idoneum
632 2435 764 2456 sensum
779 2425 850 2460 dat,
865 2428 899 2454 et
912 2430 962 2453 est
977 2423 1024 2454 fa-

325 2468 458 2499 cillima.
491 2470 611 2498 Sensus
625 2473 693 2498 est:
718 2467 772 2506 qui
785 2466 867 2497 tales
883 2466 963 2496 artis
977 2465 1024 2495 di-

325 2510 418 2540 cendi
456 2511 604 2549 magistri
639 2517 760 2546 essent,
797 2509 908 2548 quales
945 2508 1023 2538 dixi.

324 2552 507 2591 Vulgatuni
531 2552 712 2593 cujusmodi
734 2563 772 2582 ex
795 2552 843 2582 ed.
861 2552 914 2581 W.
937 2549 1027 2581 dedit

325 2594 440 2631 Aldus,
464 2595 550 2633 quod
573 2595 703 2625 nullum
726 2603 856 2624 sensum
881 2602 1026 2624 commo-

325 2636 406 2667 dum
430 2637 549 2676 habere
578 2643 698 2678 potest.
745 2636 896 2667 Pearcius
923 2635 1026 2665 edidit

326 2679 365 2709 tle
388 2681 578 2718 conjectura
601 2680 744 2710 virorum
767 2679 953 2714 doctorum,
967 2687 1023 2707 eu-

316 2720 465 2762 jusmodi
488 2726 602 2758 esseM,
626 2722 695 2752 sine
722 2722 776 2761 qui
791 2733 799 2749 :
832 2721 918 2760 qnod
944 2729 1022 2750 sane

325 2773 419 2794 sensu
439 2765 560 2795 bonum
576 2768 646 2802 est3
664 2764 720 2794 sed
735 2764 895 2794 eorrectio
910 2762 1023 2803 paullo

324 2806 500 2837 violentior
512 2810 573 2837 est.

367 2852 402 2879 81
440 2850 682 2879 humanitatem
705 2849 844 2887 dignam
868 2846 1018 2886 scientia]

325 2890 346 2920 i.
363 2901 392 2922 e.
417 2892 612 2924 modestiam
627 2896 662 2923 et
684 2891 764 2922 alias
781 2891 934 2927 virtutes,
949 2899 1022 2929 quae

1065 2337 1161 2368 istam
1184 2336 1356 2368 scientiam
1373 2340 1506 2373 ornent,
1521 2338 1555 2366 et
1568 2335 1597 2366 ei
1612 2334 1769 2365 conveni-

1066 2385 1136 2411 ant.
1162 2379 1342 2420 opponitur
1364 2380 1399 2410 in
1421 2378 1533 2409 latinis
1551 2377 1770 2417 impudentia.

1066 2422 1249 2454 Lambinus
1263 2422 1386 2452 frustra
1401 2421 1598 2460 corrigebat,
1614 2421 1771 2450 humani.

1067 2469 1135 2495 tate
1151 2466 1289 2504 dignam
1310 2464 1480 2494 seientiam
1491 2476 1502 2496 ‚·
1526 2462 1613 2502 quod
1629 2461 1681 2492 hic
1695 2472 1769 2493 sen.

1068 2516 1140 2537 sum
1167 2506 1376 2537 commodum
1414 2515 1480 2536 non
1513 2504 1626 2542 habet,
1652 2508 1767 2544 estque

1069 2550 1207 2580 scientia
1215 2551 1286 2587 jam
1301 2548 1459 2578 doctrinae
1473 2548 1570 2578 verbo
1585 2556 1746 2587 expressa.

1113 2594 1153 2623 82
1176 2593 1266 2623 tradi
1281 2600 1320 2621 ac
1328 2590 1500 2632 perpoliri]
1527 2589 1678 2619 Pearcius
1693 2589 1767 2620 addi

1070 2634 1142 2665 vult
1164 2644 1276 2675 posse:
1299 2631 1386 2672 quod
1410 2633 1503 2663 nObis
1525 2641 1666 2671 quoque,
1694 2631 1766 2662 haec

1066 2677 1207 2717 primum
1224 2675 1421 2714 legentibus,
1437 2675 1471 2704 in
1494 2682 1640 2704 mentem
1665 2675 1768 2706 vehit.

1066 2719 1128 2749 Sed
1145 2718 1285 2757 intelligi
1309 2722 1418 2757 potest
1441 2718 1475 2747 in
1488 2716 1550 2747 bac
1562 2716 1669 2747 forma
1683 2726 1767 2757 prae.

1066 2770 1140 2792 sens
1155 2771 1215 2802 pro
1228 2761 1353 2791 futuro.

1109 2806 1148 2834 83
1172 2810 1235 2833 mm
1254 2800 1522 2840 enim-aetatesss
1549 2800 1631 2830 Haec
1654 2800 1688 2830 in
1712 2810 1770 2840 pa-

1066 2846 1209 2876 renthesi
1236 2845 1326 2875 dicta
1349 2848 1448 2881 sunt;
1471 2842 1558 2883 quod
1579 2852 1646 2873 non
1673 2849 1768 2873 nota-

1064 2893 1138 2922 tum
1160 2889 1202 2920 ab
1223 2888 1306 2920 aliis.
1350 2886 1438 2918 Nam
1461 2886 1496 2918 in
1509 2884 1658 2928 Dvfficile
1677 2885 1767 2918 dictu
