1945 3235
350 146 427 185 559.
928 143 1211 183 ORATOR.

351 248 559 291 ⁵2summi
599 248 683 306 ipsi
710 255 923 301 oratores,
955 264 1046 291 esse
1087 249 1287 290 debeant.
1346 247 1430 289 Sed
1467 247 1563 304 quis
1599 249 1791 291 omn-ium
1823 277 1825 279 -

352 305 538 357 doctior,
559 307 655 362 quis
676 306 858 359 acutior,
879 307 974 362 quis
1007 307 1049 347 in
1082 307 1208 347 rebus
1230 304 1297 346 vel
1328 305 1611 357 inveniendis,
1633 307 1699 347 vel
1723 307 1795 362 ju-

354 363 549 405 dicandis
581 364 720 406 acrior
752 362 984 405 Aristotele
1020 364 1125 405 fuit?
1167 362 1262 418 quis
1301 376 1430 418 porro
1466 362 1646 404 Isocrati
1685 366 1800 411 53est

355 422 604 463 adversatus
635 421 899 477 impensius?
944 420 986 462 Is
1020 421 1152 478 igitur
1182 434 1351 461 versum
1384 419 1426 460 in
1458 421 1653 462 oratione
1682 429 1801 468 vetat

355 492 463 531 esse,
485 494 708 521 numerum
735 479 878 533 jubet.
942 477 1046 533 Ejus
1076 478 1246 519 auditor
1266 475 1550 529 Theodectes,
1573 478 1616 519 in
1648 477 1798 534 primis

357 540 426 588 (ut
447 535 700 578 Aristoteles
723 549 836 590 saepe
867 534 1102 590 significat)
1127 535 1284 592 politus
1316 535 1515 591 scriptor,
1537 545 1666 591 atque
1696 534 1800 576 arti-

359 592 448 644 fex,
479 594 563 636 hoc
597 594 709 634 idem
741 601 785 632 et
817 592 947 633 sentit
976 601 1020 633 et
1058 592 1270 648 praecipit.
1330 591 1654 648 Theophrastus
1684 606 1801 643 vem,

361 651 512 693 iisdem
545 652 597 692 de
627 651 754 691 rebus
785 649 916 690 etiam
947 650 1204 691 accuratius.
1264 649 1374 698 Quis
1409 664 1513 706 ergo
1544 650 1648 690 istos
1679 648 1802 700 ferat,

337 710 434 764 ·qui
459 709 536 750 hos
558 718 754 749 auctores
783 720 868 747 uon
896 708 1109 763 probent?
1140 709 1180 738 54
1192 705 1273 747 nisi
1303 707 1481 748 omnino
1503 706 1598 748 haec
1627 720 1719 748 esse
1749 707 1804 747 ab

277 767 428 810 173his
463 775 681 821 praecepta
712 764 920 805 nesciant.
981 763 1112 810 Quod
1145 762 1180 803 si
1213 763 1275 804 ita
1308 772 1396 806 est:
1428 779 1508 805 nec
1549 778 1647 805 vero
1683 763 1805 805 aliter

362 823 590 864 existimo:
622 825 663 853 ⁵5
676 821 804 877 quid?
835 821 916 877 ipsi
948 821 1035 863 suis
1065 818 1260 861 sensibus
1282 834 1368 861 non
1391 823 1645 862 moventur?
1677 820 1806 861 nihil-

359 894 414 921 ne
438 881 498 921 eis
530 880 656 920 inane
687 879 881 920 videtur?
911 878 1021 920 nibil
1050 877 1336 928 inconditum,
1357 877 1466 918 nihil
1488 887 1673 928 curtum,
1694 877 1803 919 nihil

359 937 621 987 claudicans,
654 936 762 977 nihil
804 936 1072 978 redundans?
1122 933 1173 975 In
1212 948 1335 976 versu
1374 935 1547 990 quidem
1590 934 1806 976 56theatra

361 1004 455 1036 tota
490 994 750 1044 exclamant,
787 994 821 1034 si
856 992 939 1034 fuit
972 1007 1058 1034 una
1090 992 1255 1048 syllaba
1288 992 1474 1043 brevior,
1512 1001 1586 1032 aut
1621 991 1806 1049 longior.

362 1052 457 1093 Nec
481 1067 580 1093 vero
602 1050 836 1092 multitudo
860 1050 988 1106 pedes
1019 1050 1156 1101 novit,
1186 1064 1266 1090 nec
1297 1049 1405 1090 ullos
1438 1063 1637 1090 numeros
1660 1058 1805 1092 tenet:

359 1124 441 1150 nec
464 1109 582 1160 illud,
604 1108 719 1164 quod
741 1107 939 1159 offendit,
961 1116 1036 1149 aut
1056 1121 1147 1158 cur,
1174 1115 1248 1148 aut
1278 1105 1321 1147 in
1344 1122 1430 1162 quo
1453 1106 1659 1157 offendat,
1682 1107 1807 1148 intel-

362 1166 486 1222 ligit:
519 1176 563 1208 et
585 1177 728 1207 tamen
751 1165 944 1206 omnium
974 1164 1296 1220 longitudinum
1317 1174 1361 1205 et
1393 1164 1652 1205 brevitatum
1674 1164 1718 1205 in
1741 1179 1809 1205 so·

365 1225 447 1275 nis,
471 1224 582 1265 sicut
613 1233 835 1264 acutarum
867 1222 1151 1279 graviumque
1181 1236 1352 1273 vocum,
1376 1221 1591 1277 judicium
1624 1221 1717 1277 ipsa
1737 1236 1813 1263 na-

283 1272 351 1322 52
369 1292 464 1323 tura
486 1282 529 1323 in
552 1281 726 1322 auribus
759 1281 915 1322 nostris
937 1279 1179 1321 collocavit.
1240 1279 1372 1320 Visne
1403 1279 1551 1336 igitur,
1575 1278 1724 1331 Brute,
1747 1288 1812 1321 to-

282 1346 353 1384 174
369 1349 460 1380 tum
496 1339 610 1380 bunc
643 1338 786 1379 locum
821 1337 1062 1379 accuratius
1098 1337 1230 1378 etiam
1266 1336 1547 1392 explicemUS‚
1579 1350 1710 1391 quam
1748 1335 1809 1377 illi

235 1414 268 1446 p.
284 1397 467 1453 214.ipsi,
488 1397 562 1452 qui
584 1405 628 1437 et
653 1395 762 1446 haec,
784 1405 829 1436 et
857 1394 941 1436 alia
970 1395 1095 1436 nobis
1119 1394 1411 1436 tradiderunt?
1443 1409 1497 1435 an
1528 1393 1594 1434 his
1617 1392 1812 1435 contenti

324 1458 472 1505 a·esse,
496 1468 594 1509 quae
625 1454 680 1494 ab
712 1452 794 1493 illis
823 1452 941 1494 dicta
965 1462 1078 1503 sunt,
1110 1453 1362 1507 possumus?
1415 1451 1498 1492 Sed
1521 1451 1624 1505 quid
1647 1465 1814 1507 quaero,

366 1511 551 1553 velisne:
595 1524 694 1551 cum
733 1509 886 1550 litteris
926 1509 1025 1560 tuis,
1060 1508 1348 1549 eruditissime
1379 1508 1565 1564 scriptis,
1595 1519 1637 1549 te
1670 1509 1713 1549 id
1744 1508 1811 1550 vel

362 1568 554 1610 maxime
585 1570 623 1601 57
635 1566 740 1607 velle
770 1567 1091 1622 perspexerim?
1145 1565 1340 1606 Primum
1368 1578 1472 1621 ergo
1494 1566 1632 1621 origo,
1655 1565 1810 1606 deinde

363 1640 507 1675 causa,
530 1633 629 1680 post
657 1633 825 1675 natura,
849 1634 941 1664 tum
972 1624 1025 1664 ad
1047 1632 1291 1664 extremum
1320 1637 1421 1663 usus
1452 1621 1544 1678 ipse
1564 1622 1809 1679 explicetur

364 1682 572 1724 orationis
595 1690 710 1737 aptae
733 1690 862 1736 atque
883 1695 1138 1722 numerosae.

424 1740 538 1780 Nam
561 1740 634 1794 qui
668 1738 903 1779 Isocratem
934 1739 1124 1780 maxime
1154 1737 1378 1788 mirantur,
1399 1735 1483 1778 hoc
1507 1736 1549 1777 in
1572 1736 1665 1792 ejus
1697 1752 1813 1778 sum-

363 1797 447 1838 mis
484 1796 680 1837 laudibus
717 1796 876 1846 ferunt,
907 1796 1022 1851 quod
1057 1795 1199 1836 verbis
1232 1793 1383 1835 solutis
1413 1809 1614 1836 numeros
1650 1795 1813 1850 primus

365 1854 628 1910 adjunxerit.
690 1853 801 1894 Cum
844 1854 959 1895 enim
1002 1853 1180 1903 videret,
1213 1862 1403 1893 oratores
1444 1866 1543 1892 cum
1585 1852 1812 1894 severitate

366 1911 519 1963 audiri,
548 1911 699 1968 po'etas
731 1920 876 1952 autem
898 1926 997 1952 cum
1031 1911 1277 1967 voluptate:
1310 1919 1402 1950 tum
1424 1908 1583 1950 dicitur
1613 1924 1813 1951 numeros

410 2044 450 2073 52
478 2041 598 2071 summi
625 2041 686 2082 ipsi
711 2045 866 2078 oratores,
894 2040 973 2080 esse]
1005 2041 1069 2071 Hie
1111 2040 1231 2076 sciunt,
1257 2039 1343 2078 quod
1362 2042 1397 2069 et
1417 2039 1480 2069 Ms.
1501 2039 1698 2076 Vit.habet‚
1713 2043 1748 2069 et
1771 2038 1817 2070 sic

367 2083 470 2114 delevi
486 2094 558 2123 qne,
582 2083 669 2122 quod
684 2085 717 2114 in
731 2085 852 2118 summi
867 2083 1048 2114 adhaeserat
1059 2094 1069 2114 ι
1113 2082 1253 2112 correxit
1270 2091 1383 2121 margo
1398 2081 1449 2112 ed.
1464 2082 1549 2112 ven.
1597 2120 1600 2122 -

370 2126 449 2157 facit
467 2126 555 2155 enim
581 2126 754 2156 ridiculum
775 2136 925 2156 sensum:
950 2125 1072 2156 debent
1157 2127 1196 2155 55
1219 2125 1297 2164 qaia
1320 2125 1382 2163 ipsi
1404 2125 1471 2154 suis
1495 2124 1638 2154 sensibus
1660 2133 1724 2153 non
1749 2133 1817 2152 mo·

1114 2166 1247 2205 ventur]
1275 2166 1347 2196 Hoc
1369 2166 1460 2196 nullo
1485 2165 1581 2197 modo
1604 2170 1731 2196 rectum
1748 2175 1817 2198 esse

1112 2214 1221 2250 potest
1236 2218 1293 2248 per
1306 2209 1495 2247 sequentia:
1521 2208 1554 2238 in
1570 2208 1816 2248 quihusjuben-

1113 2257 1179 2282 tur.
1223 2251 1391 2281 Orationis
1413 2260 1526 2280 sensus
1547 2257 1616 2281 est:
1645 2250 1670 2281 si
1691 2251 1738 2281 ita
1751 2255 1815 2287 est,

1116 2293 1137 2324 i.
1155 2304 1183 2324 e.
1206 2293 1232 2322 si
1254 2293 1326 2323 haec
1340 2299 1504 2333 praecepta
1520 2290 1695 2332 ignorant3
1719 2296 1753 2322 et
1771 2292 1820 2324 ita

369 2178 438 2199 esse
453 2174 603 2198 auctores
626 2168 784 2198 orationis
806 2168 829 2198 f.
845 2173 880 2199 et
893 2178 924 2198 ο.
937 2169 1073 2198 summi-

369 2221 430 2252 que
458 2215 615 2240 oratores.
671 2210 759 2250 Quid
785 2208 874 2241 eni'm
900 2209 1066 2250 amplius?

371 2263 439 2283 non
464 2253 570 2283 simile
596 2252 658 2282 hoc
684 2253 751 2283 illi:
789 2252 985 2283 debebamus
1008 2252 1070 2282 hoc

371 2305 439 2326 esse
461 2294 614 2334 virgines.
660 2295 722 2325 Sed
744 2293 852 2325 deleto
874 2304 934 2335 que
959 2304 1072 2325 sensus

372 2339 518 2378 optimus
532 2343 594 2373 est,
611 2346 670 2367 nos
690 2336 764 2367 illos
784 2343 934 2367 auctores
957 2337 979 2367 f.
995 2342 1029 2366 et
1042 2348 1072 2366 o.

372 2390 404 2410 ο.
420 2389 594 2419 agnoscere
610 2385 643 2409 et
663 2379 787 2409 imitari
810 2379 977 2416 debemus,
998 2380 1075 2418 quia

373 2421 435 2462 ipsi
454 2428 533 2452 sunt
555 2426 701 2452 oratores
717 2422 849 2458 summi,
866 2431 1003 2461 quorum
1020 2433 1073 2452 ex-

374 2465 519 2504 emplum
547 2464 670 2494 imitari
697 2469 839 2504 oportet.
885 2462 1017 2494 Delevit
1040 2469 1074 2494 et

373 2516 489 2544 margo
504 2506 553 2536 ed.
569 2506 651 2536 Ven.
668 2511 701 2536 et
716 2506 767 2536 Fr.
785 2506 908 2548 Grypb.
946 2506 1075 2537 Deinde

374 2547 423 2578 ed.
438 2549 519 2578 Ven.
533 2549 699 2579 dehebant.

419 2592 457 2620 53
481 2595 526 2620 est
553 2591 746 2621 adversatus
773 2589 963 2630 impensius]
1002 2589 1074 2620 Hoc

374 2637 424 2662 est
441 2642 460 2662 a
471 2634 612 2662 Grutero
626 2643 635 2669 ς
651 2633 691 2662 ab
705 2632 788 2662 Aldo
803 2631 974 2672 imeri-sius,
989 2631 1076 2671 quod

374 2680 425 2704 est
447 2680 481 2704 et
507 2675 541 2704 in
568 2674 618 2704 ed.
643 2675 733 2714 Lips.
762 2674 886 2714 Gryph.
911 2674 975 2704 Ms.
1006 2674 1075 2705 Vit.

373 2716 420 2746 At
443 2716 513 2747 edd.
536 2721 613 2746 ante
638 2717 712 2747 Ald.
739 2718 840 2747 etiam
867 2717 1078 2747 adversarius

373 2758 542 2797 infimsior.
566 2757 652 2798 quod
674 2769 732 2789 eur
747 2763 916 2791 mutatum
935 2759 991 2796 sit,
1007 2768 1074 2789 non

374 2800 479 2831 video.

417 2846 456 2874 54
481 2842 744 2881 nisi—nesciam]
772 2842 866 2872 Edidi
881 2853 918 2872 ex
935 2842 1008 2874 edd.
1024 2852 1074 2883 pr.

373 2892 407 2916 et
421 2885 511 2927 Lips.
533 2885 578 2916 At
591 2884 693 2916 Aldus
714 2884 805 2916 dedit
827 2885 998 2925 vulgatum
1021 2895 1076 2916 ne—

1116 2346 1184 2367 esse
1207 2335 1366 2365 arbitror:
1393 2336 1539 2365 sensibus
1561 2339 1674 2366 tamen
1696 2334 1818 2365 debent

1118 2378 1253 2415 moveri,
1283 2378 1418 2413 sentire,
1447 2377 1510 2408 ista
1544 2386 1718 2408 numerosa
1750 2385 1819 2408 esse

1117 2421 1231 2460 pulcra
1253 2426 1287 2450 et
1311 2419 1500 2460 probanda3
1535 2429 1609 2459 quae
1642 2428 1708 2449 non
1735 2418 1817 2457 sint,

1118 2464 1151 2493 in
1177 2463 1214 2492 iis
1241 2472 1322 2499 esse,
1350 2462 1436 2502 quod
1460 2467 1576 2492 contra
1597 2461 1649 2491 sit.
1695 2460 1746 2490 Ex
1769 2460 1819 2491 his

1118 2507 1266 2545 apparet,
1294 2503 1468 2544 legendum
1495 2513 1582 2535 esse:
1619 2503 1725 2543 quid?
1756 2503 1820 2542 ipsi

1118 2549 1186 2578 suis
1199 2548 1341 2577 sensibus
1355 2556 1418 2577 mm
1439 2550 1608 2576 movemur
1620 2547 1636 2576 ?
1661 2545 1759 2584 ldque
1772 2545 1821 2576 ita

1119 2589 1416 2628 evidensjudicavi‚
1431 2593 1467 2618 ut
1483 2589 1517 2618 in
1530 2592 1658 2618 textum
1677 2587 1818 2628 recipere

1119 2641 1185 2662 non
1219 2631 1413 2661 dubitarem.
1470 2630 1546 2660 Huc
1573 2629 1693 2661 alludit
1721 2628 1820 2660 lectio

1119 2674 1276 2714 marginis
1288 2673 1338 2703 ed.
1353 2673 1434 2703 Ven.
1447 2673 1502 2711 qui
1515 2673 1592 2712 quia
1605 2682 1689 2703 corr.
1703 2671 1796 2712 quod.
1808 2674 1810 2676 ’

1163 2716 1202 2747 56
1224 2717 1355 2746 theatra
1370 2720 1393 2745 t.
1411 2714 1613 2754 eaeclamant]
1638 2714 1819 2745 Lambinus

1117 2769 1202 2789 corr.
1227 2759 1423 2788 reclamant.
1449 2757 1549 2787 etiam
1572 2758 1760 2787 exclamare
1782 2756 1818 2787 iu

1116 2801 1205 2832 hunc
1219 2799 1412 2830 deteriorem
1429 2808 1561 2829 sensum
1577 2798 1710 2832 dicitur.

1160 2845 1199 2876 57
1221 2843 1302 2873 velle
1321 2841 1559 2884 perspexerim]
1599 2841 1663 2873 Ms.
1684 2840 1724 2871 V.
1741 2849 1820 2880 pro·

1117 2885 1288 2926 spexere'm.
