1945 3235
353 173 427 207 352
869 169 948 208 DE
990 170 1275 209 ORATORE

356 274 556 315 movebat
576 286 674 315 eum
695 274 1004 325 centurionem,
1025 275 1097 329 qui
1131 275 1172 316 in
1205 274 1339 316 Paulli
1372 289 1518 331 pugna
1539 288 1624 317 non
1653 275 1786 323 affue-

355 342 434 381 rat,
457 345 554 372 cum
578 330 646 371 ille
667 345 710 371 sc
731 331 938 373 custodiae
961 346 1088 372 causa
1105 331 1266 374 diceret
1288 333 1329 372 in
1349 332 1498 373 castris
1521 333 1785 385 remansisse,

356 398 649 443 quaere‘rctque
671 402 744 429 cur
774 389 828 429 ab
849 403 900 429 eo
923 398 1165 439 notaretur3
1190 388 1286 430 Non
1306 404 1410 440 amo,
1435 389 1589 444 inquit,
1616 389 1785 431 nimium

267 456 342 494 ‘273
356 445 579 502 diligentes.
617 445 805 486 Acutum
829 446 955 486 etiam
981 445 1080 487 illud
1103 455 1181 496 est,
1203 461 1301 487 cum
1323 460 1377 487 ex
1400 446 1571 487 alterius
1593 447 1786 504 oratione

356 503 469 544 aliud
506 502 710 558 excipias,
748 513 876 557 atque
915 502 982 543 ille
1021 503 1138 553 vult;
1186 512 1234 544 ut
1275 503 1504 544 Salinatori
1546 503 1785 554 Maximus,

354 563 521 610 30cum,
559 558 744 600 Tarento
782 559 952 610 amisso,
985 574 1123 600 arcem
1163 570 1304 601 tamen
1343 560 1489 601 Livius
1527 560 1786 612 retinuisset,

354 616 571 671 multaque
602 631 655 657 ex
687 630 736 656 ea
768 616 913 670 praelia
935 616 1139 671 praeclara
1160 616 1344 667 fecisset,
1364 632 1463 659 cum
1493 616 1658 673 aliquot
1689 627 1787 673 post

352 688 486 715 annos
511 673 732 713 Maximus
756 673 796 713 id
820 673 1028 728 oppidum
1049 674 1292 729 recepisset,
1313 682 1567 730 rogaretque
1588 688 1686 716 eum
1708 673 1786 716 Sar.

353 731 521 780 linator,
556 740 601 770 ut
637 730 913 780 meminisset,
943 743 1073 785 opera
1109 745 1185 770 sua
1211 745 1255 772 se
1287 730 1518 773 Tarentum
1548 731 1785 787 recepisse,

357 786 526 836 Quidni,
561 787 714 841 inquit,
747 784 1022 828 meminerim?
1059 801 1276 843 numquam
1304 789 1409 829 enim
1436 789 1674 844 recepissem,
1707 787 1787 830 nisi

264 851 396 888 ‘274tn
422 843 670 898 perdidisses.
731 845 843 884 Sunt
865 843 995 884 etiam
1025 843 1095 885 illa
1126 845 1403 897 subabsurda,
1426 846 1495 887 sed
1519 861 1570 887 eo
1593 838 1686 902 ipso
1709 859 1784 886 no.—

350 902 464 942 miue
505 916 619 956 saepe
657 900 848 950 ridicula,
889 915 976 944 non
1017 900 1154 942 solum
1197 901 1338 943 mimis
1381 903 1669 960 perapposha,
1709 902 1784 944 sed

348 959 474 1000 ctiam
501 957 819 1014 quodammodo
843 958 990 999 nobis:

892 1033 1010 1068 Homo
1021 1031 1167 1080 falum,

552 1085 751 1132 Postquam
770 1097 844 1120 rem
863 1085 990 1121 habere
1008 1086 1121 1133 caepit,
1142 1089 1193 1120 est
1213 1089 1383 1121 mortum.

890 1137 986 1177 Quid
1005 1142 1056 1172 est
1076 1138 1142 1172 tibi

553 1190 631 1226 Ista
652 1190 778 1225 mulier
792 1190 812 1224 ἔ)
846 1189 953 1225 Uror.
1009 1190 1149 1225 Similis
1167 1189 1437 1238 mediusfidius.
1456 1193 1496 1225 et

554 1242 734 1282 Quamdiu
753 1242 800 1276 ad
818 1240 1032 1290 aquasfnit,
1053 1253 1247 1289 numquam
1265 1246 1315 1276 est
1336 1245 1507 1277 mortuus.

262 1307 331 1362 68
347 1321 495 1362 Genus
530 1320 612 1360 lioc
645 1319 792 1369 lex-ius,
822 1328 878 1371 et,
911 1328 959 1360 ut
987 1318 1094 1370 dixi,
1126 1319 1373 1371 mimicum3
1404 1319 1476 1360 sed
1509 1319 1641 1360 habet
1673 1334 1780 1360 non-

345 1391 579 1433 numquam
610 1376 768 1432 aliquid
801 1377 929 1417 etiam
962 1376 1074 1432 apud
1107 1391 1183 1417 nos
1212 1376 1308 1426 loci,
1339 1386 1386 1417 ut
1411 1376 1476 1418 vel
1505 1391 1590 1417 non
1625 1376 1777 1417 stultus

344 1436 465 1490 quasi
497 1434 624 1475 stulte
651 1448 747 1474 cum
781 1433 864 1474 sale
895 1433 1011 1474 (licat
1041 1433 1226 1489 aliquid:
1260 1442 1306 1473 ut
1329 1433 1423 1484 tibi,
1445 1433 1624 1484 Antoni,
1649 1432 1777 1475 Man-

343 1493 424 1544 cia,
447 1507 543 1533 cum
567 1491 753 1532 audisset
777 1499 817 1531 te
840 1504 1055 1531 censorem
1082 1505 1106 1531 a
1130 1490 1197 1531 M.
1222 1490 1418 1531 Duronio
1440 1491 1492 1531 de
1513 1491 1676 1531 ambitu
1731 1505 1777 1531 o-

343 1549 561 1599 stulatum,
577 1546 830 1603 Aliquando,
853 1547 1006 1602 inquit,
1030 1546 1107 1588 tihi
1127 1554 1239 1588 tuum
1262 1548 1464 1604 negotium
1486 1561 1605 1604 agere
1624 1505 1775 1588 lic-egit.

252 1601 327 1640 ζ375
343 1606 476 1647 Valde
508 1605 601 1646 liaec
624 1605 827 1655 ridentur,
850 1613 893 1644 et
925 1603 1093 1645 hercule
1115 1604 1273 1655 omnia,
1296 1619 1393 1659 quae
1423 1619 1448 1645 a
1478 1603 1776 1660 prudentibus,

338 1664 459 1718 quasi
481 1665 515 1693 3¹
536 1677 609 1718 per
635 1661 1019 1702 dissimulationem
1051 1662 1176 1716 [non]
1207 1661 1489 1717 intelligendi,
1511 1660 1775 1702 subabsurde

337 1720 528 1775 salseque
550 1719 764 1760 dicuntur.
824 1717 885 1759 Ex
908 1733 993 1774 quo
1017 1733 1172 1775 genere
1193 1727 1256 1759 est
1278 1718 1422 1769 ctiam,
1445 1732 1531 1759 non
1555 1717 1686 1758 videri
1709 1717 1778 1758 i⁴n-·

337 1777 527 1834 telligere
549 1776 664 1832 quod
686 1775 913 1831 intelligas,
937 1785 984 1815 ut
1009 1776 1249 1826 Pontidius,
1273 1774 1446 1820 Qualem
1467 1773 1680 1826 existimas,
1702 1774 1774 1830 qui

335 1834 380 1875 in
410 1833 610 1875 adulterio
631 1831 974 1888 deprehenditur?
1004 1833 1190 1874 tardum:
1221 1841 1268 1873 ut
1290 1847 1388 1889 ego,
1408 1832 1481 1888 qui
1514 1832 1557 1872 in
1587 1831 1771 1884 delectu,

337 1890 533 1942 Metello,
555 1905 653 1932 cum
675 1890 998 1930 excusationem
1020 1890 1242 1932 oculorum
1272 1904 1298 1930 a
1327 1904 1395 1930 me
1425 1903 1511 1930 non
1542 1886 1770 1945 acciperet,

274 1945 322 2004 ,¹³-
336 1959 377 1990 et
399 1949 593 1998 dixisset,
620 1946 680 1988 Tn
701 1947 830 2004 igitur
851 1946 957 1987 nihil
975 1946 1112 1988 vides?
1145 1946 1238 2003 Ego
1259 1960 1366 1997 vero,
1388 1947 1578 2002 inquam,
1599 1960 1624 1986 a
1643 1948 1773 2001 portel

246 1992 554 2062 2¹⁶Esquilina
585 2004 698 2045 video
720 2003 861 2045 villam
888 2011 1022 2045 tuam.-
1053 2013 1101 2045 ut
1132 2003 1235 2044 illud
1270 2003 1457 2055 Nasicae,
1487 2003 1682 2058 quicum
1715 2002 1773 2044 ad*

333 2073 505 2119 poetam
530 2061 717 2102 Ennium
741 2061 939 2111 venisset,
960 2061 1084 2116 eique
1114 2061 1168 2101 ab
1191 2060 1301 2101 ostio
1323 2060 1532 2116 quaerenti
1565 2058 1767 2111 Ennium,

333 2119 487 2161 ancilla
507 2119 701 2169 dixisset,
723 2117 839 2158 domi
863 2132 948 2158 non
970 2132 1085 2170 esse3
1118 2118 1276 2159 Nasica
1299 2117 1445 2168 sensit,
1467 2116 1581 2157 illam
1602 2115 1766 2157 domini

325 2176 449 2231 jussu
472 2176 646 2226 dixisse,
668 2184 711 2215 et
733 2175 850 2215 illum
873 2175 987 2214 intus
1005 2189 1110 2216 esse.
1134 2174 1280 2230 paucis
1302 2183 1399 2230 post
1420 2174 1570 2214 diebus
1591 2187 1689 2214 cum
1712 2173 1764 2214 ad

334 2233 538 2274 Nasicam
572 2232 754 2273 venisset
788 2229 964 2281 Ennius,
986 2240 1030 2272 et
1059 2246 1154 2273 eum
1178 2247 1203 2272 a
1222 2231 1359 2285 janua
1380 2238 1603 2286 quaereret,
1622 2228 1776 2271 exciit-³

331 2299 421 2331 mat
446 2289 617 2340 Nasica,
640 2303 682 2329 se
705 2288 820 2329 domi
852 2302 938 2329 non
960 2302 1063 2329 esse.
1096 2299 1187 2329 tum
1211 2287 1390 2339 Ennius,
1416 2285 1563 2332 Quid?
1591 2300 1662 2343 ego
1683 2300 1763 2328 non

330 2361 519 2404 cognosco
550 2359 696 2396 vocem,
727 2345 882 2401 inquit,
904 2344 1050 2386 tuam?
1092 2345 1180 2386 Hic
1214 2344 1388 2395 Nasica,
1412 2344 1549 2386 Homo
1569 2353 1608 2385 es
1630 2343 1792 2398 impu:

329 2403 437 2445 dens.
469 2418 539 2444 eoo
560 2417 648 2444 cnm
679 2410 717 2443 te
745 2415 973 2458 qncererem,
995 2402 1152 2443 ancillce
1183 2408 1261 2443 tuae
1290 2401 1455 2453 credidi,
1478 2407 1518 2442 te
1542 2399 1650 2442 domi
1680 2414 1763 2442 non

330 2474 419 2512 esse,
441 2439 607 2501 τιιῠηιίΙιὶ
627 2473 707 2500 non
729 2458 854 2500 credis
878 2459 954 2514 ipsi
966 2457 990 2500 ,9

370 2619 412 2650 30
425 2616 633 2656 eum—cum]
658 2617 770 2647 Potest
788 2615 950 2648 offendere
973 2626 1022 2648 re·
1064 2615 1126 2646 diei
1150 2625 1216 2646 non
1238 2619 1357 2657 potest.
1401 2615 1552 2646 Pearcius
1570 2611 1760 2656 corrigit'si·
1783 2619 1787 2623 ’

329 2660 471 2700 petitum
487 2669 579 2692 curn.¹
603 2659 659 2688 ubi
673 2663 704 2688 et
725 2668 792 2689 esse
814 2658 951 2689 debebat
970 2658 1022 2689 vel
1065 2659 1276 2688 mulationem
1297 2667 1331 2690 n.
1345 2659 1369 2688 i.
1413 2657 1483 2696 Ego
1497 2656 1670 2688 deleverim
1685 2662 1759 2688 ποκ’.

328 2707 476 2742 poterat:
511 2701 565 2731 sed
593 2705 626 2730 et
653 2700 717 2730 alia
743 2700 893 2740 exempla
917 2699 1023 2731 latina
1066 2699 1128 2730 Ms.
1158 2699 1196 2730 E.
1225 2699 1325 2730 habet
1358 2699 1389 2730 d.
1420 2708 1482 2729 non
1508 2699 1662 2738 intellig-i.
1689 2699 1764 2730 <An

328 2743 463 2774 memini
487 2753 538 2773 me
560 2742 755 2779 observasse,
770 2747 803 2773 et
824 2742 952 2772 videtui·
972 2751 1022 2772 as·
1063 2746 1174 2772 totum
1189 2741 1251 2771 hoc
1266 2752 1328 2771 non
1344 2741 1546 2780 intelligendi
1559 2745 1608 2771 est
1623 2741 1759 2771 fortasse

327 2785 515 2816 siduitauem
531 2783 656 2824 copula!
673 2784 775 2814 §itare
790 2783 938 2814 voluisse.
1065 2793 1084 2813 a
1099 2783 1300 2822 glossatore?
1325 2781 1412 2813 Nam
1434 2781 1555 2822 species
1573 2791 1638 2813 non
1659 2781 1760 2813 intel-

368 2829 404 2857 31
432 2836 496 2867 per
521 2826 809 2856 dissimulationem
838 2835 901 2856 non
927 2826 1021 2856 intel·
1065 2824 1225 2855 lectorum
1240 2825 1401 2855 dictorum
1425 2824 1585 2863 sequitur,
1600 2829 1634 2855 et
1655 2833 1758 2865 genus

328 2868 464 2908 ligendi]
511 2867 575 2899 Hie
615 2867 706 2897 locus
743 2867 935 2898 manifestus
972 2872 1022 2898 est
1064 2866 1150 2897 illius
1165 2866 1431 2897 dissimulationis
1446 2865 1576 2897 dicitur.

328 2911 415 2940 vitii:
446 2910 500 2941 sed
534 2910 588 2941 ubi
617 2909 659 2939 sit
688 2910 816 2947 vitium,
843 2919 903 2950 pro
930 2913 1022 2939 certo
