1945 3235
618 122 808 161 LIBER
838 122 1115 161 TERTIUS.
1542 127 1594 166 02

141 245 206 281 ea,
226 243 324 286 quae
342 227 502 271 nostris
525 227 680 269 animis
700 227 830 269 insita
843 236 923 278 est,
945 236 989 268 et
1011 230 1051 259 88
1067 226 1195 268 simul
1209 241 1308 269 cum
1323 228 1596 284 cogitatione

140 296 265 330 nata:
290 287 525 329 artificiosa
546 294 613 326 est
635 299 699 337 ea,
721 300 852 341 quam
883 285 1116 326 confirmat
1148 285 1345 326 inductio
1376 287 1593 341 quaedam,

139 355 186 386 et
219 346 330 387 ratio
365 342 686 402 praeceptionis.
748 342 835 384 Sed
868 342 972 398 quia
1004 342 1050 382 in
1083 341 1237 384 ceteris
1268 343 1395 383 rebus
1427 344 1595 401 ingenii

141 403 314 444 bonitas
346 402 541 444 imitatur
575 415 691 457 saepe
723 400 984 452 doctrinam,
1015 414 1081 441 ars
1113 414 1243 456 porro
1273 409 1442 441 naturae
1473 416 1594 443 com·

138 461 271 502 moda
292 460 522 501 confirmat
549 467 593 499 et
614 467 770 514 auget:
793 458 856 498 ita
877 457 928 498 fit
948 458 993 499 in
1016 457 1098 499 hac
1120 472 1179 509 re,
1199 466 1249 498 ut
1276 472 1594 514 nonnunquam

138 518 346 559 naturalis
363 516 586 567 memoria,
609 521 649 552 89
663 516 697 557 si
720 515 790 557 cui
810 516 912 557 data
933 524 998 556 est
1019 516 1211 572 egregia,
1234 514 1386 556 similis
1409 515 1466 556 sit
1487 515 1591 560 huie

140 575 404 617 artificiosae.
466 573 603 615 Porro
634 573 730 615 haec
765 573 1015 624 artificiosa,
1037 582 1204 616 naturae
1235 573 1467 615 commoda
1487 575 1653 615 reti-29

138 642 228 684 net,
251 642 295 674 et
311 631 550 688 amplificat
570 631 738 672 ratione
759 631 987 672 doctrinae.
1049 631 1331 688 Quapropter
1352 639 1397 672 et
1417 638 1593 673 natura-

138 688 191 731 lis
213 691 421 731 memoria
444 689 739 745 praeceptione
757 688 1058 730 confirmanda
1078 698 1158 742 est,
1181 698 1230 730 ut
1252 689 1308 730 sit
1325 689 1526 745 egregia:
1549 699 1595 731 et

136 746 251 800 haec,
270 762 368 803 quae
390 747 591 788 doctrina
619 747 760 799 datur,
784 747 954 803 indiget
976 747 1157 804 ingenii.
1219 746 1315 788 Nec
1333 746 1419 788 hoc
1436 747 1595 803 magis,

138 814 215 847 aut
234 806 378 846 minus
401 805 445 846 in
468 804 550 846 hac
573 819 632 857 re,
653 820 785 861 quain
809 805 852 846 in
876 804 1029 846 ceteris
1049 805 1216 846 artibus
1238 804 1304 856 fit,
1326 813 1376 845 ut
1397 804 1592 861 ingenio,

137 862 351 915 doctrina,
373 863 670 919 praeceptione
698 872 854 905 natura
885 862 1086 905 nitescat.
1148 862 1298 910 Quare
1326 870 1371 903 et
1395 862 1493 915 illis,
1515 864 1606 919 qui'

137 929 293 962 natura
319 935 534 962 memores
557 931 671 973 sunt,
695 920 812 962 utilis
842 921 939 964 haec
969 921 1053 962 erit
1085 921 1332 962 institutio:
1355 921 1473 977 quod
1497 929 1593 962 tute

139 978 284 1036 paullo
307 988 407 1035 post
428 979 590 1035 poteris
614 978 870 1035 intelligere.
934 979 1067 1026 Quod
1085 984 1126 1014 90
1140 980 1174 1019 si
1204 979 1264 1020 illi
1287 978 1387 1020 freti
1411 978 1590 1035 ingenio

139 1050 233 1090 suo,
264 1046 416 1078 nostro
445 1051 534 1078 non
565 1036 779 1093 indigent,
811 1046 958 1078 tamen
980 1037 1105 1092 justa
1135 1052 1266 1078 causa
1295 1037 1437 1088 datur,
1459 1051 1593 1093 quare

138 1094 207 1146 iis,
245 1095 320 1150 qui
362 1094 504 1135 minus
548 1094 711 1151 ingenii
752 1095 930 1146 habent,
971 1095 1225 1150 adjumento
1265 1094 1446 1136 velimus
1484 1110 1593 1136 esse.

138 1151 181 1194 N
188 1167 271 1193 unc
290 1153 342 1194 de
360 1152 596 1194 artificiosa
616 1153 828 1193 memoria
844 1152 1086 1208 loquemur.
1131 1152 1318 1194 Constat
1336 1153 1472 1208 igitur
1489 1155 1594 1194 arti-

139 1210 292 1251 ficiosa
312 1210 522 1251 memoria
543 1225 597 1251 ex
621 1210 727 1251 locis
750 1222 794 1251 et
816 1210 1097 1267 imaginibus,
1161 1210 1302 1252 Locos
1325 1211 1594 1266 appellamus

140 1282 229 1319 eos,
251 1269 324 1323 qui
350 1267 550 1320 breviter,
573 1268 780 1324 perfecte,
803 1267 1026 1324 insignite,
1056 1277 1132 1309 aut
1162 1277 1331 1320 natura,
1353 1277 1429 1309 aut
1461 1283 1594 1310 manu

139 1335 241 1366 sunt
259 1326 461 1375 absoluti,
486 1336 533 1366 ut
555 1341 627 1366 eos
651 1325 778 1367 facile
800 1325 985 1367 naturali
1001 1327 1211 1367 memoria
1224 1326 1594 1383 comprehendere

141 1393 185 1424 et
211 1383 414 1439 amplecti
437 1398 661 1438 queamus,
695 1394 744 1424 ut
777 1385 906 1435 aedes,
938 1384 1337 1436 intercolumnium,
1368 1384 1593 1440 angulum,

138 1440 366 1493 fornicem,
385 1450 429 1481 et
448 1441 545 1493 alia,
569 1457 666 1497 quac
687 1441 754 1482 his
778 1442 938 1483 similia
959 1451 1075 1483 sunt.
1137 1442 1359 1499 Imagines
1382 1451 1483 1483 sunt
1505 1441 1594 1484 for-

136 1512 220 1540 mae
243 1499 460 1555 quaedam,
493 1509 538 1540 et
567 1509 699 1551 notae,
722 1509 767 1541 et
800 1500 1030 1541 simulacra
1062 1500 1156 1555 ejus
1184 1502 1259 1552 rei,
1282 1514 1414 1557 quam
1440 1501 1596 1542 memi-

135 1556 251 1597 nisse
273 1556 497 1599 volumus:
529 1557 646 1613 quod
674 1573 826 1614 genus,
860 1558 975 1613 equi,
1012 1559 1171 1610 leones,
1201 1559 1374 1614 aquilae,
1407 1573 1597 1614 quorum

135 1615 392 1656 memoriam
415 1616 450 1656 si
469 1616 663 1657 volemus
680 1617 852 1668 habere,
876 1617 1090 1673 imagines
1109 1632 1260 1658 eorum
1274 1617 1402 1659 certis
1423 1617 1468 1658 in
1486 1616 1594 1659 locis

136 1672 349 1714 collocare
370 1688 449 1714 nos
472 1674 708 1730 oportebit.

196 1730 343 1783 Nunc,
366 1732 612 1787 cujusmodi
632 1732 750 1773 locos
774 1731 982 1784 invenire,
1006 1741 1050 1773 et
1068 1747 1155 1788 quo
1176 1742 1305 1789 pacto
1328 1733 1530 1790 reperire,
1550 1742 1594 1776 et
1604 1743 1661 1777 30

136 1786 181 1828 in
200 1787 306 1830 locis
326 1790 538 1845 imagines
556 1790 822 1831 constituere
840 1799 1055 1846 oporteat,
1074 1791 1368 1832 ostendemus.
1429 1791 1596 1839 Quem·
1613 1799 1681 1857 17

138 1846 374 1888 admodum
408 1848 543 1903 igitur
576 1849 650 1903 qui
685 1849 849 1889 litteras
884 1849 1042 1900 sciunt,
1078 1859 1261 1905 possunt
1290 1850 1348 1902 id,
1383 1850 1502 1905 quod
1528 1851 1596 1892 di-

137 1913 305 1946 ctatum
335 1913 414 1956 est,
443 1906 644 1957 scribere,
670 1916 714 1947 et
737 1906 933 1958 recitare,
962 1907 1079 1962 quod
1104 1907 1394 1963 scripserunt:
1427 1908 1490 1949 ita
1517 1908 1595 1964 qui

134 1967 319 2014 μνημονικὰ
350 1963 611 2015 didicerunt,
635 1974 832 2020 possunt,
854 1980 952 2020 quae
984 1965 1228 2016 audierunt,
1253 1965 1297 2007 in
1320 1965 1426 2007 locis
1460 1966 1596 2008 collo-

135 2033 249 2071 care,
268 2028 313 2061 et
333 2035 388 2062 ex
411 2021 479 2062 his
501 2022 752 2063 memoriter
770 2023 1067 2079 pronuntiare.
1129 2023 1236 2065 Loci
1256 2023 1373 2065 enim
1395 2038 1506 2066 cerae
1521 2032 1598 2067 aut

135 2075 301 2119 chartae
324 2079 533 2121 simillimi
549 2090 674 2133 sunt3
697 2080 924 2137 imagines,
948 2081 1130 2134 litteris3
1153 2082 1384 2138 dispositio
1398 2091 1442 2123 et
1461 2082 1597 2124 collo·-

135 2134 252 2177 catio
274 2136 533 2193 imaginum,
557 2138 808 2195 scripturae3
832 2139 1148 2195 pronuntiatio,
1171 2139 1364 2181 lectioni.
1406 2138 1598 2197 Oportet

135 2191 286 2249 igitur,
308 2195 343 2235 si
366 2196 566 2237 volumus
585 2197 723 2238 multa
743 2197 1008 2249 meminisse,
1021 2198 1182 2239 multos
1196 2198 1323 2239 nobis
1342 2197 1462 2240 locos
1476 2214 1598 2240 com-

136 2264 302 2307 parare,
325 2261 375 2294 ut
401 2253 446 2294 in
467 2254 617 2295 multis
651 2255 758 2296 locis
786 2255 946 2296 multas
978 2255 1190 2312 imagines
1214 2256 1428 2298 collocare
1457 2257 1598 2313 possi-

135 2322 247 2351 mus.
309 2309 423 2352 Item
445 2321 650 2368 putamus
678 2323 880 2369 oportere
902 2328 958 2354 ex
982 2314 1133 2355 ordine
1166 2314 1246 2355 hos
1277 2314 1396 2356 locos
1419 2314 1596 2368 habere,

135 2380 190 2409 ne
222 2369 397 2424 quando
428 2371 760 2427 perturbatione
794 2371 959 2413 ordinis
992 2372 1298 2429 impediamur,
1333 2388 1421 2429 quo
1455 2374 1597 2415 secius

176 2484 217 2514 88
243 2482 358 2515 Simul
369 2495 445 2517 cum
460 2486 544 2527 cog]
563 2486 644 2518 Mss.
659 2485 774 2527 aliqui,
791 2491 842 2518 et-

133 2525 161 2555 si
175 2527 284 2566 pauci,
299 2527 380 2559 item
394 2529 443 2559 ed.
462 2531 552 2563 1474.
566 2531 636 2560 sine
650 2533 758 2561 multa
772 2540 840 2569 cog.

134 2567 167 2598 J.
194 2568 381 2601 Gronovius
408 2572 485 2603 inde
520 2573 601 2603 facit
635 2573 740 2604 simul
771 2583 840 2612 cog.

135 2611 223 2650 quod
236 2611 414 2654 dupliciter
428 2615 669 2656 interpolatum
684 2616 739 2646 sit.

178 2656 218 2688 89
246 2655 285 2686 Sz·
299 2657 351 2686 cuz·
364 2657 445 2688 data
457 2663 504 2689 est
516 2658 679 2698 egregia]
705 2658 770 2690 Vix
782 2659 843 2690 du-

134 2693 219 2734 bito,
228 2703 400 2730 auctorem
408 2700 532 2732 dedisse
541 2703 683 2741 egregie.
698 2701 840 2733 Librarii

136 2747 234 2780 saepe,
249 2741 350 2772 etiam
364 2742 398 2773 in
413 2743 462 2774 his
475 2744 580 2781 libris,
594 2744 748 2775 adverbia
759 2746 841 2777 talia

135 2781 172 2811 in
187 2782 347 2823 adjectiva
361 2789 544 2825 mutavere,
554 2791 593 2818 ut
609 2787 681 2818 aliis
697 2787 777 2819 locis
792 2789 839 2819 vi-

133 2822 294 2857 debimus.

177 2871 219 2902 90
236 2868 275 2900 Si
287 2870 349 2906 illi,
350 2868 440 2910 freti
454 2872 756 2913 ingenio—datur]
776 2874 841 2905 Hic

135 2910 242 2943 multa
257 2913 468 2946 correximus.
514 2915 662 2947 Primum
679 2927 696 2948 e
712 2917 792 2948 Mss.
806 2924 841 2948 et

885 2486 957 2517 edd.
977 2490 1069 2522 1475.
1080 2486 1217 2518 Mediol.
1231 2487 1328 2519 sunt.
1342 2487 1492 2519 dedimus
1503 2489 1596 2528 inge-

884 2531 938 2561 nio
962 2540 1032 2568 sno,
1059 2535 1168 2561 nostro
1192 2540 1256 2560 nrm
1280 2532 1445 2571 indigent,
1466 2541 1527 2572 pro
1538 2531 1598 2572 fr.

884 2574 907 2603 i.
928 2578 1043 2603 nostra
1062 2575 1278 2613 praeceptione
1298 2584 1364 2604 non
1388 2574 1597 2613 indigerent.-

884 2615 1002 2646 deinde
1016 2615 1194 2647 latinitatis
1210 2620 1243 2647 et
1258 2617 1507 2648 conformandae
1522 2627 1595 2648 ora·

885 2659 987 2689 tionis
1016 2669 1142 2696 caussa,
1157 2659 1219 2690 etsi
1244 2659 1316 2690 sine
1330 2660 1422 2690 libris
1449 2661 1594 2690 auctori-

885 2701 958 2739 bus,
974 2702 1078 2732 daim·
1094 2712 1152 2743 pro
1169 2703 1320 2733 daretur.
1347 2702 1438 2734 Nam
1454 2703 1598 2733 omnino

885 2744 919 2774 in
935 2745 984 2775 his
999 2754 1080 2785 opus
1095 2754 1164 2777 csse
1189 2745 1347 2786 praesenti
1359 2750 1523 2785 tempore,
1542 2746 1595 2775 in-

884 2787 1010 2827 digent,
1034 2788 1149 2826 datur,
1171 2787 1374 2827 intelligitur
1388 2798 1405 2819 e
1427 2789 1595 2828 sequenti-

885 2831 958 2868 bus,
978 2832 1097 2862 lmbent
1123 2835 1158 2862 et
1179 2831 1332 2867 velimus,
1352 2831 1387 2862 in
1411 2831 1529 2870 quibus
1555 2831 1595 2861 li—

884 2873 935 2905 bri
949 2883 1063 2905 omnes
1078 2874 1304 2905 consentiunt.
