1945 3235
538 142 724 183 LIBER
767 140 1093 181 SECUNDUS.
1458 148 1534 188 187

101 247 253 293 iisdem
285 262 341 289 ex
372 246 477 290 locis
506 247 721 296 omnibus,
755 258 862 300 quos
901 244 1140 286 accusatori
1179 246 1533 303 praescripsimus,

100 305 352 348 conficitur:
385 314 428 346 et
448 313 589 346 cetera
609 312 708 359 post
730 302 879 342 eadem
909 312 1066 357 praeter
1087 317 1360 344 communem
1390 305 1535 347 locum

100 361 370 404 inducentur.
431 362 570 402 Locus
599 369 743 401 autem
765 359 1006 400 communis
1028 359 1109 399 erit
1130 358 1365 400 defensoris
1387 361 1435 411 is,
1459 376 1540 418 pert

100 434 228 475 quem
258 419 566 475 indignabitur,
589 425 882 458 accusatorem
912 416 975 456 sui
998 415 1176 472 periculi
1194 430 1336 467 causa,
1359 431 1445 458 non
1468 434 1534 462 res

100 476 237 518 solum
275 485 536 526 convertere,
567 488 714 515 verum
743 473 874 513 etiam
906 474 1038 514 verba
1068 482 1335 514 commutare
1372 476 1532 520 conari.

100 533 215 574 Nam
238 533 296 574 illi
319 533 491 589 quidem
513 545 762 572 communes
785 530 883 580 loci,
906 530 979 585 qui
1006 539 1081 570 aut
1101 529 1328 570 calumniae
1359 545 1533 572 accusa-

101 599 241 631 torum
263 589 620 639 demonstrandae,
643 597 717 629 aut
737 587 1042 628 misericordiae
1064 587 1306 643 captandae‚
1331 598 1405 628 aut
1427 588 1534 631 facti

99 647 366 697 indignandi,
389 656 463 687 aut
492 661 518 686 a
546 644 840 686 misericordia
870 644 1110 685 deterrendi
1133 659 1261 685 causa
1291 655 1531 696 sumuntur,

97 719 153 745 ex
181 691 358 760 p‘ericuli
383 703 696 759 magnitudine,
726 716 814 742 non
847 715 901 742 ex
935 716 1074 743 causae
1108 715 1278 757 genere,
1302 702 1531 745 ducuntur.

100 762 244 808 Quare
271 775 358 801 non
391 761 435 801 in
465 774 638 802 omnem
668 773 856 811 causam,
889 758 962 800 sed
992 759 1036 800 in
1065 773 1192 799 omne
1226 773 1366 800 causae
1397 774 1533 815 genus

97 818 306 859 incidunt.
367 816 529 858 Eorum
554 817 821 858 mentionem
844 816 889 856 in
919 816 1198 871 conjecturali
1222 817 1534 858 constitutione

95 875 288 916 fecimus.
347 876 387 910 69
402 874 660 916 Inductione
690 883 848 926 autem,
871 888 970 915 cum
999 888 1128 914 causa
1160 873 1412 930 postulabit,
1438 884 1530 916 ute-

94 947 202 973 mur.

146 989 258 1030 Cum
290 998 430 1030 autem
464 989 578 1030 actio
608 988 898 1029 translationis
927 996 1001 1028 aut
1033 989 1386 1029 commutationis
1418 989 1530 1030 indi·
1547 981 1614 1037 19

95 1061 194 1103 gere
213 1047 395 1099 videtur,
417 1046 533 1102 quod
561 1060 648 1087 non
678 1055 753 1086 aut
785 1045 819 1085 is
850 1045 956 1100 agit,
977 1059 1106 1099 quem
1127 1054 1313 1101 oportet,
1334 1055 1409 1087 aut
1429 1061 1528 1089 cum
1540 1052 1592 1092 5⁷

93 1119 159 1155 eo,
181 1105 357 1160 quicum
390 1112 575 1160 oportet,
606 1111 680 1143 aut
714 1102 828 1158 apud
861 1116 983 1156 quOS,
1014 1117 1098 1156 qua
1127 1101 1235 1157 lege,
1267 1118 1354 1158 qua
1382 1119 1530 1160 poena,

94 1176 180 1216 quo
213 1161 406 1212 crimine,
442 1175 528 1216 quo
558 1169 752 1214 tempore
782 1167 967 1215 oportet,
997 1158 1252 1200 constitutio
1283 1161 1535 1204 translativa

92 1218 342 1274 appellatur.
405 1217 550 1273 Hujus
579 1217 705 1257 nobis
734 1215 933 1272 exempla
964 1215 1178 1272 permulta
1209 1231 1317 1272 opus
1350 1228 1463 1270 sunt,
1497 1219 1531 1264 si

93 1275 261 1331 singula
274 1275 599 1316 translationum
618 1287 776 1329 genera
794 1288 1060 1328 quaeramus:
1085 1274 1157 1314 sed
1172 1276 1273 1328 quia
1291 1276 1400 1316 ratio
1419 1291 1531 1332 prae-

93 1343 316 1389 ceptorum
347 1331 495 1372 similis
518 1340 596 1382 est,
619 1330 916 1386 exemplorum
945 1330 1222 1371 multitudine
1251 1333 1529 1388 superseden-

92 1390 194 1430 dum
223 1399 302 1430 est.
360 1388 506 1444 Atque
535 1389 578 1429 in
601 1396 747 1429 nostra
772 1388 947 1443 quidem
968 1388 1279 1429 consuetudine
1307 1390 1454 1431 multis
1475 1391 1529 1432 de

90 1446 230 1488 causis
252 1447 315 1498 fit,
338 1456 385 1486 ut
407 1446 540 1487 rarius
572 1446 765 1487 incidant
786 1444 1100 1487 translationes.
1129 1460 1228 1486 nam
1250 1455 1293 1487 et
1315 1448 1528 1503 praetoriis

90 1504 418 1559 exceptionibus
448 1503 595 1544 multae
618 1502 907 1544 excluduntur
929 1502 1135 1554 actiones,
1158 1512 1202 1544 et
1223 1504 1283 1544 ita
1306 1505 1380 1560 jus
1402 1505 1529 1547 civile

90 1559 297 1602 habemus
319 1561 619 1611 constitutum,
641 1569 690 1600 ut
719 1575 849 1601 causa
869 1559 995 1601 cadat
1027 1560 1077 1611 is,
1102 1560 1177 1615 qui
1201 1576 1300 1613 non,
1323 1562 1530 1617 quemad-

87 1619 265 1659 modum
288 1627 474 1673 oportet,
496 1618 647 1673 egerit.
710 1617 854 1664 Quare
884 1617 928 1658 in
954 1616 1054 1672 jure
1083 1618 1334 1674 plerumque
1357 1634 1526 1662 versan-
1538 1634 1588 1672 53

90 1685 172 1716 tur.
234 1675 303 1716 Ibi
325 1675 440 1716 enim
462 1683 506 1716 et
530 1674 809 1730 exceptiones
839 1674 1123 1730 postulantur,
1146 1686 1189 1716 et
1209 1676 1528 1731 quodammodo

87 1732 242 1788 agendi
265 1742 455 1788 potestas
477 1732 616 1783 datur,
639 1741 682 1773 et
704 1733 843 1773 omnis
866 1733 1095 1788 conceptio
1118 1733 1384 1789 privatorum
1410 1749 1428 1790 J
1438 1735 1531 1776 udi-

89 1790 254 1831 ciorum
278 1789 569 1830 constituitur.
601 1788 654 1830 In
675 1790 780 1844 ipsis
802 1797 945 1830 autem
961 1789 1140 1844 judiciis
1162 1791 1296 1832 rarius
1319 1792 1530 1843 incidunt,

89 1855 132 1886 et
154 1856 297 1886 tanisn
328 1848 362 1886 si
391 1847 563 1902 quando
587 1846 798 1897 incidunt,
819 1846 1032 1901 ejusmodi
1057 1856 1169 1901 sunt,
1192 1857 1240 1888 ut
1269 1863 1345 1905 per
1377 1864 1420 1890 se
1447 1850 1530 1891 mi4

87 1917 166 1944 nus
190 1904 378 1944 habeant
400 1903 691 1956 firmitudinis,
713 1903 1023 1945 confirmentur
1055 1914 1199 1946 autem
1229 1916 1418 1947 assumta
1446 1908 1529 1948 alia

89 1959 232 2015 aliqua
261 1961 597 2002 constitutione:
630 1970 678 2002 ut
710 1961 755 2002 in
788 1961 976 2016 quodam
1002 1961 1186 2017 judiciO,
1217 1977 1316 2004 cum
1349 1964 1528 2006 venefici

88 2017 313 2072 cujusdam
352 2032 509 2059 nomen
542 2026 653 2059 esset
681 2018 884 2069 delatum,
919 2026 975 2069 et,
1014 2019 1116 2074 quia
1148 2020 1366 2075 parricidii
1399 2036 1529 2067 causa

87 2075 330 2130 subscripta
351 2085 475 2126 esset,
497 2085 622 2116 extra
642 2076 835 2116 ordinem
859 2085 969 2116 esset
990 2085 1232 2132 acceptum,
1255 2092 1355 2119 cum
1381 2079 1426 2120 in
1455 2094 1525 2120 acs

86 2132 308 2173 cusatione
329 2132 412 2173 alia
438 2133 637 2188 quaedam
659 2133 840 2174 crimina
858 2133 1040 2174 testibus
1062 2144 1105 2174 et
1135 2135 1400 2190 argumentis
1422 2151 1526 2178 con-

86 2188 372 2241 firmarentur,
399 2190 617 2246 parricidii
639 2199 783 2231 autem
805 2189 943 2231 solum
963 2191 1127 2232 mentio
1150 2191 1265 2233 facta
1287 2203 1420 2236 esset:
1452 2194 1526 2235 dee

86 2245 230 2287 fensor
252 2247 295 2287 in
318 2247 401 2288 hoc
423 2248 517 2303 ipso
539 2247 776 2288 701nultu1n
798 2257 970 2303 oportet
991 2257 1034 2289 et
1063 2248 1136 2290 diu
1159 2250 1391 2292 consistat:
1425 2267 1524 2295 cum

84 2303 138 2344 de
167 2318 272 2344 nece
305 2305 490 2359 parentis
521 2303 631 2345 nihil
651 2304 993 2346 demonstratum
1016 2306 1084 2357 sit,
1108 2306 1335 2362 indignum
1358 2308 1527 2350 facinus

82 2374 187 2412 esse,
209 2375 259 2402 ea
280 2376 414 2417 poena
434 2362 604 2403 afficere
624 2376 738 2414 eum,
764 2377 849 2418 qua
875 2363 1102 2418 parricidae
1125 2364 1446 2411 flafficiuntur:
1481 2366 1529 2413 id

127 2501 167 2536 69
191 2502 381 2533 Indue-tione
393 2508 517 2541 autem,
530 2503 631 2543 curm]
649 2502 781 2534 Delevi-
821 2504 904 2534 tiose
926 2503 1087 2536 dederunt
1112 2511 1202 2544 essee,
1229 2507 1314 2548 quod
1337 2508 1522 2541 Gronovius

74 2551 158 2574 ‘mus
173 2554 283 2575 eorum
299 2550 372 2585 post
387 2550 510 2576 autem.
554 2547 606 2576 Sic
626 2546 706 2576 Mss.
721 2546 781 2576 ali·
823 2547 908 2577 maJe
927 2546 1084 2585 defendit,
1101 2549 1187 2579 unde
1208 2550 1349 2581 alterum
1371 2563 1520 2583 commu-

84 2591 166 2624 quot
180 2586 263 2617 Oud.
279 2589 366 2618 Cass.
381 2588 443 2618 Gu.
462 2591 488 2618 1.
511 2588 593 2618 Edd.
606 2598 655 2629 pr.
669 2599 781 2619 ern-um
821 2593 931 2618 tatum
955 2594 1015 2620 est.
1072 2590 1227 2621 Ceterum
1255 2593 1308 2623 hic
1333 2600 1383 2624 est
1411 2596 1517 2625 oratio

82 2629 234 2658 locorum.
821 2632 1019 2668 ἀνακέλεθας,
1041 2633 1128 2671 quod
1155 2635 1214 2664 viri
1239 2635 1328 2667 docti
1354 2647 1421 2667 non
1447 2638 1518 2668 ani-

123 2672 164 2703 70
185 2670 333 2700 Multum
349 2676 482 2711 oportet,
499 2677 538 2702 ut
552 2673 610 2702 diu
623 2672 666 2711 c.]
693 2673 780 2703 Con·
821 2674 1080 2705 madverterunt.
1100 2676 1187 2706 Nam
1199 2679 1387 2719 exemplum
1401 2690 1520 2720 propo-

76 2711 143 2750 jeci
156 2711 234 2742 olim
247 2716 287 2742 et.
311 2713 396 2743 Cum
408 2714 453 2744 sic
466 2716 509 2745 sit
521 2715 556 2745 in
570 2715 672 2746 schol.
686 2714 778 2745 Leid.
821 2717 922 2746 situm
934 2722 984 2747 est
1001 2717 1045 2746 rei
1061 2720 1236 2757 praeteritae
1248 2732 1257 2758 3
1281 2721 1367 2752 unde
1382 2722 1520 2752 debebat

81 2755 110 2786 9.
126 2759 159 2783 et
174 2754 223 2784 ed.
238 2754 257 2783 ὖ
262 2762 335 2785 unt.
349 2756 464 2796 recepi.
822 2759 924 2797 sequi,
945 2758 1021 2798 quid
1039 2759 1190 2792 defensor
1204 2762 1309 2793 dicere
1323 2763 1472 2794 debuerit
1484 2764 1520 2794 in

123 2799 159 2829 71
185 2796 413 2837 Afficiuntur]
430 2798 563 2829 Rectius
575 2799 779 2841 afficiantur.
823 2811 861 2831 ea
875 2810 1008 2840 caussa;
1031 2801 1087 2832 sed
1109 2803 1222 2835 Cicero
1244 2806 1404 2846 praecipit,
1421 2810 1458 2836 ut
1480 2806 1521 2836 de

79 2837 161 2871 Mox
181 2840 356 2869 damnetur
371 2849 430 2880 pro
448 2841 667 2872 damnaretur
680 2841 780 2872 edidi·
824 2852 857 2873 re
885 2843 1010 2881 futura,
1039 2850 1098 2874 aut
1125 2856 1198 2885 quae
1225 2847 1368 2878 incidere
1395 2848 1519 2888 possit;

80 2889 164 2911 mus,
208 2881 288 2912 Mss.
312 2881 444 2922 quidam
469 2887 504 2912 et
522 2883 601 2914 Edd.
626 2889 708 2915 vett.
734 2884 780 2914 vi-
823 2895 898 2917 cum
913 2896 1028 2917 nomen
1045 2887 1193 2919 delatum
1215 2894 1305 2927 esset,
1325 2889 1472 2931 defensor
1485 2890 1519 2920 in
