1945 3235
378 147 455 182 '14⁴
841 142 922 181 DE
955 142 1338 182 INVENTIONE

381 257 429 289 ut
450 247 507 298 id,
529 245 643 302 quod
665 245 822 297 dicitis,
844 261 931 288 non
948 247 1077 289 modo
1099 262 1184 289 uon
1208 246 1396 296 fecerim,
1420 246 1491 288 sed
1513 260 1566 288 ne
1590 247 1802 303 potuerim

376 305 550 360 quidem
583 302 735 344 facere.
794 302 938 359 Atque
959 304 1041 346 hoc
1063 304 1290 360 diligenter
1321 304 1461 345 videre
1493 305 1724 359 oportebit,
1748 320 1799 347 ne.

376 377 462 418 quo
496 369 622 425 pacto
646 375 779 416 genus
810 361 891 402 lioc
922 361 1053 402 refelli
1086 361 1232 416 possit,
1256 372 1302 402 ut
1331 376 1384 402 ne
1408 360 1677 403 confirmatio
1705 377 1799 406 mo-

375 420 478 461 dum
500 433 544 460 in
566 432 609 458 se
631 418 1013 472 argumentationis
1032 418 1167 459 solum
1191 417 1360 469 habeat,
1379 428 1422 458 et
1442 418 1657 473 quandam
1679 418 1795 463 simi-

375 476 598 519 litudinem
629 475 875 516 necessariae
905 474 1205 525 conclusionis,
1236 490 1380 515 verum
1407 475 1499 531 ipsa
1524 485 1796 530 argumenta-

375 541 436 575 tio
457 547 511 574 ex
534 546 769 574 neccssarla
790 542 958 572 ratione
979 542 1198 573 cons1stat.

309 598 360 632 46
432 589 659 632 Probabile
680 597 822 630 autcin
844 598 907 629 est
934 588 990 640 id,
1011 589 1125 644 quod
1148 589 1235 630 fere
1257 589 1345 630 fieri
1371 589 1490 639 solet,
1519 597 1594 630 aut
1614 588 1730 644 quod
1751 588 1796 630 in

370 648 573 703 opinione
595 645 782 702 positum
799 655 878 696 est,
896 654 970 686 aut
988 646 1103 701 quod
1121 646 1251 687 habet
1268 647 1311 686 in
1331 661 1374 686 sc
1395 647 1447 687 ad
1467 646 1561 687 haec
1578 646 1794 701 quandam

369 703 705 753 similitudinem,
728 702 816 743 sive
838 702 880 743 id
903 702 1055 743 falsum
1083 713 1160 753 est,
1183 704 1271 745 sive
1294 718 1455 744 verum.
1516 702 1568 744 In
1589 718 1642 744 eo
1663 717 1792 759 gene-

369 776 426 811 re,
448 761 561 816 quod
586 759 672 800 fere
701 760 808 801 solet
829 759 934 811 fieri,
959 760 1178 815 probabile
1200 760 1446 815 hujusmodi
1468 771 1555 802 cst:
1599 760 1633 801 si
1656 770 1792 802 mate-r

367 817 601 873 est,diligit
622 817 778 858 filium:
803 817 836 857 si
859 832 1008 858 avarus
1030 827 1108 867 est,
1130 817 1644 873 negligitjusjurandum.
1669 816 1722 859 In
1739 832 1789 859 eo

367 887 524 925 autem,
546 875 660 929 quod
684 874 726 914 in
748 873 950 928 opinione
981 874 1168 928 positum
1189 884 1267 926 est,
1290 874 1534 929 hujusmodi
1562 883 1662 916 sunt
1694 890 1792 931 pro-

368 932 549 983 babilia;
581 931 723 986 impiis
753 931 865 986 apud
898 930 1055 971 inferos
1086 946 1237 986 poenas
1267 946 1358 972 esse
1387 942 1672 988 praeparata83
1701 947 1790 983 eos,

280 993 353 1041 30
365 990 438 1044 qui
462 988 746 1045 philosophiae
769 989 871 1028 dent
892 1001 1079 1041 operam,
1102 1002 1187 1028 non
1209 988 1403 1029 arbitrari
1426 989 1527 1030 deos
1548 1004 1653 1030 esse.
1725 990 1791 1031 Si-

365 1046 562 1087 militudo
597 1055 738 1085 autem
773 1044 815 1085 in
857 1045 1081 1085 contrariis
1114 1054 1157 1085 et
1194 1045 1381 1100 paribus,
1414 1046 1528 1087 etin
1563 1047 1615 1087 iis
1648 1047 1789 1098 rebus,

364 1118 460 1158 quae
486 1104 564 1144 sub
586 1102 764 1142 candem
787 1102 945 1143 cadunt
974 1102 1198 1152 rationem,
1221 1102 1408 1142 maxime
1430 1112 1659 1158 spectatur.
1738 1103 1790 1146 ln

363 1160 602 1210 contrariis,
634 1159 715 1200 hoc
750 1159 902 1200 modo:
938 1159 1050 1200 Nam
1078 1159 1110 1200 si
1142 1159 1208 1210 iis,
1243 1159 1316 1214 qui
1352 1159 1641 1215 imprudentes
1669 1159 1789 1202 laese-

366 1227 477 1268 runt,
500 1217 664 1274 ignosci
683 1217 899 1268 convenit,
918 1216 983 1266 iis,
1003 1217 1074 1271 qui
1098 1217 1335 1257 necessario
1354 1216 1620 1273 profuerunt,
1639 1216 1786 1259 haberi

300 1278 348 1315 47
365 1276 546 1329 gratiam
579 1289 665 1315 non
688 1282 871 1329 oportet.
933 1273 1000 1314 Ex
1024 1274 1129 1329 pari,
1161 1273 1246 1315 sic:
1281 1273 1394 1315 Nam
1419 1284 1466 1315 ut
1494 1274 1674 1315 84100115
1698 1275 1789 1316 sine

363 1342 504 1386 portu,
528 1332 707 1372 navibus
729 1345 818 1371 csse
841 1346 926 1371 non
949 1341 1091 1387 potest
1115 1341 1255 1372 tutus:
1288 1331 1349 1372 sic
1380 1332 1546 1372 animus
1577 1331 1667 1372 sine
1689 1332 1786 1383 fide,

362 1389 525 1430 stabilis
553 1389 700 1429 amicis
724 1403 806 1428 non
831 1397 973 1443 potest
993 1402 1097 1428 esse.
1159 1386 1211 1428 In
1233 1388 1283 1428 iis
1305 1389 1444 1439 rebus,
1467 1403 1564 1444 quae
1587 1389 1666 1429 sub
1687 1403 1786 1430 ean-

359 1445 456 1487 dem
491 1447 698 1486 rationem
733 1446 905 1496 cadunt,
939 1445 1020 1486 hoc
1054 1444 1182 1485 modo
1217 1445 1439 1501 probabile
1467 1446 1784 1487 consideratur:

359 1502 474 1543 Nam
497 1504 528 1543 si
551 1503 733 1543 Rhodiis
757 1512 879 1558 turpe
900 1517 985 1543 non
1004 1511 1069 1542 est
1090 1502 1328 1558 portorium
1350 1502 1503 1554 locare,
1525 1517 1578 1544 ne
1600 1502 1784 1544 Herma-

355 1561 518 1600 creonti
552 1560 723 1615 quidem
747 1569 870 1614 turpe
891 1569 955 1600 est
983 1559 1235 1600 conducere.
1296 1560 1407 1601 Haec
1429 1569 1520 1600 tum
1543 1574 1641 1600 vera
1671 1570 1783 1611 sunt,

355 1615 438 1658 hoc
470 1627 621 1673 pacto:
655 1617 872 1663 Quoniam
895 1616 1074 1658 cicatrix
1097 1626 1175 1667 cst,
1198 1615 1280 1656 fuit
1312 1616 1487 1668 vulnus3
1520 1626 1611 1657 tum
1633 1617 1780 1658 verisi-

353 1673 486 1725 milia,
509 1674 591 1715 hoc
613 1674 766 1715 modo:
791 1674 836 1714 Si
856 1674 1012 1715 multus
1030 1683 1120 1714 erat
1141 1674 1185 1714 in
1207 1673 1359 1715 calceis
1381 1673 1535 1730 pulvis,
1553 1688 1608 1715 ex
1630 1673 1781 1715 itinere

353 1744 451 1771 eum
475 1732 617 1772 venire
639 1731 880 1786 oportebat.

411 1788 553 1829 Omne
574 1797 731 1838 autem,
750 1794 818 1841 (ut
835 1797 970 1829 certas
992 1787 1198 1843 quasdam
1216 1787 1260 1828 in
1280 1796 1419 1843 partes
1441 1787 1780 1838 distribuamus‚)

355 1846 589 1900 probabile,
613 1846 727 1900 quod
759 1846 939 1886 sumitur
969 1846 1021 1886 ad
1052 1845 1483 1900 argumentationem,
1505 1854 1580 1886 aut
1608 1845 1780 1901 signum

290 1906 341 1940 48
354 1912 431 1954 est,
455 1912 528 1943 aut
549 1902 765 1953 credibile,
787 1912 861 1943 aut
872 1903 1131 1957 judicatum,
1154 1911 1229 1943 aut
1249 1902 1551 1959 comparabile.
1596 1901 1779 1958 Signum

352 1970 429 2011 est,
453 1960 566 2016 quod
591 1961 669 2000 sub
691 1974 859 2000 sensum
882 1960 1065 2015 aliquem
1089 1959 1219 2010 cadit,
1245 1968 1289 2000 et
1309 1959 1513 2015 quiddam
1543 1959 1776 2015 significat,

350 2018 464 2072 quod
496 2031 550 2058 ex
582 2017 675 2072 ipso
699 2017 938 2073 profectum
967 2017 1148 2067 videtur,
1170 2016 1286 2071 quod
1315 2025 1389 2057 aut
1419 2025 1518 2057 ante
1538 2015 1682 2067 fuerit,
1703 2026 1778 2057 aut

350 2074 392 2114 in
416 2075 508 2129 ipso
531 2075 722 2129 negotio,
744 2084 818 2114 aut
849 2084 947 2129 post
977 2074 1032 2113 sit
1057 2083 1350 2124 consecutum,
1372 2082 1416 2114 et
1438 2083 1579 2114 tamen
1610 2072 1778 2128 indiget

349 2131 582 2171 testimonii
614 2141 657 2171 et
686 2131 893 2186 gravioris
916 2130 1278 2181 confirmationis3
1316 2140 1362 2170 ut
1383 2144 1522 2180 cruor,
1544 2129 1662 2185 fuga,
1685 2129 1775 2185 pal-

346 2187 422 2239 lor,
443 2188 595 2244 pulvis,
619 2198 661 2228 et
682 2202 778 2242 quae
799 2187 864 2227 his
884 2198 982 2227 sunt
1004 2187 1171 2227 similia.
1218 2186 1434 2228 Credibile
1451 2196 1530 2237 est,
1549 2186 1662 2241 quod
1686 2186 1777 2227 sine

301 2251 332 2282 b.
349 2244 432 2285 ullo
468 2255 587 2296 teste,
626 2245 832 2285 auditoris
862 2245 1064 2300 opinione
1093 2243 1299 2296 firmatur,
1327 2244 1410 2284 hoc
1438 2243 1593 2286 modo:
1634 2242 1776 2288 Nemo

344 2312 422 2352 est,
445 2303 517 2357 qui
541 2316 626 2342 non
654 2301 809 2342 liberos
841 2316 938 2342 suos
970 2300 1202 2342 incolumes
1232 2310 1276 2342 et
1307 2301 1453 2342 beatos
1488 2315 1579 2341 esse
1609 2301 1773 2356 cupiat.

342 2358 594 2400 .ludicatum
625 2367 702 2409 est,
734 2373 797 2399 res
829 2359 1086 2408 assensione,
1109 2367 1183 2398 aut
1212 2358 1484 2409 auctoritate,
1506 2366 1581 2399 aut
1603 2357 1775 2412 judicio

343 2416 539 2471 alicujus,
559 2424 632 2456 aut
663 2416 900 2470 aliquorum
924 2416 1218 2471 comprobata.
1282 2414 1332 2456 Id
1364 2416 1500 2456 tribus
1531 2415 1575 2455 in
1606 2414 1774 2470 generi-

343 2473 421 2513 bus
442 2483 671 2529 spectatur,
695 2473 909 2529 religioso,
933 2473 1166 2523 communi,
1185 2472 1440 2528 approbato.
1501 2470 1772 2527 Religiosum

341 2538 419 2580 est,
442 2531 555 2585 quod
568 2531 704 2585 jurati
723 2530 889 2586 legibus
901 2529 1177 2585 judicarunt:
1201 2543 1429 2570 commune
1442 2537 1526 2580 est,
1544 2528 1661 2583 quod
1678 2542 1772 2568 om-

379 2678 419 2707 34
442 2675 547 2706 Locus
569 2676 636 2705 sine
655 2674 781 2714 portu]
811 2673 958 2705 Oudend.
984 2684 1032 2704 re·
1074 2673 1175 2712 gitur,
1202 2673 1313 2704 locum
1335 2683 1402 2704 esse
1429 2670 1776 2713 intelligendum‚'qni

334 2718 427 2749 stitui
455 2718 506 2748 hic
532 2717 603 2747 wilt
617 2728 654 2747 ex
678 2717 748 2747 edd.
773 2722 852 2747 vett.
876 2717 913 2746 in·
932 2717 1032 2751 mari,
1075 2716 1118 2746 sit
1139 2717 1174 2746 in
1188 2715 1282 2753 mari,
1296 2721 1331 2746 et
1341 2715 1473 2746 tollitur
1487 2715 1524 2745 iis
1538 2714 1642 2745 verbis
1664 2724 1772 2754 aequa-

337 2760 460 2800 (omisit
481 2760 604 2800 primus
626 2760 661 2788 P.
682 2759 865 2794 Manutius,
881 2763 954 2798 post
976 2758 1030 2788 alii
1075 2757 1150 2788 litas
1187 2758 1420 2795 membrorum,
1449 2760 1534 2788 locus
1559 2758 1627 2787 sine
1655 2761 1770 2797 portu,

292 2807 294 2809 ’
333 2812 407 2832 cum
430 2801 623 2839 Laminium)
649 2800 703 2831 sed
723 2800 802 2831 mihi
826 2800 932 2839 glossa
945 2800 1031 2830 vide·
1074 2801 1205 2830 animus
1229 2799 1299 2830 sine
1312 2799 1397 2841 fide.
1432 2797 1562 2831 Neuter’
1583 2799 1691 2830 Guelf.
1714 2799 1772 2830 ha-

332 2853 400 2881 tur,
427 2849 465 2874 ut
492 2842 562 2873 aliis
585 2843 664 2872 olim
691 2843 765 2872 viris
791 2842 904 2872 doctis.
938 2843 1053 2882 Quia,
1075 2842 1141 2872 bet.

333 2887 371 2917 de
393 2893 490 2927 portu
505 2895 610 2917 sermo
624 2890 686 2923 est,
702 2894 759 2916 sua
781 2891 896 2924 sponte
911 2883 1033 2915 intelli-
