1945 3235
614 99 819 139 LIBER
854 101 1114 140 PRIMUS.
1500 106 1583 145 22?

190 204 381 241 verborum
409 206 558 246 delectu,
580 210 655 241 tum
672 217 691 241 e
710 206 836 252 tropis,
843 205 990 253 figuris,
1011 210 1047 241 et
1063 217 1221 241 numera
1274 206 1470 244 Adduntur
1497 213 1578 245 tan-

170 292 177 297 ,
196 257 275 292 dem
295 258 456 304 quaedam
486 259 528 294 de
554 260 704 294 actione.
763 257 848 304 Cap.
872 261 930 293 14.
948 269 1020 304 seq.
1049 259 1254 304 digreditur
1281 261 1329 295 ad
1358 260 1480 296 laudes
1506 261 1579 297 elo-

196 311 359 355 quentiae,
378 312 480 358 eique
496 308 761 357 adjungendam
772 320 844 344 esse
859 310 961 345 docet
974 309 1252 356 philosophiam,
1272 322 1343 345 non
1362 311 1580 358 Epicuream

195 362 338 408 quidem
356 367 421 398 aut
439 362 612 404 Stoicam,
639 363 702 397 sed
728 362 980 396 Academicum
1001 366 1036 397 et
1061 361 1358 409 Peripateticum.
1414 363 1458 398 In
1476 376 1578 399 exor-

195 414 255 448 dio
276 413 396 449 Cicero
412 413 602 463 funestam
620 418 770 450 mortem
787 425 909 448 eorum
927 414 1104 461 deplorat,
1126 415 1188 462 qui
1205 415 1243 449 in
1262 414 1316 449 his
1335 414 1435 450 libris
1455 416 1578 463 dispu-

195 469 312 501 tantes
329 467 557 503 inducuntur.

145 546 506 616 COGITANTI
537 574 642 616 mihi
667 589 975 630 saepenumem,
998 583 1041 615 et
1063 575 1270 616 memoria
1291 586 1434 617 vetera
1455 582 1618 646 repe-i'·
1633 576 1686 608 85³

140 631 262 680 tenti,
293 633 482 687 perbeati
506 632 650 683 fuisse,
674 632 838 678 Quinte
858 633 1001 682 frater,
1025 632 1083 673 illi
1108 633 1240 674 videri
1259 632 1409 684 solent,
1431 633 1504 688 qui
1528 648 1571 674 m

137 688 302 743 optima
335 689 566 745 republica,
596 705 695 731 cuin
725 702 768 730 et
806 690 1055 740 honoribus,
1086 699 1130 730 et
1171 704 1311 730 lerum
1353 665 1616 747 gestaruml

136 744 272 799 gloria
303 746 516 797 flmerent,
539 762 636 788 eum
661 747 759 788 vitae
783 762 954 788 cuisum
981 757 1125 787 teneie
1157 757 1403 802 potuerunt,
1426 757 1474 788 ut
1505 740 1605 789 vell

134 801 179 841 in
202 803 376 857 negotio
400 804 490 845 sine
512 804 716 860 pericuIO,
743 805 833 845 vel
825 820 866 845 in
890 805 980 845 otio
1003 819 1100 845 cum
1129 804 1342 860 dignitate
1364 820 1454 845 esse
1474 820 1574 869 pos-

135 868 246 899 sent.
301 860 394 901 lAc
418 861 498 902 fuit
516 862 709 926 quidem,
740 877 838 902 cuin
862 862 967 903 mihi
1001 875 1172 916 quoque
1205 862 1375 902 initium
1408 862 1576 918 requie-

132 916 293 966 scendi,
307 928 435 972 atque
456 920 646 960 animum
670 920 721 960 ad
746 920 966 974 utriusque
989 928 1107 959 nosti
1113 933 1182 959 um
1205 919 1410 974 piwaeclma
1432 920 1575 961 studia

130 948 355 1026 refereridi,
379 975 652 1032 forejustum
673 986 716 1016 et
740 991 872 1032 piope
888 978 941 1017 ab
963 977 1163 1017 omnibus
1186 990 1435 1017 concessum
1459 977 1576 1017 arbi-

133 1040 279 1082 σειν-,61
311 1035 344 1074 si
368 1033 560 1075 infinitus
584 1034 818 1074 forensium
842 1048 979 1074 rerum
1004 1033 1137 1084 labor,
1161 1043 1203 1073 et
1225 1034 1475 1074 ambitionis
1498 1049 1572 1074 oc-

131 1064 321 1144 cupatio‚
352 1091 531 1132 decursu
554 1091 781 1141 honomm,
804 1093 932 1132 etiam
958 1090 1097 1130 aetatis
1121 1091 1258 1140 fluxu,
1289 1091 1569 1146 constitisset

129 1158 257 1199 quam
295 1162 412 1203 spem
454 1149 768 1204 cogitationum
810 1157 852 1188 et
899 1147 1174 1188 consiliorum
1217 1162 1425 1198 meonnn,
1468 1142 1607 1189 cum‘z

129 1215 278 1256 graves
300 1207 593 1246 communium
616 1216 872 1260 temporum,
897 1213 987 1245 tum
1011 1219 1033 1244 v
1039 1204 1115 1244 arii
1138 1205 1271 1245 nostii
1302 1219 1423 1245 casus
1447 1204 1569 1246 fefel-

128 1257 283 1301 lerunt.
346 1262 472 1313 Nam,
507 1263 579 1317 qui
614 1262 730 1303 locus
758 1262 914 1317 quietis
936 1272 979 1302 et
1012 1260 1334 1316 tianquillitatis
1373 1261 1570 1317 plenissi-

128 1330 222 1357 mus
246 1318 337 1359 fore
369 1320 605 1370 videbatur,
641 1320 683 1359 in
715 1333 766 1359 eo
797 1320 1000 1360 maximae
1033 1318 1164 1359 moles
1195 1319 1503 1369 molestiarum,
1526 1328 1569 1360 et

127 1374 505 1418 turbulentissimae
530 1386 805 1432 tempestates
837 1376 1111 1417 exstiterunt.
1174 1376 1327 1440 Neque
1359 1390 1457 1417 v·e10
1491 1391 1569 1417 no-

128 1429 192 1471 bis
224 1434 496 1488 cupientibus
519 1445 646 1489 atque
669 1434 980 1489 exoptantibus
1001 1432 1164 1473 fructus
1188 1433 1265 1474 otii
1289 1433 1413 1474 datus
1427 1442 1491 1474 est
1514 1433 1568 1474 ad

126 1501 196 1528 eas
218 1499 343 1541 artes,
365 1491 520 1546 quibus
543 1507 567 1532 a
589 1491 731 1547 pueiis
754 1491 888 1532 dediti
912 1490 1086 1541 fuimus,
1108 1490 1398 1540 celebrandas,
1424 1491 1567 1531 ‘linter

124 1559 286 1602 nosque
309 1548 567 1590 recolendas.
629 1549 667 1589 N
675 1563 742 1589 nn
766 1549 904 1604 plima
934 1557 1062 1589 aetate
1086 1547 1315 1588 incidimus
1348 1548 1390 1587 in
1424 1549 1595 1603 ipsam3

124 1602 490 1658 perturbationem
514 1606 752 1669 disciplinae
779 1606 950 1647 v·ete1is:
983 1616 1026 1645 et
1056 1605 1280 1646 consulatu
1312 1605 1562 1645 devenimus

124 1661 169 1701 in
204 1663 391 1704 medium
424 1678 562 1704 rerum
595 1677 787 1703 omnium
827 1673 1043 1704 certamen
1075 1671 1203 1717 atque
1234 1662 1488 1703 disciimen:
1521 1670 1565 1703 et

122 1716 209 1759 hoc
231 1729 397 1776 tempus
419 1735 546 1761 omne
578 1731 674 1776 post
704 1719 972 1761 consulatum
1005 1719 1278 1784 objecimus
1270 1720 1319 1759 lis
1344 1720 1563 1769 fluctibus,

123 1776 212 1830 qui,
232 1791 304 1832 per
325 1793 402 1818 nos
424 1793 449 1818 a
470 1778 688 1819 communi
709 1786 826 1833 peste
844 1776 1024 1833 depulsi,
1040 1777 1081 1817 in
1105 1777 1391 1832 nosmetipsos
1410 1777 1564 1816 redun-

124 1834 294 1876 darunt.
355 1835 436 1876 Sed
461 1845 603 1876 tamen
625 1834 668 1874 in
691 1834 755 1874 his
789 1834 854 1874 vel
876 1835 1178 1889 asperitatibus
1210 1848 1365 1883 rcr,um
1400 1833 1464 1873 vel
1487 1848 1562 1873 m·-

124 1893 277 1956 gustiis
301 1893 521 1949 temporis,
543 1893 753 1947 obsequai
775 1891 925 1931 studiis
948 1891 1118 1941 nostris,
1140 1900 1197 1940 et,
1219 1900 1397 1945 qua-utut
1402 1905 1427 1930 n
1453 1890 1561 1931 mihi

123 1948 189 1990 vel
215 1948 328 1992 fraus
360 1951 648 1999 inimicorum,
682 1948 745 1989 vel
770 1963 910 1989 causae
942 1949 1194 1998 amicorum,
1221 1947 1284 1988 vel
1316 1947 1561 2002 respublica

122 2004 283 2050 tiibuet
309 2004 411 2058 otii,
445 2008 497 2048 ad
530 2006 801 2047 scribendum
845 2004 1115 2062 potissimum
1155 2005 1390 2046 conferam.
1457 2004 1590 2045 Tibi4

121 2081 238 2117 vero,
261 2065 404 2116 frater,
426 2079 562 2119 neque
592 2063 782 2104 hortanti
814 2063 956 2113 deero,
989 2077 1125 2117 neque
1155 2062 1342 2118 roganti.
1365 2076 1462 2101 nam
1485 2076 1559 2102 ne-

121 2138 204 2179 que
224 2123 479 2166 auctoritate
501 2121 714 2177 quispiam
736 2120 850 2176 apud
872 2134 939 2161 me
963 2120 1056 2176 plus
1079 2119 1218 2160 valere
1242 2130 1282 2160 te
1304 2128 1462 2175 potest,
1485 2134 1560 2159 ne-

164 2289 177 2317 l
191 2285 317 2327 Acfuit
329 2286 470 2326 quidem,
482 2293 557 2315 cum
573 2284 653 2315 mihi
664 2293 796 2323 quoque.
799 2282 812 2322 ]

120 2330 174 2361 Sic
192 2329 276 2360 edidi
291 2339 310 2359 e
331 2329 454 2368 vestigi
459 2337 474 2357 s
490 2327 568 2357 Mss.
593 2331 626 2357 et
647 2326 719 2356 edd.
736 2331 815 2356 v.ett

119 2371 207 2403 Nam
234 2371 295 2401 Ms.
324 2370 532 2410 Erlangensis
567 2368 663 2409 plane
697 2368 812 2398 habet:

120 2413 169 2444 Ac
183 2413 258 2452 fuit
281 2397 504 2453 quiden1,³sed
528 2412 597 2441 sine
623 2420 708 2441 cum.
754 2410 814 2440 Ed.

86 2478 89 2481 Δ
121 2455 250 2486 Ascens.
271 2459 297 2486 l.
321 2465 389 2486 non
411 2455 510 2485 habet
528 2454 669 2493 quidem,
684 2452 814 2492 sedpro

120 2507 160 2527 eo
184 2501 308 2538 tempus
329 2498 426 2534 illud,
458 2497 566 2527 nescio
593 2495 698 2533 uude3
729 2494 814 2534 quod

121 2539 222 2569 Aldus
247 2546 280 2570 et
316 2541 415 2570 ceteri
446 2548 558 2569 omnes
593 2538 694 2568 secuti
727 2542 816 2567 sunt.

124 2581 264 2621 Tempus
283 2583 368 2612 illud
380 2588 429 2612 est
447 2592 465 2611 a
484 2581 675 2619 glossatore,
700 2579 754 2618 qui
778 2590 817 2609 ex

122 2623 194 2653 aliis
225 2623 303 2654 locis
325 2624 490 2655 Ciceronis
520 2622 655 2659 addidit,
684 2627 720 2650 ut
746 2621 817 2651 InV.

125 2667 154 2701 l,
181 2667 210 2696 9.
242 2666 314 2696 init.
344 2666 385 2696 ad
410 2666 485 2696 Div.
520 2668 568 2701 10,
601 2667 630 2695 3.
675 2664 771 2703 Quod
801 2674 818 2693 e

123 2707 188 2744 Ms.
213 2708 250 2737 E.
280 2707 451 2744 edidimus,
477 2713 527 2738 est
560 2707 751 2746 exquisitius
781 2711 815 2735 et

122 2750 254 2797 optimis
271 2750 482 2790 scriptoribus
506 2750 675 2779 usitatum.
720 2748 816 2778 Pear-

123 2792 165 2821 cii
201 2792 280 2822 Mss.
308 2801 421 2823 omnes
457 2802 588 2823 caruere
623 2790 816 2831 pronomine

122 2834 226 2868 illud.·
244 2844 264 2865 a
277 2833 438 2876 plerisque
451 2834 559 2866 abfuit
574 2838 711 2875 tempus.
733 2832 816 2865 Edd-

858 2283 973 2323 primae
995 2292 1109 2313 omnes
1129 2282 1274 2319 habent3
1298 2281 1347 2312 Ac
1369 2291 1456 2311 nunc
1480 2282 1561 2312 mihi

858 2335 995 2365 quoque:
1019 2326 1073 2355 sed
1086 2326 1118 2356 id
1134 2325 1227 2365 plane
1245 2330 1407 2364 repugnat
1423 2333 1562 2362 sequen—

857 2368 964 2398 tibus:
999 2378 1097 2407 qaam
1124 2377 1211 2407 spem
1234 2368 1440 2396 consiliorum
1463 2370 1561 2404 atque

858 2410 1093 2449 cogitationum
1110 2411 1166 2440 ἃς.
1191 2410 1345 2439 Ceterum
1359 2417 1456 2447 quam
1471 2417 1560 2447 spem

857 2462 884 2482 c.
899 2456 930 2482 et
954 2462 980 2482 c.
1002 2458 1051 2482 est
1067 2462 1138 2492 pro,
1163 2451 1218 2481 sed
1239 2460 1312 2480 eam
1324 2460 1411 2489 spem
1435 2460 1462 2479 c.
1481 2453 1511 2480 et
1533 2460 1560 2480 c.

857 2494 943 2532 quod
952 2494 1061 2534 paullo
1072 2494 1183 2523 durius
1194 2498 1280 2529 est,e
1292 2497 1404 2522 nostro
1411 2502 1561 2522 sermone

861 2536 1008 2576 inprimis
1025 2535 1274 2566 aestimamibus.
1300 2534 1342 2564 Et
1355 2534 1469 2564 Cicero
1484 2534 1562 2563 sub-

861 2579 935 2608 inde
957 2588 1137 2618 pronomen
1157 2578 1224 2617 qui,
1238 2577 1329 2613 cujus
1344 2586 1418 2612 usu,
1432 2586 1471 2605 ex
1485 2576 1560 2606 imi-

861 2621 989 2650 tatione
1014 2620 1215 2655 Atticorum‚
1240 2618 1333 2649 valde
1361 2618 1559 2656 delectatur,

861 2663 1061 2700 duriuscule,
1085 2662 1125 2693 ad
1139 2671 1271 2692 sensum
1287 2666 1376 2691 certe
1394 2666 1559 2696 nostrum,

858 2709 1007 2744 usurpat.

901 2749 920 2778 ‘2
935 2748 1028 2777 Inter
1042 2756 1167 2786 nosque.
1170 2745 1183 2785 ]
1204 2746 1256 2776 Sic
1271 2743 1335 2776 Ms.
1353 2743 1422 2775 Er.l
1438 2747 1472 2773 et
1488 2741 1559 2772 edd

859 2799 908 2828 pr.
939 2799 1040 2828 usque
1068 2788 1109 2818 ad
1132 2787 1206 2819 Ald.
1232 2787 1319 2826 quod
1345 2791 1432 2817 recte
1461 2785 1562 2815 etiam

861 2831 1012 2864 Pearcius
1027 2830 1139 2862 edidit.
1183 2829 1281 2869 Vulcr.
1297 2831 1363 2861 ime
1348 2838 1443 2868 ··Jque
1454 2835 1520 2857 νιος.

802 2891 880 2936 92
