1914 3220
315 150 362 192 lx
835 143 1250 193 PRAEFATIQ

311 254 513 307 inductis,
548 257 891 299 consentiebant.
952 257 1035 298 Sed
1075 266 1217 298 tamen
1256 257 1487 313 reperimus
1529 254 1748 311 quasdam,

309 338 408 379 quae
452 325 494 366 in
531 325 662 378 nullo,
700 326 816 382 quod
857 325 1031 381 quidem
1072 325 1366 382 repererimus,
1399 323 1597 380 exemplo
1630 324 1746 365 edito

307 402 474 434 extent.

367 460 591 503 Habemus
613 463 743 504 etiam
766 461 1012 518 exemplum
1039 460 1227 503 Oratoris
1250 461 1484 518 Lipsiense,
1507 459 1668 501 facturn
1699 458 1744 499 in

305 525 388 569 hac
421 530 525 570 urbe
557 540 701 571 nostra
732 545 806 586 per
839 529 984 571 Herm.
1011 529 1240 572 Tulichium
1263 545 1300 570 a.
1330 535 1448 570 1515.
1482 528 1524 568 in
1549 542 1634 583 quo
1670 524 1740 566 ille

304 599 604 640 concinnando
627 599 875 650 editionem,
907 599 996 640 sive
1029 598 1284 647 Romanam,
1317 597 1404 637 sive
1431 596 1655 645 Venetam,
1677 608 1743 635 se-

301 674 426 705 cutus
449 677 513 706 cst
537 667 738 718 maxime,
761 667 831 708 sed
855 667 1059 708 adhibitis
1081 667 1211 707 etiam
1243 664 1334 706 aliis
1357 663 1580 719 exemplis,
1602 672 1646 703 et
1669 675 1740 702 va-

1144 751 1151 759 ·
1185 734 1229 774 in
1251 733 1408 788 quibus
1431 732 1628 773 videntur
1649 741 1739 770 esse

301 730 374 770 riis
398 731 653 775 lectionibus
678 735 721 775 in
753 736 946 791 margine
977 735 1126 791 positis
1143 767 1153 785 ,

298 801 495 854 quaedam
519 802 796 857 conjectura),
820 804 908 844 sive
931 804 1078 860 ipsius,
1101 803 1190 844 sive
1220 802 1415 852 aliorum,
1437 815 1541 856 quas
1563 799 1737 854 quidem

295 866 428 908 literis
461 870 650 925 proditas
683 872 920 927 reperisset.
985 871 1018 912 E
1049 871 1310 912 nostratibus
1342 870 1441 911 huic
1463 869 1573 910 libro
1604 868 1734 908 etiam

292 936 492 991 profuere
534 937 754 994 Philippus
798 938 1044 979 IlIelantlion
1079 948 1123 980 et
1159 939 1231 981 .]ο.
1277 939 1320 980 in
1364 939 1511 995 primis
1560 936 1734 985 Bivium

291 1002 364 1044 hic
394 1005 566 1059 quidem
591 1007 890 1062 comparandis
912 1007 1176 1048 editionibus
1207 1007 1370 1062 primis.
1432 1006 1544 1047 Nam
1567 1015 1611 1046 et
1641 1004 1732 1045 Ro-

289 1087 464 1114 manum
487 1075 734 1131 exemplum
759 1076 923 1127 habuit,
941 1084 988 1116 ut
1011 1090 1138 1131 supra
1159 1075 1362 1126 diximus,
1376 1083 1420 1115 et
1440 1074 1604 1129 aliquot
1623 1073 1730 1116 locis

288 1140 418 1181 etiam
449 1154 759 1184 commemorat
792 1154 977 1185 veterem
1007 1144 1242 1185 editionem
1268 1143 1506 1194 Venetam3
1537 1156 1633 1197 quae
1663 1150 1729 1182 est

287 1210 380 1265 ipsa
403 1210 538 1252 Andr.
563 1211 788 1253 Asculani:
819 1213 1003 1269 denique
1033 1212 1282 1268 conjectura
1315 1211 1530 1253 interdum
1559 1224 1729 1252 assecu-

286 1286 355 1317 tus
378 1292 468 1319 esse
491 1294 633 1320 veram
665 1280 893 1321 lectionem
918 1281 1140 1336 judicatus
1162 1289 1240 1332 est,
1265 1280 1376 1321 unde
1406 1294 1467 1320 eae
1491 1281 1534 1320 in
1557 1286 1727 1319 textum

284 1354 434 1400 postea
466 1347 595 1388 tacite
630 1358 728 1389 sunt
760 1359 959 1405 receptae.
1019 1349 1084 1391 Ac
1117 1349 1312 1406 profecto
1346 1349 1420 1390 vix
1454 1347 1537 1389 alio
1565 1348 1608 1388 in
1639 1346 1723 1388 ullo

281 1410 502 1455 Ciceronis
537 1415 645 1457 libro
679 1418 816 1473 magis
849 1417 967 1459 locus
991 1428 1056 1459 est
1078 1419 1353 1474 conjecturiS,
1385 1433 1513 1474 quam
1543 1418 1587 1459 in
1621 1417 1719 1469 lioc,

279 1492 359 1520 nee
387 1481 528 1522 minus
560 1483 602 1523 in
625 1486 777 1525 ceteris
800 1486 1012 1537 oratoriis,
1034 1487 1106 1542 qui
1132 1501 1186 1527 ex
1218 1501 1302 1527 uno
1324 1486 1434 1527 libro
1457 1487 1618 1542 scripto
1641 1487 1722 1527 flu-

278 1560 391 1588 xere.
456 1550 539 1591 Sed
564 1552 666 1607 quid
692 1552 1003 1596 Commentarii
1025 1565 1068 1596 et
1089 1555 1410 1596 observationes
1433 1555 1622 1595 virorum
1644 1554 1722 1596 do-

275 1625 445 1658 ctorum
467 1620 592 1660 nobis
615 1621 870 1676 profuerint,
894 1623 936 1663 in
960 1623 1138 1680 singulis
1159 1623 1264 1664 loeis
1289 1614 1535 1680 reperietur.

330 1684 381 1726 In
410 1686 649 1742 Topicoram
680 1689 822 1732 libello
854 1691 962 1731 nihil
993 1692 1117 1732 nobis
1149 1696 1305 1748 praeter
1333 1691 1580 1747 exemplum
1612 1691 1715 1733 scri-

272 1762 393 1810 ptum
419 1756 563 1798 Vite-b.
587 1757 639 1798 de
660 1774 747 1813 quo
771 1768 869 1800 ante
891 1759 1094 1810 diximus,
1118 1761 1306 1816 contigit
1323 1761 1426 1802 novi
1447 1761 1711 1816 adjumenti:

268 1823 341 1864 sed
366 1824 434 1865 ille
456 1825 562 1866 liber
585 1826 778 1882 pluribus
802 1827 845 1868 in
867 1828 970 1868 locis
995 1828 1185 1884 profuit:
1217 1843 1296 1870 nec
1318 1829 1565 1885 exemplum
1582 1838 1711 1886 typo-

266 1892 522 1948 graphicum
557 1895 775 1950 antiquius
807 1896 878 1937 illo
902 1896 1069 1937 Veneto
1093 1896 1336 1938 habuimus.
1398 1895 1708 1953 Exemplorum

263 1957 393 2014 hujus
427 1962 596 2017 generis
626 1963 791 2005 nullum
822 1965 1039 2021 antiquius
1075 1980 1187 2007 anno
1228 1971 1348 2011 1472.
1377 1966 1601 2017 novimus;
1634 1965 1708 2007 sed

263 2028 316 2069 de
347 2043 398 2070 eo
430 2030 536 2071 nihil
569 2041 723 2087 praeter
747 2031 955 2074 Maettariel
984 2034 1258 2075 traditionem
1290 2033 1444 2084 habeo,
1479 2034 1571 2089 ipse
1600 2034 1706 2074 meis

261 2098 397 2139 oeulis
421 2101 622 2155 usurpavi
646 2115 879 2155 nunquam.
924 2101 1006 2142 Sed
1031 2101 1064 2141 si
1090 2100 1330 2156 Topicorum
1351 2111 1394 2142 et
1418 2100 1704 2143 Partilionum

259 2163 392 2206 libelli
424 2180 510 2206 non
540 2175 693 2208 extant
725 2169 767 2208 in
790 2182 969 2224 corpore
994 2168 1264 2220 Soeeinlzemii,
1286 2169 1497 2223 ejusmodi
1528 2168 1701 2224 aliquod

259 2232 507 2288 exemplum
531 2234 566 2289 ej
577 2250 622 2275 us
646 2236 787 2277 aetatis
809 2246 930 2277 extet
953 2251 1123 2278 necesse
1143 2247 1222 2288 est,
1244 2237 1360 2292 quod
1392 2237 1435 2277 in
1468 2236 1539 2278 illo
1562 2236 1699 2278 Andr.

259 2297 462 2340 Asculani
484 2304 739 2358 corpusculo
762 2306 992 2361 repetitum
1016 2305 1086 2346 sit.

314 2366 364 2407 In
398 2367 708 2413 Partitionibus
737 2374 927 2414 oratoriis
958 2373 1219 2430 castigandis
1254 2373 1419 2429 profuit
1450 2366 1697 2428 nobis'pri-

252 2450 371 2478 mum
411 2438 734 2497 Vitebergensis
777 2442 898 2494 liber,
927 2443 1081 2484 deinde
1119 2442 1224 2483 alius
1263 2442 1482 2497 antiquior
1519 2441 1694 2483 Codicis

252 2502 543 2562 ErlangeusiS.
606 2509 719 2550 Nam
752 2510 796 2551 in
827 2525 878 2552 eo
909 2510 1028 2551 libris
1060 2509 1108 2551 de
1144 2508 1319 2551 Oratore
1352 2509 1595 2564 subjectum
1627 2519 1692 2551 est

248 2572 441 2627 ejusdem
464 2574 651 2631 Ayrardi
682 2592 809 2618 manu
836 2577 1015 2620 Remmii
1037 2577 1191 2619 Fannii
1215 2577 1398 2619 Carmen
1421 2578 1474 2618 de
1496 2576 1691 2632 ponderi-

247 2639 319 2682 bus
349 2649 387 2682 et
417 2643 621 2695 mensuris,
653 2654 696 2685 et
721 2645 933 2687 Prisciani
960 2647 1066 2688 liber
1095 2646 1144 2687 de
1158 2646 1314 2703 figuris
1343 2659 1611 2696 numerorum,
1644 2645 1688 2688 in

244 2721 330 2762 quo
355 2708 542 2765 Ayrardi
563 2726 713 2753 manus
735 2713 916 2755 desinit:
949 2714 1073 2769 eique
1095 2713 1383 2770 subser1ptum
1407 2723 1471 2753 est
1493 2713 1550 2763 id,
1568 2712 1687 2768 quod

242 2789 371 2830 supra
391 2779 838 2822 commemoravimus.
900 2781 983 2823 Sed
1006 2781 1206 2838 volumen
1228 2781 1390 2823 claudit
1411 2781 1481 2822 hic
1501 2779 1550 2822 de
1572 2779 1685 2821 Par-

243 2841 456 2886 titionibus
479 2853 584 2888 orat.
616 2847 797 2901 libellus,
829 2849 1013 2907 scriptus
1041 2850 1191 2893 eadem
1223 2864 1367 2902 manu,
1399 2864 1483 2907 qua
1511 2848 1683 2906 supple-

1868 2535 1888 2662 '⁴?·2=·‘'·
1868 2479 1890 2515 ':·
1871 2447 1896 2458 J
1866 2367 1889 2402 :fi
1877 2334 1890 2350 .·
1883 2274 1887 2277 ψ
1895 2239 1897 2241 ¹
1888 2199 1894 2218 4,

1854 2670 1893 2722 lss·
