1945 3235
289 120 370 157 57⁰
767 110 848 148 AD
886 108 1251 149 TREBATIUM

600 315 672 364 M.
709 313 974 363 TULLII
1016 309 1439 360 CICERONIS

515 476 587 541 C.
661 475 721 541 T
763 474 826 540 R
872 473 931 538 E
977 409 1129 539 {A
1170 472 1231 539 T
1268 472 1300 539 Ι
1340 471 1406 538 U
1445 472 1545 540 M,

838 591 1217 646 TOPICA.

818 782 1233 823 ARGUMENTUM.

303 882 468 922 Trebatii
484 881 667 918 voluntati
683 876 941 927 satisfacturus
960 875 1025 912 hoc
1044 875 1150 923 quasi
1169 875 1419 923 compendium
1441 876 1655 925 Topicorufm
1667 880 1757 918 Ari.

351 936 584 972 stoteleornm
592 933 700 983 fecit.
725 932 854 967 Primo
868 931 961 965 locos
977 932 1274 976 argumento-rum
1292 940 1373 964 cum
1385 930 1665 979 artificiosorum
1678 938 1756 979 tum

352 986 495 1035 ἆτὲχνων
509 988 663 1024 breviter
681 987 879 1024 enumerat,
897 982 1023 1032 definit
1042 981 1209 1029 quodque
1221 993 1333 1029 genus
1351 986 1386 1017 et
1404 984 1575 1031 exemplis
1592 985 1758 1025 illustrat

355 1054 384 1078 c.
403 1044 439 1078 2.
455 1044 491 1078 3.
509 1045 545 1077 4.
563 1039 691 1076 deind-e
698 1037 825 1087 fusius
840 1037 884 1073 de
900 1034 1054 1083 singulis
1069 1035 1216 1070 disserit
1230 1046 1258 1071 c.
1277 1037 1417 1072 5—20.
1433 1047 1476 1071 ac
1489 1037 1593 1079 addit
1611 1039 1758 1076 tandem

356 1095 400 1131 de
425 1095 576 1130 diversis
604 1092 838 1140 quaestionum
871 1098 1134 1135 causarumque
1162 1088 1363 1135 generibus,
1389 1089 1517 1136 quibus
1547 1090 1640 1128 alios
1664 1091 1760 1129 locos

357 1148 442 1183 aliis
456 1149 616 1196 aptiores
631 1156 704 1187 esse
721 1143 889 1180 ostendit.

270 1240 630 1307 IMAJORES
665 1275 742 1302 nos
775 1273 841 1300 res
875 1257 1060 1299 scribere
1083 1256 1314 1313 ingressos,
1346 1256 1398 1298 C.
1421 1256 1614 1311 Trebati,
1637 1268 1681 1302 et
1710 1261 1765 1309 iis

277 1332 296 1365 1
312 1322 447 1373 libris,
468 1334 575 1376 quos
598 1319 717 1360 brevi
742 1328 936 1373 tempore
967 1316 1069 1356 satis
1092 1315 1251 1357 multos
1281 1315 1510 1368 edidimus,
1528 1317 1765 1375 digniore5‚

178 1383 336 1425 {Um-e
368 1393 494 1422 cursu
518 1378 612 1433 ipso
642 1377 864 1417 revocavit
887 1373 1084 1415 voluntas
1106 1381 1195 1414 tua.
1257 1372 1369 1414 Cum
1389 1374 1504 1415 enim
1527 1389 1696 1418 mecum
1719 1377 1765 1419 in

271 1433 559 1481 &Tusculano
591 1449 718 1484 esses,
752 1443 796 1474 et
828 1433 872 1473 in
902 1431 1169 1473 bibliotheca
1203 1431 1434 1487 separatim
1472 1440 1652 1490 uterque
1689 1449 1769 1483 no..

315 1508 452 1539 strum
475 1494 527 1534 ad
553 1507 675 1533 suum
701 1490 890 1531 studium
913 1488 1095 1539 libellos,
1114 1503 1222 1543 quos
1245 1488 1385 1539 vellet,
1407 1489 1639 1543 evolveret,
1658 1492 1767 1534 inci-

306 1554 418 1596 ‚disti
448 1553 489 1593 in
513 1549 759 1591 Aristotelis
776 1547 944 1603 Topica
974 1546 1189 1601 quaedam,
1218 1560 1316 1601 quae
1340 1556 1441 1588 sunt
1462 1548 1517 1588 ab
1540 1549 1612 1590 illo
1634 1549 1770 1606 pluri-

316 1613 396 1653 bus
419 1609 539 1651 libris
559 1607 791 1663 expiicata.
855 1606 953 1652 Qua
974 1604 1255 1660 inscriptione
1276 1613 1537 1656 commotUS‚
1558 1608 1769 1656 continuo

279 1685 342 1718 aa
374 1683 443 1710 me
477 1680 626 1709 eorum
669 1665 877 1706 librorum
917 1662 1175 1703 sententiam
1209 1661 1442 1717 requisisti.
1504 1663 1648 1710 Quam
1687 1665 1769 1708 tibi

317 1742 416 1770 cum
450 1724 764 1781 exposuissem,
789 1720 1064 1778 disciplinam
1092 1719 1454 1761 inveniendorum
1493 1733 1773 1778 argumento-

318 1801 430 1835 rum,
452 1795 497 1825 ut
512 1784 604 1824 sine
626 1781 711 1822 ullo
725 1794 881 1831 errore,
909 1778 985 1820 lad
1003 1792 1098 1819 eam
1121 1778 1346 1827 rationem,
1366 1778 1436 1819 via
1452 1779 1773 1835 perveniremus

320 1844 376 1886 ab
405 1839 640 1884 Aristotele
681 1839 872 1889 inventa,
904 1836 1023 1878 libris
1054 1835 1136 1877 illis
1165 1835 1404 1878 contineri:
1448 1838 1690 1880 verecunde
1723 1849 1773 1881 tu

320 1901 512 1958 quidem,
533 1908 582 1940 ut
611 1897 772 1946 omnia,
794 1896 866 1937 sed
900 1904 1043 1935 tamen
1070 1903 1118 1934 ut
1149 1893 1277 1935 facile
1307 1908 1526 1942 cernerem
1557 1905 1600 1937 te
1626 1897 1775 1939 ardere

319 1959 480 2010 studio,
503 1971 689 2006 mecum,
713 1957 790 1995 2ut
809 1953 888 1995 tibi
905 1952 1018 1993 illam
1042 1951 1267 2003 traderem,
1286 1952 1430 2007 egisti.
1492 1952 1605 1995 Cum
1628 1963 1776 1997 autem

317 2032 402 2074 ego
435 2027 491 2067 te,
514 2030 600 2056 non
634 2023 722 2055 tam
747 2010 910 2053 vitandi
942 2009 1101 2051 laboris
1132 2010 1216 2051 mei
1248 2024 1392 2061 causa,
1422 2026 1553 2066 quam
1582 2013 1699 2068 quod
1729 2013 1775 2055 id

319 2084 396 2117 tua
426 2075 631 2115 interesse
661 2070 905 2120 arbitrarer,
935 2068 1001 2108 vel
1035 2077 1083 2108 nt
1111 2081 1184 2108 eos
1216 2082 1292 2123 per
1323 2076 1365 2108 te
1395 2068 1488 2124 ipse
1508 2069 1686 2125 legeres,
1707 2071 1777 2113 vel

320 2142 372 2175 ut
403 2141 538 2174 totam
568 2129 781 2172 rationem
804 2143 828 2168 a
849 2125 1102 2168 doctissimo
1125 2125 1313 2181 quodam
1345 2125 1516 2167 rhetore
1542 2128 1776 2184 acciperes,

323 2191 520 2233 hortatus
543 2203 704 2229 essem:
741 2196 987 2239 utrumque,
1009 2192 1056 2223 ut
1085 2197 1139 2224 ex
1166 2195 1205 2223 te
1226 2183 1471 2235 audiebam,
1492 2198 1537 2225 es
1555 2196 1777 2241 expertus.

287 2248 410 2295 zSed
430 2263 455 2289 a
484 2247 605 2288 libris
639 2254 681 2286 te
715 2243 955 2285 obscuritas
989 2240 1154 2297 rejecit.
1206 2240 1406 2282 3Rhetor
1426 2250 1572 2284 autem
1594 2242 1664 2286 ille
1686 2260 1779 2297 rna,

325 2321 452 2363 gnuS,
486 2305 596 2355 haec,
630 2312 677 2344 ut
711 2302 881 2358 opinor,
919 2298 1196 2340 Aristotelica
1235 2312 1278 2339 se
1308 2299 1508 2355 ignorare
1540 2302 1777 2357 respondit,

327 2364 457 2412 Quod
490 2362 662 2420 quidem
702 2360 881 2400 minime
914 2372 1008 2398 sum
1047 2356 1299 2407 admiratus,
1331 2371 1429 2398 eum
1469 2357 1778 2416 philosophum

325 2421 488 2464 rhetori
511 2435 599 2462 non
628 2433 719 2460 esse
740 2416 982 2474 cognitum,
1014 2414 1087 2471 qui
1111 2415 1165 2455 ab
1188 2414 1292 2471 ipsis
1314 2414 1600 2472 philosophis,
1620 2427 1781 2474 praeter

377 2582 391 2610 l
409 2578 454 2610 ad
467 2589 540 2609 eam
554 2578 729 2612 rationem,
745 2576 800 2605 via
813 2573 863 2615 p]
902 2572 1035 2604 Lambi-
1079 2572 1255 2610 rationem,
1271 2583 1345 2612 quae
1365 2572 1571 2614 praecedunt,
1586 2574 1674 2615 quod
1699 2576 1781 2609 mihi

334 2632 395 2654 nus
410 2621 546 2660 corrigit
560 2621 688 2651 ratione
702 2623 732 2649 et
747 2619 815 2654 via,
832 2618 902 2647 sine
925 2625 1035 2646 neces·
1078 2625 1206 2655 semper
1227 2625 1340 2646 verum
1363 2616 1468 2646 visum
1497 2617 1561 2647 fuit
1576 2629 1586 2655 ;
1623 2621 1782 2658 quoniam

330 2667 441 2697 sitate.
469 2664 631 2694 rationem
655 2660 800 2702 appellat
825 2669 910 2695 eam,
936 2668 1035 2698 quam
1079 2657 1113 2687 in
1127 2658 1178 2688 ed.
1194 2657 1277 2688 Ven.
1297 2660 1387 2690 1485.
1404 2659 1450 2688 sic
1463 2660 1578 2700 reperi.

330 2712 410 2740 ante
434 2707 561 2738 dixerat
587 2703 792 2744 disciplinam
825 2700 1037 2732 inveniendo-
1122 2702 1141 2730 3
1164 2699 1290 2731 Rhetor
1312 2705 1424 2731 autem
1450 2701 1506 2732 ille
1528 2713 1683 2742 magnus,
1699 2703 1781 2746 laec]

330 2761 404 2782 rum
420 2752 705 2789 argumentorum.
1076 2752 1122 2773 sc·
1152 2752 1249 2780 quem
1281 2742 1457 2774 Trebatius
1493 2746 1716 2784 consuluerat,
1742 2747 1783 2778 de

374 2797 393 2827 2
416 2797 453 2823 ut
475 2792 532 2823 tibi
554 2791 614 2820 illa
641 2787 821 2826 traderem]
847 2786 926 2817 Non
955 2786 1033 2817 sim-
1076 2785 1212 2821 consilio
1227 2785 1407 2816 Ciceronis,
1431 2786 1515 2818 Haec
1528 2788 1621 2819 abest
1635 2789 1684 2820 ed.
1696 2789 1782 2821 ven.

330 2836 463 2877 pliciter
483 2833 666 2874 improbem
682 2829 854 2870 vulgatum
871 2831 930 2859 illa
945 2841 954 2857 .·
977 2828 1034 2867 sed
1075 2833 1109 2868 et
1124 2828 1296 2868 commode
1313 2829 1468 2863 abfuerit.
1735 2828 1737 2830 ’

332 2884 446 2910 tamen
469 2875 618 2916 rescripsi
640 2875 748 2911 illam,
772 2873 795 2903 i.
811 2871 1031 2912 disciplinam,
