1914 3220
674 127 1094 175 PRAEFATIO.
1518 126 1594 171 lvii

156 237 270 285 nuit.
331 240 415 284 Sed
437 240 467 283 ii
489 238 677 290 fuerunt,
700 239 775 295 qui
796 237 994 280 universa
1016 231 1240 277 Ciceronis
1262 246 1393 288 opera
1412 232 1593 274 dedere:

156 312 212 353 de
233 311 387 367 quibus
408 308 635 366 separatim
652 307 723 349 hic
746 307 889 348 dicere
909 320 997 346 non
1019 311 1084 345 est
1102 315 1289 344 necesse.

215 379 456 436 Separatim
488 377 599 418 inter
628 375 708 417 hos
740 375 876 416 edidit
909 372 1132 428 Philippus
1164 369 1412 412 Melanthon
1447 369 1600 425 Hage-

154 461 252 489 noae
290 453 408 489 1525.
431 450 471 487 8.
503 459 603 486 cum
632 444 748 485 notis
769 442 1028 499 quibusdam
1054 448 1099 482 et
1130 438 1320 490 scholiis,
1343 436 1600 494 pertinenti-

156 516 235 557 bus
258 516 310 557 ad
332 513 661 555 illustrationem
682 526 823 553 rerum
845 509 1152 552 difficiliorum.
1187 507 1290 549 Non
1310 507 1478 547 videtur
1499 520 1600 546 usus

154 598 246 626 esse
267 583 428 639 scripto
450 581 576 633 libro,
599 581 672 622 sed
696 581 739 622 in
763 580 932 622 delectu
955 588 1099 620 tamen
1120 576 1357 618 lectionum
1381 572 1601 630 judicium

150 667 277 695 suum
317 651 578 692 adhibuisse.
640 649 805 691 Decem
846 648 968 690 annis
1010 655 1125 698 ante,
1160 645 1319 701 Lipsiae
1352 658 1376 684 e
1413 641 1601 683 Tanneri

152 720 329 762 officina
358 721 558 762 exierunt
589 720 720 761 iidem
749 719 849 760 libri
879 718 1098 774 eleganter
1127 723 1171 756 et
1203 714 1354 764 nitide,
1387 712 1601 753 incertum

152 804 239 845 quo
261 799 453 831 curante.
487 789 530 830 Is
552 798 724 830 textum
746 786 931 829 Ascensii
952 785 1076 828 basin
1097 783 1250 826 fecisse
1271 783 1467 824 videtur:
1499 795 1601 821 nam

150 871 206 899 ex
229 857 322 913 ejus
345 867 466 899 textu
491 866 535 898 et
554 857 750 913 margine
772 856 972 912 quaedam
993 853 1131 910 reperi
1156 860 1360 902 assumta,
1384 864 1482 906 quae
1513 862 1602 889 non

151 935 251 968 sunt
273 927 317 968 in
341 927 572 984 prioribus.
633 926 754 967 Inter
775 935 939 967 ceteros
962 925 1006 965 in
1027 923 1203 965 edendis
1225 921 1292 963 his
1314 920 1434 962 libris
1457 933 1602 976 operae

151 995 341 1051 pretium
372 994 478 1037 fecit
502 995 612 1037 Lud.
637 994 853 1047 Strebaeus,
877 994 951 1050 qui
982 1001 1026 1034 et
1056 992 1108 1034 de
1132 990 1304 1047 judicio
1335 1003 1411 1030 suo
1439 987 1603 1044 delegit

148 1064 375 1116 lectiones,
413 1080 518 1121 quas
552 1064 739 1121 optimas
774 1071 962 1120 putaret,
994 1070 1038 1102 et
1073 1058 1386 1102 commentario
1423 1057 1603 1114 egregio

153 1141 325 1175 textum
346 1133 592 1174 illustravit,
636 1132 688 1173 In
711 1132 796 1172 fine
818 1130 1050 1187 superioris
1072 1129 1204 1170 seculi
1225 1128 1304 1169 hos
1326 1128 1458 1168 libros
1479 1126 1604 1168 Oxo-

152 1202 214 1243 nii
247 1201 476 1259 separatim
507 1200 642 1241 edidit
675 1199 753 1241 Th.
778 1197 1076 1250 Cockmanmm,
1103 1197 1312 1253 subjectis
1342 1196 1604 1238 lectionibus

152 1271 281 1312 vari1s
310 1284 333 1311 e
368 1269 478 1311 Mss.
507 1269 698 1324 quinque
735 1267 1062 1309 oxoniensibus
1098 1275 1142 1308 et
1179 1266 1276 1307 edd.
1318 1265 1603 1321 quibusdam:

150 1350 298 1382 textus
324 1339 458 1395 ipsius
481 1337 828 1379 emendationem
859 1351 947 1377 non
971 1335 1170 1386 tentavit,
1191 1349 1272 1376 nec
1294 1335 1473 1376 omnino
1495 1334 1606 1376 mul-

152 1417 246 1449 tum
267 1403 433 1464 profuit
455 1406 523 1448 his
546 1406 680 1448 libris.
741 1405 802 1447 At
833 1420 967 1447 annos
1000 1413 1100 1446 ante
1132 1403 1289 1460 plures,
1312 1418 1350 1443 a.
1379 1403 1501 1448 1716.
1524 1403 1605 1444 ite-

149 1492 245 1519 rum
266 1486 311 1517 et
331 1476 482 1517 melius
508 1482 628 1521 1732.
654 1474 780 1517 Zach.
804 1473 1005 1516 Pearcius
1027 1473 1278 1524 Britannus,
1300 1481 1401 1529 post
1425 1472 1607 1530 Episco-

150 1562 246 1603 pus,
269 1546 333 1587 vir
363 1545 525 1601 insigni
546 1544 745 1586 doctrina
766 1552 811 1585 et
837 1543 1025 1600 eleganti
1053 1543 1239 1598 judicio,
1271 1543 1349 1584 hos
1379 1543 1512 1585 libros
1544 1544 1607 1586 ita

150 1616 303 1666 edidit,
332 1623 382 1656 ut
412 1624 583 1656 textum
605 1629 627 1655 e
662 1612 776 1654 Mss.
806 1613 944 1653 tribus
970 1622 1013 1654 et
1042 1613 1140 1654 edd.
1174 1613 1380 1667 antiquis,
1412 1614 1484 1655 sed
1508 1623 1606 1655 tan-

149 1692 243 1725 tum
265 1684 430 1724 duabus
455 1682 775 1724 Mediolanensi
803 1687 925 1729 1498.
945 1691 988 1722 et
1012 1681 1179 1722 Veneta
1203 1687 1324 1727 1478.
1349 1683 1603 1738 corrigeret,

150 1760 243 1794 tum
265 1766 366 1793 vero
389 1751 520 1792 etiam
544 1751 762 1806 judicium
786 1766 910 1792 snum
939 1758 1124 1802 secutus,
1148 1751 1191 1792 in
1214 1765 1301 1805 quo
1322 1750 1539 1791 latinitate
1560 1759 1605 1791 et

149 1821 278 1861 rebus
308 1820 530 1861 niteretur.
593 1818 747 1875 Itaque
780 1820 874 1861 haec
907 1820 1082 1874 quidem
1114 1819 1249 1860 editio
1273 1818 1326 1859 ad
1358 1818 1442 1859 hoc
1470 1832 1607 1872 usque

150 1896 322 1943 tempus
344 1887 473 1943 longe
495 1888 663 1943 optima
681 1888 779 1929 fuit.
842 1888 934 1930 Nos
958 1888 1134 1944 quidem
1157 1888 1201 1928 in
1225 1895 1350 1928 textu
1380 1885 1536 1927 horum
1558 1886 1608 1926 li-

150 1957 327 1998 brorum
361 1956 666 1998 constituendo
699 1958 765 1997 usi
806 1971 951 1997 sumus
985 1956 1266 2006 editionibus,
1300 1969 1397 2010 quae
1432 1954 1609 2010 quidem

149 2027 230 2068 hos
262 2027 395 2067 libros
430 2026 542 2076 ¹solos
575 2025 754 2075 habent,
777 2025 859 2075 his,
887 2022 1139 2081 lValdmferi
1168 2029 1288 2069 1470.
1321 2038 1386 2074 ea,
1417 2038 1515 2079 quae
1543 2033 1608 2065 est

149 2096 235 2137 sine
256 2094 335 2136 loci
356 2101 392 2135 et
416 2093 605 2149 temporis
626 2100 739 2144 nota,
767 2091 908 2134 Vener.
937 2098 1059 2144 1485,
1079 2092 1278 2144 Janzz'na,
1299 2092 1476 2145 Aldina,
1497 2091 1607 2134 Phi-

150 2164 320 2220 lippica,
346 2162 478 2218 Lips„
502 2162 690 2212 Strebaei‚
715 2160 901 2202 Pearcii.

209 2231 362 2272 Minus
395 2245 525 2286 qnam
557 2230 602 2271 in
634 2230 702 2270 his
736 2239 780 2270 et
812 2230 966 2271 ceteris
997 2229 1142 2271 felices
1174 2228 1336 2270 fuimus
1369 2229 1414 2270 in
1446 2228 1610 2271 Bruto.-

152 2301 226 2357 qui
256 2301 367 2341 inter
396 2314 529 2355 opera
551 2298 776 2340 Ciceronis
811 2298 1042 2353 subjicitur
1074 2299 1140 2350 iis,
1164 2298 1309 2355 quide
1336 2297 1514 2341 Oratore
1542 2300 1608 2341 di-

150 2377 334 2411 cuntur:
368 2377 411 2409 et
434 2368 495 2409 sic
518 2367 704 2409 voluisse
726 2367 898 2409 videtur
919 2368 1012 2424 ipse
1037 2367 1209 2419 Cicero,
1229 2367 1281 2408 cle
1306 2366 1459 2409 Divin.
1484 2366 1546 2408 II.
1571 2374 1607 2409 1.

152 2437 425 2480 Minucianus
462 2435 679 2478 Oratorem
712 2436 886 2478 volebat
923 2436 973 2477 iis
1011 2436 1226 2492 subjicere
1263 2444 1364 2477 ante
1400 2434 1613 2478 Brutum.-

151 2508 224 2549 sed
247 2522 344 2548 cum
368 2514 643 2563 exspectaret
673 2505 821 2558 libros,
842 2506 1000 2561 quibus
1033 2505 1076 2545 in
1099 2519 1151 2545 eo
1174 2504 1467 2560 adjuvaretur,
1493 2503 1607 2546 Bru·

151 2583 236 2618 tum
270 2577 457 2633 priorem
492 2575 652 2631 posuit,
685 2582 735 2615 ut
765 2574 810 2614 in
840 2582 944 2614 nota
975 2572 1146 2628 adjecta
1177 2573 1349 2614 monuit
1387 2573 1609 2616 lectorem.

153 2643 415 2700 Exemplum
456 2644 664 2699 scriptum
703 2642 832 2697 hujus
867 2642 1000 2683 libelli
1033 2641 1199 2682 nullum
1232 2641 1360 2682 nobis
1393 2642 1607 2698 contigit;

151 2727 232 2753 nec
270 2712 457 2769 reperire
490 2712 659 2768 uspiam
697 2711 934 2767 potuimuS,
963 2724 1211 2766 quanquam
1244 2709 1476 2765 diligenter
1512 2723 1609 2765 per-

151 2779 299 2820 multis
330 2781 435 2822 locis
467 2781 712 2836 quaesitam,
734 2780 970 2821 editionem
1002 2780 1187 2835 primam
1220 2777 1480 2827 Romanam,
1502 2776 1546 2817 h.
1569 2792 1609 2817 e.

152 2861 309 2904 corpus
350 2846 557 2891 librorum
600 2848 825 2895 Ciceronis
861 2848 1164 2898 oratoriorum,
1204 2861 1229 2887 a
1268 2843 1536 2886 Saveinlzemio
1569 2851 1609 2885 ec
