1945 3235
576 144 768 184 LIBER
797 144 1127 183 SECUNDUS.
1489 146 1567 187 1727

132 248 302 300 strabit,
324 257 399 290 aut
419 264 506 290 non
527 263 583 290 ex
605 264 656 290 ea
674 249 808 290 solere
828 247 1078 303 hujusmodi
1103 245 1217 287 facta
1238 248 1355 288 nasci
1378 248 1568 291 docebit.

131 305 284 352 29Quo
307 316 350 347 et
379 307 460 348 erit
492 307 535 347 in
565 306 662 348 loco
695 305 1090 355 demonstrandum,
1121 318 1218 359 quae
1254 304 1317 344 vis
1348 314 1391 344 et
1418 315 1570 346 natura

132 361 224 415 ejus
258 364 312 404 sit
345 364 600 415 affectionis,
623 379 709 419 qua
739 363 946 419 impulsus
980 361 1141 416 aliquid
1176 374 1271 401 reus
1302 363 1568 404 commisisse

132 418 319 462 dicetur:
353 422 396 461 in
427 436 512 476 quo
543 430 587 462 et
618 420 830 472 exempla,
863 428 906 460 et
937 418 1238 459 similitudines
1269 427 1394 458 erunt
1426 420 1568 473 profe-

132 477 292 529 rendae,
312 487 354 518 et
372 478 464 533 ipsa
485 478 716 534 diligenter
736 487 889 517 natura
911 476 1003 531 ejus
1027 475 1270 516 affectionis
1289 489 1418 529 quam
1441 475 1568 515 lenis-

132 533 239 575 sime
271 534 582 590 quietissimam
617 536 670 575 ad
704 542 869 590 partem
900 533 1172 589 explicanda,
1203 541 1249 572 ut
1271 542 1314 572 et
1341 546 1406 572 res
1430 532 1522 587 ipsa
1543 548 1569 572 a

132 589 248 633 facto
271 591 431 632 crudeli
453 601 496 632 et
527 592 774 632 turbulento
796 591 848 631 ad
872 591 1089 646 quoddam
1119 590 1267 631 mitius
1290 597 1334 629 et
1359 589 1567 644 tranquil-

130 646 210 688 lius
242 649 503 700 traducatur,
525 651 565 679 30
576 657 620 689 et
642 649 780 689 oratio
812 657 954 688 tamen
979 648 1032 688 ad
1054 647 1245 688 animum
1268 646 1376 701 ejus,
1398 647 1470 701 qui
1492 661 1566 686 au-

128 703 232 756 diet,
254 718 297 746 et
330 705 382 745 ad
417 705 548 746 animi
582 706 798 761 quendam
822 706 1025 746 intimum
1059 719 1229 745 sensum
1262 704 1563 744 accommode-

129 770 212 804 tur.
274 762 638 804 Ratiocinationis
670 773 813 804 autem
845 763 1110 818 suspiciones
1139 761 1390 811 infirmabit,
1421 762 1454 801 si
1489 761 1624 801 aut26

125 820 403 860 commodum
417 821 581 861 nullum
600 821 745 872 fuisse,
759 831 833 861 aut
848 835 1041 876 parvum,
1054 828 1128 860 aut
1146 819 1238 860 aliis
1260 819 1399 874 magis
1418 818 1564 870 fuisse,

127 884 200 916 aut
217 876 354 917 nihilo
377 877 456 918 sibi
480 879 634 934 magis,
653 893 780 934 quam
804 878 912 929 aliis,
935 886 1009 918 aut
1028 876 1350 918 incommodum
1370 876 1451 917 sibi
1474 891 1565 916 ma-

120 933 209 988 jus,
243 949 373 989 quam
417 936 695 976 commodum
729 936 866 977 dicet:
910 944 959 975 ut
989 949 1265 990 nequaquam
1291 933 1423 974 fuerit
1451 933 1563 974 illius

125 991 359 1043 commodi,
382 993 496 1048 quod
519 994 762 1049 expetitum
792 993 974 1044 dicatur,
1005 991 1260 1048 magnitudo
1288 1000 1363 1032 aut
1389 1005 1489 1032 cum
1511 1006 1563 1031 eo

124 1047 417 1100 incommodo,
456 1051 571 1105 quod
612 1051 830 1101 acciderit,
861 1060 936 1091 aut
964 1064 1063 1090 cum
1107 1048 1178 1089 illo
1211 1048 1417 1104 periculo,
1446 1049 1561 1104 quod

125 1106 342 1158 subeatur,
365 1108 676 1163 comparanda:
710 1108 783 1163 qui
817 1122 964 1148 omnes
995 1106 1078 1147 loci
1110 1106 1306 1146 similiter
1329 1106 1371 1146 in
1396 1107 1560 1147 incom-

123 1163 241 1204 modi
280 1178 451 1219 quoque
495 1165 701 1205 vitatione
743 1165 1055 1205 tractabuntur.
1117 1163 1192 1203 Sin
1235 1173 1459 1204 accusator
1496 1163 1559 1203 di·
1571 1173 1623 1211 {37

125 1221 251 1272 xerit,
275 1235 372 1261 eum
396 1222 438 1262 id
471 1236 562 1262 esse
593 1231 801 1273 secutum,
831 1222 945 1277 quod
965 1222 1003 1262 ei
1032 1220 1171 1262 visum
1192 1220 1247 1260 sit
1268 1220 1561 1272 commodum,

125 1287 200 1318 aut
221 1278 264 1319 id
287 1278 462 1333 fugisse,
485 1279 600 1334 quod
633 1279 795 1335 putarit
817 1293 907 1320 esse
938 1278 1277 1328 incommodum,
1301 1293 1562 1334 quamquam

123 1335 167 1375 in
199 1335 304 1376 falsa
352 1335 482 1376 fuerit
519 1337 746 1392 opinione3
790 1336 1171 1378 demonstrandum
1210 1335 1292 1375 erit
1332 1334 1562 1386 defensori,

122 1393 339 1434 neminem
363 1401 483 1434 tanta
503 1408 594 1434 esse
618 1394 814 1445 stultitia,
847 1394 921 1449 qui
947 1394 1018 1434 tali
1043 1393 1087 1433 in
1109 1407 1154 1433 re
1177 1393 1314 1449 possit
1337 1393 1562 1433 veritatem

121 1451 334 1505 ignorare.
398 1451 529 1498 Quod
549 1452 582 1491 si
602 1451 645 1492 id
664 1452 941 1503 concedatur,
965 1451 1069 1492 illud
1099 1465 1184 1491 non
1209 1464 1462 1491 concessum
1486 1450 1560 1502 iri3

120 1521 174 1549 ne
207 1508 424 1550 dubitasse
455 1509 630 1564 quidem
657 1508 788 1560 hunc,
828 1509 931 1564 quid
967 1508 1059 1563 ejus
1091 1508 1203 1563 juris
1238 1516 1363 1558 esset,
1399 1508 1472 1548 sed
1503 1508 1560 1558 id,

120 1565 235 1621 quod
259 1565 413 1607 falsum
437 1566 579 1617 fuerit,
600 1567 691 1607 sine
710 1567 794 1608 ulla
813 1567 1084 1607 dubitatione
1107 1580 1185 1621 pro
1208 1564 1330 1617 falso,
1353 1566 1469 1620 quod
1490 1580 1560 1606 ve-

119 1637 228 1674 rum,
251 1639 329 1679 pro
349 1638 449 1664 vero
463 1624 681 1679 probasse.
726 1624 857 1671 Quod
878 1624 912 1664 si
934 1623 1212 1674 dubitaverit,
1228 1637 1406 1663 summae
1431 1622 1562 1663 fuisse

118 1681 335 1733 amentiae,
358 1681 490 1722 dubia
509 1696 583 1737 spe
605 1681 852 1738 impulsum,
870 1691 1035 1722 certum
1055 1681 1098 1721 in
1118 1680 1356 1736 periculum
1379 1694 1423 1720 se
1441 1695 1560 1721 com-

117 1738 305 1778 mittere.
366 1739 745 1785 Quemadmodum
774 1748 918 1780 autem
947 1747 1185 1789 accusator,
1208 1740 1357 1778 3¹cum
1388 1738 1442 1778 ab
1465 1737 1557 1778 aliis
1569 1741 1619 1775 28

118 1794 291 1850 culpam
328 1796 590 1847 demovebu,
626 1796 862 1837 defensoris
896 1796 1001 1837 locis
1041 1805 1209 1837 utetur:
1239 1796 1315 1835 ‘sic
1346 1794 1396 1834 iis
1439 1794 1559 1845 locis,

119 1852 193 1907 qui
224 1853 463 1894 accusatori
494 1853 582 1894 dati
618 1862 731 1906 suut,
767 1862 911 1894 utetur
946 1868 1055 1904 reuS,
1083 1867 1183 1894 cum
1216 1852 1257 1892 in
1290 1852 1394 1892 alios
1428 1853 1482 1892 ab
1517 1867 1562 1893 se

119 1910 281 1950 crimen
305 1911 420 1951 volet
444 1909 685 1952 transferre.

177 1966 245 2007 Ex
274 1982 458 2023 persona
491 1975 636 2009 autem
670 1967 921 2023 conjectura
948 1969 1156 2025 capietur,
1193 1967 1225 2008 si
1257 1982 1319 2008 eae
1351 1982 1430 2018 res,
1462 1962 1608 2022 quae9

116 2026 310 2078 personis
351 2026 573 2067 attributae
608 2035 721 2078 sunt,
751 2026 981 2082 diligenter
1015 2026 1415 2075 considerabuntur,
1455 2039 1560 2080 quas

116 2096 264 2122 omnes
289 2082 332 2123 in
357 2083 496 2138 primo
519 2083 629 2123 libro
661 2084 957 2138 exposuimus.
983 2098 1084 2124 nam
1115 2093 1158 2123 ct
1180 2083 1232 2123 de
1254 2082 1429 2123 nomine
1450 2097 1560 2122 non-

114 2153 350 2194 numquam
373 2141 532 2196 aliquid
558 2141 813 2196 suspicionis
832 2141 1037 2181 nascitur.
1101 2141 1274 2181 Nomen
1295 2149 1439 2180 autem
1460 2154 1560 2180 cum

115 2196 312 2248 dicimus,
336 2212 580 2254 cognomen
600 2212 773 2253 quoque
793 2198 1058 2254 intelligatur
1080 2206 1267 2254 oportet.
1331 2196 1399 2238 De
1418 2197 1558 2237 homi-

114 2253 180 2294 nis
210 2254 327 2295 enim
349 2264 466 2296 certo
493 2265 537 2296 et
559 2256 734 2311 proprio
768 2256 982 2296 vocabulo
1013 2255 1179 2311 agitur:
1213 2264 1260 2295 ut
1284 2254 1318 2294 si
1347 2254 1556 2306 dicamus,

115 2310 277 2352 idcirco
300 2311 550 2368 aliquem-32
565 2312 749 2354 Caldum
773 2313 932 2364 vocari,
952 2313 1067 2368 quod
1091 2312 1318 2353 temerario
1341 2320 1384 2352 et
1406 2326 1557 2367 repen-

113 2367 204 2409 tino
227 2369 410 2410 consilio
432 2370 508 2412 sit:
541 2379 616 2411 aut
639 2371 687 2421 si,
710 2385 760 2411 ea
781 2385 825 2410 re
847 2373 886 2401 33
899 2370 1149 2411 hominibus
1183 2369 1351 2410 Graccis
1383 2369 1599 2424 imperi-b.

852 2472 946 2502 vehit.
959 2471 1016 2501 Or.
1029 2471 1131 2508 III,5.
1145 2471 1253 2501 odium
1267 2471 1432 2500 demovere
1443 2471 1484 2500 ab
1496 2471 1559 2501 ccli-

853 2524 924 2553 quo.
940 2514 1040 2543 Dom.
1058 2514 1109 2544 26.
1124 2513 1312 2543 demovetur
1326 2513 1412 2542 labes
1423 2522 1445 2542 a
1457 2522 1525 2552 rep.

895 2558 936 2586 :32
964 2556 1104 2586 Caldam
1140 2555 1275 2594 vocar-tl]
1315 2554 1393 2585 Mss.
1421 2555 1556 2594 quidam

853 2599 1011 2629 callidum
1054 2598 1106 2627 vel
1149 2598 1314 2628 ealz'dam:
1357 2597 1470 2627 Burni.
1515 2597 1558 2628 ad

843 2641 992 2680 Quintil.
1020 2650 1052 2680 p.
1074 2643 1146 2671 883.
1195 2640 1373 2677 Calidium,
1401 2639 1487 2679 quod
1520 2646 1555 2670 et

851 2683 1084 2722 Oudendorpio
1112 2683 1230 2722 placet.
1269 2681 1354 2711 Mihi
1380 2682 1553 2722 vulgatum

850 2725 970 2765 placet,
998 2730 1037 2754 ut
1064 2726 1107 2755 sit
1128 2724 1316 2764 exemplum
1334 2725 1553 2763 cognominis,

153 2471 194 2504 ‘29
216 2470 291 2511 Quo
303 2475 334 2501 et
346 2471 408 2501 erit
422 2472 457 2500 in
473 2471 561 2510 loca]
580 2471 659 2501 Mss.
675 2471 760 2501 Oud.
775 2476 810 2501 et

112 2513 216 2542 nostri
239 2513 392 2553 copulam
418 2513 557 2550 addunt,
585 2524 644 2544 nec
668 2513 700 2543 id
725 2514 810 2553 sapit

111 2552 335 2592 glossatorem.

154 2597 195 2625 30
217 2596 267 2627 Et
286 2597 390 2628 oratio
413 2602 524 2628 lamen
541 2597 613 2636 δια]
640 2598 719 2629 Mss.
741 2599 811 2638 qui·

110 2636 186 2666 dam
198 2643 233 2668 et
247 2639 317 2669 edd.
339 2644 421 2670 vett.
441 2644 530 2677 tune,
548 2640 599 2670 vel
614 2645 698 2677 tum,
721 2641 809 2680 quod

110 2678 259 2710 Oudend.
280 2681 399 2720 placet.
444 2683 550 2712 Immo
564 2692 677 2712 sensus
697 2687 808 2713 tamen

109 2721 267 2760 postulat.
311 2722 372 2753 Est
386 2726 475 2754 enim
489 2725 559 2754 hic:
589 2725 738 2755 defensor
752 2725 807 2755 de-

109 2763 165 2793 bet
180 2773 249 2793 rem
265 2765 299 2794 in
321 2765 479 2797 leniorem
502 2771 629 2807 partem
645 2768 806 2807 interpre-

109 2805 186 2842 tari,
214 2810 247 2835 et
282 2817 358 2837 vero
379 2809 480 2839 etiam
506 2809 655 2840 animum
686 2810 807 2850 judicis

107 2852 184 2888 apte
199 2847 240 2877 ad
253 2848 476 2881 defensionem
487 2861 628 2882 movere.

149 2892 185 2920 31
210 2889 292 2920 Cum
305 2892 346 2921 ab
359 2893 434 2923 aliis
447 2895 578 2933 culpam
603 2894 804 2933 demovebit]

106 2932 158 2962 Sic
174 2933 352 2965 rectissime
365 2934 427 2966 Gu.
444 2938 469 2966 1.
483 2946 542 2977 pro
557 2936 691 2977 vulgato
705 2937 805 2969 dimo—

166 2989 276 3016 VOL.
302 2991 334 3017 1.
800 2987 829 3021 N

851 2768 937 2806 quod
959 2769 993 2797 in
1015 2767 1157 2797 nominis
1176 2767 1275 2797 verbo
1297 2766 1553 2805 intelligendum

850 2810 943 2840 dixit.
987 2809 1068 2839 Mox
1091 2819 1129 2839 ea
1148 2820 1184 2839 re
1209 2809 1288 2839 Mss.
1318 2808 1407 2838 Cass.
1431 2809 1495 2838 Gu.
1518 2816 1553 2839 et

851 2853 905 2882 alii
919 2862 971 2892 ap.
986 2851 1071 2882 Oud.
1085 2851 1155 2881 edd.
1168 2862 1217 2892 pr.
1232 2851 1340 2881 deleto
1355 2851 1403 2880 de.

893 2897 932 2924 33
961 2893 1158 2924 Hominibus
1202 2894 1322 2924 Graecis
1365 2892 1549 2932 imperitis]

856 2937 982 2968 Graecos
993 2935 1115 2968 habeut
1132 2936 1211 2967 Mss.
1235 2940 1377 2975 quatuor
1391 2945 1442 2975 ap.
1465 2934 1551 2967 Oud.
