1945 3235
273 155 350 207 ³78
486 177 489 179 ·
781 166 860 205 DE
895 166 1186 205 oRAToRE

276 269 388 311 Nam
413 268 496 310 fuit
518 278 695 324 uterque
725 273 792 322 (ut
816 272 996 328 exposui
1029 273 1174 321 antea)
1195 285 1292 313 cum
1326 269 1468 312 studio
1490 278 1618 327 atque
1648 269 1713 312 in-

274 327 403 382 genio
436 337 478 368 et
511 327 707 368 doctrina
744 339 948 383 praestans
982 331 1197 379 omnibus,
1239 339 1327 369 tum
1367 328 1408 368 in
1443 342 1519 368 suo
1558 340 1713 383 genere

275 383 505 439 perfectus,
530 395 576 448 ut
605 399 742 440 neque
775 400 813 426 m
839 386 1032 426 Antonio
1053 387 1218 427 deesset.
1248 385 1318 426 hic
1349 394 1523 426 ornatus
1553 384 1728 425 oratio«

278 455 357 489 nis,
380 455 517 505 neque
537 442 577 482 in
603 442 757 482 Cras-so
782 443 1049 483 redundaret.

231 486 264 534 5
337 498 395 539 Ut
426 499 559 555 iamir
589 510 688 539 ante
725 500 942 540 meridiem
977 501 1276 548 (1ἰ5ω55θϊυηῐ,
1317 497 1620 555 paululumque
1649 509 1714 537 re-

217 560 264 596 17
277 532 491 609 quierunt,
515 557 555 596 in
583 555 728 610 pinnis
752 555 882 596 hoca
903 571 946 597 se
970 556 1103 598 Cotta
1123 556 1464 597 animadv-msam
1485 568 1576 596 esse
1597 553 1714 595 dice-

279 612 365 662 bat,
395 627 523 653 omne
553 613 654 653 illud
686 623 854 668 tempus
883 614 1164 654 meridianum
1197 613 1398 655 Crassum
1432 612 1475 652 in
1507 611 1714 652 acerrima

276 679 404 724 atque
437 670 722 710 attentissima
755 669 1020 725 cogitatione
1053 671 1258 726 posuisse,
1293 683 1481 724 seseque,
1513 668 1586 723 qui
1622 666 1713 708 vul-

275 737 365 767 tum
390 726 497 781 ejus,
519 741 617 767 cum
637 728 674 767 ei
705 727 934 768 dicendum
957 737 1081 777 esset,
1103 728 1390 791 obtutumque
1412 726 1634 767 oculorum
1665 723 1710 765 in

273 784 507 839 cogitando
530 784 662 839 probe
693 794 851 834 nosset,
873 794 1002 839 atque
1034 784 1076 825 in
1108 785 1309 824 maximis
1334 784 1472 825 causis
1502 796 1617 838 saepe
1648 781 1711 822 vi-

272 840 419 890 disset,
442 850 531 881 tum
557 841 701 882 dedita
723 855 867 896 opera,
898 841 1218 895 quiescentibus
1249 840 1356 891 aliis,
1389 841 1430 881 in
1462 854 1555 881 eam
1578 838 1711 881 exhe-

273 897 392 938 dram
419 900 453 931 ¹7
467 898 643 948 venisse,
675 898 717 939 in
752 912 837 952 qua
863 897 1041 938 Crassus
1072 897 1228 939 lectulo
1261 898 1401 953 posito
1432 897 1711 947 recubuisset,

271 969 490 1009 quumque
511 969 608 995 eum
632 956 673 996 in
696 954 962 1010 cogitatione
993 954 1184 995 defixum
1206 969 1296 995 esse
1327 954 1540 1005 sensisset,
1564 953 1710 994 statim

273 1012 509 1062 recessisse,
530 1022 659 1067 atque
688 1012 730 1052 in
754 1026 804 1053 eo
828 1011 997 1052 silentio
1019 1013 1123 1052 duas
1148 1012 1270 1052 horas
1292 1010 1380 1052 fere
1401 1025 1491 1053 esse
1512 1024 1712 1052 consum-

229 1076 261 1107 b.
276 1078 352 1110 tas.
414 1068 582 1110 Deinde
612 1084 744 1124 quum
776 1083 939 1120 omnes,
972 1069 1178 1110 inclinato
1203 1069 1297 1123 jam
1329 1069 1370 1109 in
1405 1071 1440 1099 18
1456 1068 1711 1123 pomeridia-

273 1140 375 1167 num
408 1136 576 1182 tempus
608 1127 691 1176 die,
723 1127 938 1167 venissent
966 1126 1019 1167 ad
1044 1126 1260 1176 Crassum,
1294 1125 1412 1172 Quid
1441 1134 1520 1176 est,
1544 1124 1717 1175 Crasse,

272 1183 413 1239 inquit
440 1183 598 1234 Julius,
633 1184 843 1224 ¹9imusne
878 1185 1067 1225 sessum?
1098 1184 1176 1224 etsi
1213 1183 1481 1223 admonitum
1517 1181 1710 1223 venimus

213 1255 260 1289 18
274 1250 329 1291 te,
353 1256 437 1282 non
463 1241 720 1296 flagitatum.
772 1239 880 1282 Tum
908 1240 1100 1291 Crassus,
1122 1240 1190 1281 An
1216 1255 1283 1280 me
1305 1249 1392 1280 tam
1416 1239 1711 1302 impudentem

271 1312 361 1339 esse
381 1299 654 1348 existimatis,
677 1309 724 1339 ut
746 1299 868 1339 vobis
893 1298 975 1339 hoc
1000 1298 1236 1354 praesertim
1260 1311 1414 1338 munus
1448 1306 1593 1352 putem
1615 1295 1711 1336 diu-

271 1355 354 1396 tius
377 1358 552 1411 ‘20posse
582 1356 765 1397 debere?
798 1355 986 1402 Quinam
1019 1355 1167 1412 initur,
1193 1355 1332 1418 inquit
1364 1354 1446 1404 ille,
1478 1353 1623 1396 locus?
1654 1366 1709 1394 an

268 1412 313 1453 in
346 1414 486 1454 media
516 1413 621 1453 silva
652 1413 820 1469 placet?
852 1411 930 1453 Est
959 1413 1074 1453 enim
1109 1413 1144 1452 is
1171 1426 1360 1452 maxrme
1390 1420 1435 1451 et
1466 1424 1642 1467 opacuS,
1665 1419 1711 1451 et

267 1469 465 1526 frigidus.
526 1470 653 1520 Sane,
676 1470 817 1524 inquit
840 1469 1032 1511 Crassus.
1055 1470 1212 1510 etenim
1237 1478 1301 1509 est
1333 1469 1374 1508 in
1397 1481 1448 1508 eo
1471 1467 1567 1509 loco
1590 1467 1710 1508 sedes

267 1504 368 1568 huic
392 1537 537 1568 nostro
560 1542 644 1568 non
665 1527 957 1590 inoppmtuna
978 1526 1178 1566 sermoni.
1212 1525 1323 1566 Cum
1344 1524 1573 1581 placuisset
1594 1525 1709 1565 idem

266 1585 432 1635 ceteris,
453 1585 494 1626 in
519 1584 667 1626 silvam
690 1585 874 1635 venitur,
893 1593 937 1624 et
959 1583 1017 1624 ibi
1041 1597 1312 1639 magnacum
1334 1582 1533 1624 audiendi
1555 1595 1711 1638 exspe-

266 1643 456 1682 ctatione
478 1641 730 1683 considitur.

205 1714 253 1749 19
322 1697 430 1740 Tum
457 1698 651 1748 Crassus,
674 1697 787 1739 Cum
809 1696 1042 1738 auctoritas
1069 1705 1197 1752 atque
1227 1695 1420 1736 amicitia
1440 1704 1594 1746 vestra,
1615 1704 1709 1736 tum

267 1754 447 1797 Antonii
478 1756 660 1798 facilitas
681 1754 853 1811 eripuit,
885 1755 1040 1810 inquit,
1065 1754 1169 1794 mihi
1202 1753 1245 1794 in
1268 1752 1436 1809 optima
1463 1767 1560 1793 mea
1579 1766 1709 1795 causa

264 1813 506 1854 libertatem
533 1813 772 1854 recusandi.
803 1826 1063 1867 quamquam
1095 1812 1138 1851 in
1171 1810 1395 1867 partienda
1414 1809 1708 1866 disputatione

263 1880 424 1921 nostra,
445 1885 544 1912 cum
575 1871 657 1912 sibi
688 1870 741 1910 de
772 1870 838 1920 iis,
861 1884 957 1924 quae
989 1869 1073 1910 dici
1105 1868 1160 1909 ab
1181 1878 1350 1909 oratore
1374 1874 1606 1923 oporteret
1636 1880 1709 1907 su·

263 1938 412 1978 meret,
445 1928 550 1968 mihi
584 1937 726 1968 autem
760 1927 1030 1981 relinqueret,
1056 1935 1100 1966 ut
1127 1925 1404 1981 explicalem‚
1427 1924 1706 1979 quemadmo-

263 1985 366 2025 dum
389 1984 460 2026 illa
481 1986 619 2025 ornari
644 1994 887 2040 oporteiet;
919 1997 969 2024 ea
986 1983 1147 2033 divisit,
1169 1997 1266 2037 quae
1290 1983 1484 2037 sejuncta
1505 1994 1596 2022 esse
1618 1995 1704 2022 non

263 2052 459 2098 possunt.
520 2042 632 2084 Nam
657 2056 753 2082 cum
776 2041 916 2082 omnis
948 2055 1002 2080 ex
1035 2055 1078 2080 re
1108 2050 1237 2095 atque
1262 2039 1399 2080 verbis
1421 2048 1591 2080 constet
1611 2052 1706 2078 ora-

264 2099 352 2151 tio;
385 2113 522 2154 neque
545 2100 674 2140 verba
696 2099 837 2139 sedem
863 2098 1017 2138 habere
1040 2106 1234 2152 possunt,
1257 2097 1292 2137 si
1315 2111 1402 2137 rem
1425 2094 1704 2146 subtraxeris,

198 2168 402 2212 aoneque
433 2171 496 2198 res
520 2157 676 2207 lumen,
700 2156 734 2196 si
759 2155 888 2196 verba
909 2168 1153 2195 semoveris
1214 2153 1280 2194 Ac
1309 2153 1417 2194 mihi
1438 2152 1611 2207 quidem
1633 2165 1706 2192 ve-

264 2222 374 2255 teres
396 2213 469 2265 illi,
493 2214 630 2269 majus
652 2212 855 2268 quiddam
878 2212 1023 2252 animo
1045 2210 1277 2267 complexi,
1300 2210 1435 2251 multo
1458 2209 1552 2266 plus
1573 2209 1705 2251 etiam

263 2271 420 2312 vidisse
469 2271 681 2335 videntur,
721 2285 851 2325 quam
891 2278 1101 2333 quantum
1146 2276 1389 2309 nostrorum
1430 2266 1703 2323 ingeniorum

263 2328 375 2370 acies
402 2328 557 2369 intueri
588 2336 754 2384 potest:
780 2327 859 2390 ‘qui
883 2326 1029 2367 omnia
1060 2325 1169 2377 haec,
1189 2340 1286 2380 quae
1319 2339 1447 2380 supla
1467 2335 1510 2364 et
1541 2324 1702 2373 subter,

262 2400 395 2426 unum
423 2400 530 2437 esse,
560 2396 604 2426 et
637 2399 722 2425 una
749 2384 790 2425 vi
824 2395 952 2438 atque
980 2397 1065 2424 una
1089 2382 1370 2424 consensione
1403 2391 1566 2422 naturae
1599 2393 1704 2421 con·

260 2443 409 2484 stricta
428 2456 520 2483 esse
541 2443 758 2484 dixeumt.
819 2440 998 2482 Nullum
1020 2449 1084 2481 est
1105 2441 1220 2480 enim
1250 2452 1385 2495 genus
1409 2452 1562 2488 rerum,
1583 2435 1702 2492 quod

259 2510 335 2544 aut
355 2500 547 2543 avulsum
571 2515 596 2544 a
616 2499 768 2541 ceteris
798 2513 874 2555 per
902 2498 1088 2554 seipsum
1111 2508 1321 2547 constare,
1344 2505 1432 2547 aut,
1453 2509 1539 2550 quo
1560 2503 1704 2539 cetera

257 2614 319 2650 rit,
346 2615 459 2653 possit,
485 2613 574 2652 quod
608 2623 667 2652 per
698 2612 958 2643 Grammatieam
1003 2610 1201 2641 Ciceroniin
1217 2609 1358 2641 Oratore
1371 2608 1559 2649 probatum.
1603 2607 1657 2638 Sic
1668 2609 1704 2638 et

259 2660 347 2687 stare
362 2665 428 2685 non
445 2659 562 2695 potest.
607 2655 695 2685 Nam
719 2654 839 2694 pendet
853 2665 892 2685 ex
906 2655 957 2691 iis,
1001 2653 1163 2684 Pearcius.

261 2698 327 2739 qui.
360 2698 535 2728 Audierint
547 2703 598 2728 est
611 2698 643 2726 in
658 2696 708 2727 ed.
724 2697 812 2737 Lips.
1047 2698 1085 2728 19
1105 2696 1232 2725 imusne
1249 2692 1385 2732 sessum]
1410 2691 1517 2722 intell.
1529 2690 1574 2722 ad
1594 2690 1705 2730 dispu-

308 2743 342 2774 17
366 2741 487 2770 venisse
509 2739 582 2778 &c.]
608 2739 661 2768 Sic
682 2738 753 2769 edd.
768 2749 816 2778 pr.
831 2747 957 2774 omnes,
1000 2737 1154 2773 tandum,
1169 2735 1254 2775 quod
1275 2735 1327 2766 vel
1348 2734 1502 2771 sedendo,
1523 2733 1575 2764 vel
1595 2733 1702 2764 inam-

261 2783 299 2814 it.
315 2782 378 2813 Ms.
395 2782 433 2812 E.
448 2786 482 2811 et
497 2783 616 2821 pendet
630 2791 670 2812 ex
683 2790 818 2821 seseque.
849 2780 960 2811 Venis-
1004 2779 1146 2810 bulando
1162 2778 1271 2808 fiebat.

260 2829 307 2856 εει
321 2830 371 2855 est
387 2824 503 2854 vitium
518 2823 658 2854 Aldinae.
1044 2823 1086 2853 20
1111 2830 1203 2860 posse
1230 2818 1355 2858 debere]
1395 2817 1549 2849 Pearcius
1574 2814 1704 2847 mavult

309 2870 344 2897 18
352 2866 620 2907 pomeridianum
631 2863 773 2904 tempus]
791 2864 864 2895 Hoc
877 2863 959 2894 mol·
1002 2863 1125 2896 deberi,-
1149 2872 1217 2893 non
1240 2861 1337 2892 male.
1380 2860 1444 2891 Sed
1463 2864 1574 2900 potest
1587 2868 1638 2890 me
1651 2858 1703 2891 ine

262 2908 326 2939 lius
351 2908 485 2950 vulgato
509 2907 816 2949 postmeridianum,
839 2910 873 2938 et
899 2906 960 2947 ipsi
1003 2904 1123 2946 telligi‚
1137 2904 1224 2946 quod
1238 2909 1274 2936 et
1286 2902 1399 2946 paullo
1412 2906 1492 2934 ante
1506 2900 1682 2943 praeeeffiit.

1899 2232 1918 2297 ᾗ.

1899 2293 1922 2380 35³„

1896 2388 1918 2568 l
