1945 3235
735 113 1014 152 BRUTUS.
1523 120 1602 156 495

147 220 399 272 sententias,
432 229 482 262 ut
514 218 623 261 nihil
658 228 804 276 posset
832 217 1026 259 ornatius
1059 231 1166 269 esse,
1198 219 1306 260 nihil
1336 220 1600 277 expeditius,

144 275 293 333 Atque
317 279 388 320 hic
412 294 437 320 a
458 277 677 333 magistris
700 292 852 334 parum
875 275 1116 325 institutus,
1136 288 1332 317 naturam
1353 278 1508 320 habuit
1526 279 1601 320 ad·
1613 279 1644 343 ξ·
1664 271 1737 304 ¹9¹·

144 336 388 378 mirabilem
427 336 480 377 ad
516 335 763 377 dicendum.
803 332 1059 375 industriam
1101 346 1188 372 non
1233 348 1325 374 sum
1369 346 1600 391 expertus:
1637 334 1645 342 '

146 394 338 436 studium
373 403 488 436 certe
518 392 617 434 fuit.
648 393 720 448 qui
754 392 787 432 si
816 405 884 432 me
905 390 1053 431 audire
1074 390 1293 441 voluisset,
1325 401 1370 432 ut
1391 405 1603 449 coeperat,

144 447 347 504 honores,
365 466 494 508 quam
519 466 638 507 opes,
657 449 863 503 consequi
888 448 1124 488 maluisset.
1188 448 1410 495 Quidnam
1433 461 1513 500 est,
1537 453 1602 492 in-

145 510 256 564 quit,
276 511 415 552 istud?
447 519 489 550 et
523 507 888 563 quemadmodum
927 506 1191 562 distinguis?
1226 506 1327 547 Hoc
1359 508 1504 558 modo,
1537 509 1688 553 iil-281

145 581 290 621 quam.
355 567 466 608 Cum
491 566 629 606 honos
649 565 704 605 sit
727 564 955 621 praemium
975 564 1349 619 virtutiS‚judicio
1372 565 1603 621 studioque

146 625 310 666 civium
333 624 523 675 delatu'm
547 623 600 664 ad
623 622 826 678 aliquem,
851 623 923 678 qui
956 636 1055 663 eum
1081 623 1321 673 sententiis,
1344 623 1418 678 qui
1451 622 1603 665 suffra-

145 682 230 738 giis
259 683 440 738 adeptus
469 691 549 732 est,
573 681 607 722 is
632 681 738 721 milii
760 691 804 721 et
835 680 1043 721 honestus
1073 690 1116 721 et
1151 680 1386 723 honoratus
1420 681 1603 723 videtur.

149 740 237 786 Qui
260 750 405 782 autem
429 739 659 780 occasione
683 739 840 794 aliqua,
873 738 1004 779 etiarn
1029 738 1179 778 invitis
1203 739 1289 779 suis
1312 739 1498 790 civibus,
1530 755 1604 781 na-

146 807 242 838 ctus
261 807 326 838 est
344 797 592 854 imperium,
617 807 663 838 ut
695 796 764 838 ille
788 797 1008 852 cupiebat,
1041 799 1080 830 89
1096 795 1212 836 hunc
1238 811 1396 837 nomen
1427 797 1604 839 honoris

145 854 368 911 adeptum,
392 870 475 896 non
511 855 720 896 honorem
745 864 867 910 puto.
930 854 1042 901 Quae
1068 854 1101 894 si
1126 853 1196 894 ille
1213 855 1360 895 audire
1384 855 1604 908 voluisset,

144 913 339 954 maxima
356 927 456 954 cum
480 913 621 969 gratia
636 923 679 954 et
698 913 837 969 gloria
854 912 906 953 ad
926 926 1140 953 summam
1157 912 1488 968 amplitudinem
1509 929 1604 970 per-

146 970 349 1022 venisset,
381 971 647 1012 adscendens
679 971 886 1027 gradibus
917 971 1268 1027 magistratuum,
1297 980 1344 1011 ut
1367 982 1488 1026 pater
1511 972 1606 1027 ejus

145 1028 322 1080 fecerat,
347 1040 394 1070 ut
417 1029 568 1084 reliqui
603 1029 803 1070 clariores
839 1028 934 1069 viri.
997 1028 1110 1075 Quae
1142 1028 1318 1084 quidem
1341 1029 1471 1070 etiam
1506 1045 1607 1071 cum

147 1085 199 1127 P.
221 1086 394 1138 Crasso,
419 1087 486 1128 M.
511 1087 559 1128 F.
582 1102 682 1128 cum
706 1087 832 1128 initio
856 1086 998 1128 aetatis
1030 1086 1083 1127 ad
1115 1087 1355 1128 amicitiam
1387 1102 1430 1128 se
1465 1103 1606 1129 meam

145 1145 415 1196 contulisset,
439 1160 554 1201 saepe
576 1145 716 1201 egisse
741 1159 807 1185 me
829 1144 1030 1194 arbitror,
1061 1159 1160 1185 cum
1196 1159 1295 1185 eum
1328 1146 1606 1187 vehementer

149 1203 357 1255 hortarer,
379 1212 426 1244 ut
445 1218 538 1244 eam
562 1203 699 1244 laudis
720 1202 832 1243 viam
858 1202 1140 1243 rectissimam
1155 1218 1246 1244 esse
1266 1203 1457 1255 duceret,
1474 1220 1604 1260 quam

148 1261 335 1317 majores
358 1261 451 1317 ejus
468 1261 506 1302 ei
527 1261 673 1302 tritam
696 1260 983 1316 reliquissent.
1048 1259 1151 1301 Erat
1172 1261 1289 1302 enim
1309 1276 1406 1303 cum
1432 1263 1605 1304 institu-
1617 1277 1697 1313 232

148 1328 217 1359 tus
248 1320 428 1375 optime,
452 1329 542 1360 tum
567 1319 696 1361 etiarn
726 1319 930 1374 perfecte,
956 1318 1166 1375 planeque
1196 1320 1415 1363 eruditus:
1450 1321 1608 1362 inerat-

150 1391 234 1432 que
256 1388 301 1419 et
320 1377 542 1434 ingenium
565 1378 666 1418 satis
686 1391 798 1430 acre,
817 1388 859 1417 et
879 1376 1088 1418 orationis
1111 1392 1194 1418 non
1217 1378 1437 1435 inelegans
1459 1380 1606 1436 copia:

149 1445 446 1491 praetereaque
477 1436 569 1475 sine
600 1435 851 1491 arrogantia
884 1434 1029 1491 gravis
1062 1449 1154 1476 esse
1187 1435 1429 1488 videbatur,
1453 1448 1497 1478 et
1520 1438 1612 1479 sine

149 1493 338 1549 segnitia
356 1493 636 1534 verecundus
691 1493 775 1534 Sed
792 1493 906 1534 hunc
923 1507 1097 1548 quoque
1116 1494 1343 1535 absorbuit
1366 1506 1497 1536 aestus
1515 1495 1613 1551 qui-

149 1550 251 1591 dam
285 1566 370 1592 non
395 1551 581 1592 insolitae
605 1551 954 1592 adolescentibus
987 1550 1163 1606 gloriae:
1196 1553 1269 1607 qui
1302 1553 1405 1607 quia
1435 1563 1614 1595 navarat

148 1608 272 1650 miles
287 1624 461 1664 operam
488 1609 755 1665 imperatori,
780 1609 1089 1665 imperatorem
1113 1624 1156 1650 se
1179 1610 1326 1651 statim
1349 1626 1442 1652 esse
1463 1613 1613 1668 cupie-

148 1662 250 1709 bat:
283 1667 352 1708 cui
370 1668 535 1721 muneri
555 1681 646 1707 mos
664 1667 876 1722 majorum
898 1676 1072 1708 aetatem
1092 1678 1271 1719 certam,
1290 1679 1447 1710 sortem
1474 1669 1613 1711 incer-

149 1732 235 1765 tam
254 1724 442 1780 reliquit.
487 1723 555 1765 Ita
569 1725 826 1782 gravissimo
845 1740 923 1766 suo
942 1740 1059 1775 caSU,
1074 1725 1176 1766 dum
1193 1725 1299 1782 Cyri
1314 1737 1357 1768 et
1371 1726 1611 1770 Alexandri

149 1781 301 1823 similis
315 1796 406 1823 esse
419 1782 651 1839 voluit,qui
665 1798 786 1824 suum
800 1796 972 1824 cursum
989 1793 1351 1836 transcurrerant3
1366 1796 1409 1826 et
1422 1786 1469 1827 L.
1483 1785 1611 1827 Cras-

150 1840 200 1890 si,
216 1849 259 1881 et
274 1840 507 1882 multorum
524 1840 776 1882 Crassorum
797 1842 998 1882 inventus
1012 1851 1076 1881 est
1095 1841 1423 1885 dissimillimus.
1457 1844 1540 1886 Sed
1555 1845 1608 1886 ad
1624 1850 1693 1899 82

153 1897 334 1939 Calvum
348 1899 402 1952 (is
415 1899 531 1940 enim
543 1900 668 1940 nobis
683 1908 775 1940 erat
789 1898 1056 1956 propositus)
1070 1911 1354 1943 revertamur:
1375 1904 1499 1958 90qui
1514 1917 1608 1944 ora·
1620 1923 1698 1958 283

152 1966 221 1997 tor
231 1955 398 2008 fuisset,
410 1972 509 1998 cum
525 1957 678 1998 litteris
689 1957 1052 2013 eruditior,quam
1066 1956 1216 2009 Curio,
1231 1969 1320 1999 tum
1335 1959 1466 2000 etiam
1481 1975 1609 2002 accu-

149 2013 282 2055 satius
305 2014 524 2070 quoddam
538 2015 709 2056 dicendi
726 2025 768 2056 et
782 2015 1042 2071 exquisitius
1066 2015 1274 2057 afferebat
1293 2032 1456 2074 genus:
1490 2018 1608 2074 quod

151 2087 414 2128 quamquam
440 2073 625 2129 scienter
656 2074 963 2130 eleganterque
994 2074 1223 2125 tractabat,
1257 2076 1439 2116 nimium
1464 2086 1611 2119 tamen

153 2130 374 2186 inquirens
398 2131 441 2172 in
474 2146 533 2182 se,
555 2141 686 2187 atque
717 2133 808 2188 ipse
842 2145 932 2172 sese
966 2132 1216 2183 observans,
1239 2144 1523 2190 metuensque
1556 2149 1611 2177 ne

156 2188 360 2230 vitiosum
384 2189 622 2246 colligeret,
645 2190 776 2230 etiam
813 2204 959 2230 verum
993 2190 1250 2245 sanguinem
1274 2194 1310 2225 9Ι
1329 2192 1611 2247 deperdebat.

154 2244 308 2302 Itaque
331 2246 425 2303 ejus
449 2247 587 2289 oratio
621 2247 758 2289 nimia
790 2247 1001 2305 religione
1034 2257 1273 2300 attenuata,
1297 2249 1438 2292 doctis
1472 2260 1517 2292 et
1545 2261 1612 2293 at-

147 2411 152 2414 '
194 2410 234 2443 89
258 2408 345 2439 hunc
361 2418 393 2439 n.
410 2409 442 2439 Ιι.
458 2408 627 2448 adeptum,
643 2419 707 2439 non
720 2410 750 2439 h.
760 2408 857 2449 pulo]
905 2407 967 2440 hoc
982 2408 1075 2439 loco:
1101 2409 1155 2440 sed
1177 2414 1211 2441 et
1227 2416 1339 2441 orator
1367 2411 1448 2442 mihi
1468 2423 1485 2443 e
1503 2412 1613 2453 glossa

152 2450 218 2484 Ms.
236 2452 343 2491 regius
366 2452 412 2482 sic
435 2452 587 2482 ordinat:
613 2454 645 2482 Ιι.
669 2462 786 2482 nomen
808 2454 861 2483 lw-
903 2462 972 2482 esse
988 2452 1131 2482 videtur:
1153 2454 1321 2493 (quorsum
1333 2455 1421 2485 enirn
1437 2455 1568 2486 additur
1580 2457 1609 2497 ἲ)

152 2496 254 2531 noris,
289 2505 352 2525 non
388 2496 541 2525 honorem
579 2495 736 2534 adeptum
766 2501 858 2534 puto.
903 2499 938 2525 et
940 2494 1019 2535 J'uz‘t
1032 2495 1220 2535 legendum.
1267 2497 1449 2538 Scrupulns
1463 2505 1615 2539 superest

153 2535 340 2577 Utrumque
356 2542 407 2567 est
423 2538 582 2568 Cicerone
596 2537 745 2577 dignum.
903 2537 938 2567 in
961 2538 1086 2568 forma:
1099 2538 1178 2578 fuit
1200 2549 1276 2569 cum
1312 2541 1417 2571 literis
1439 2542 1613 2581 eruditior,

150 2583 155 2586 '
195 2583 238 2614 90
251 2581 307 2620 qui
318 2579 571 2620 orator-sitisset,
585 2591 661 2611 cam
676 2580 750 2619 &c.]
767 2579 861 2611 Fuis-
904 2578 1195 2621 tum—afferebat.
1231 2592 1310 2613 nam
1337 2583 1372 2614 in
1409 2583 1470 2614 hae
1506 2585 1616 2617 forma

153 2627 202 2653 eet
227 2623 382 2653 vitiosum
411 2633 493 2660 esse,
529 2623 766 2654 animadvertit
786 2624 860 2662 jam
891 2622 971 2662 suit
983 2627 1189 2661 cum—tum,
1205 2625 1360 2666 utrinque
1375 2626 1536 2667 adjectiva
1544 2637 1614 2659 esse

155 2665 340 2702 Corradus;
364 2666 419 2704 qui
444 2666 632 2705 corrigebat
647 2666 703 2706 qui
719 2675 766 2696 or.
775 2665 860 2703 fuit,
904 2665 1024 2696 solent.
1042 2666 1201 2697 Dicamus
1211 2668 1406 2700 Ciceronem
1417 2670 1615 2705 diamasa:

153 2708 211 2738 sed
230 2709 288 2739 διο.
333 2708 373 2738 In
384 2707 463 2748 J'uit
485 2709 580 2745 bene,
607 2718 673 2739 non
699 2708 733 2738 in
755 2708 861 2739 altero
904 2709 1082 2748 scripsisse,
1106 2714 1141 2740 et
1165 2709 1205 2741 ab
1227 2710 1391 2751 adjectivo
1413 2713 1455 2744 ad
1474 2714 1614 2746 verbum

155 2751 222 2781 sed.
251 2760 329 2782 nam
360 2761 516 2790 quorsum
546 2751 648 2789 dieat,
673 2752 729 2792 qui
751 2756 864 2782 orator
906 2750 1097 2783 deflexisse?

141 2792 233 2833 fuit,
246 2792 333 2833 quod
345 2804 442 2824 nemo
455 2794 630 2833 ignorabat
642 2795 654 2825 ?
678 2793 795 2824 deinde
809 2795 867 2825 sed
948 2797 986 2828 91
1005 2794 1215 2835 deperdebat]
1241 2795 1325 2827 Edd.
1339 2806 1390 2837 pr.
1406 2797 1618 2839 dependebat.

156 2845 224 2866 non
236 2836 304 2866 coit
316 2846 390 2866 cum
401 2837 530 2873 ceteris,
540 2837 596 2867 sed
607 2836 864 2877 eruditior—af-
905 2835 1021 2868 Rivius
1037 2838 1180 2870 correxit
1194 2842 1234 2870 ut
1247 2839 1369 2871 editur.

143 2878 293 2919 serebat.
337 2879 408 2919 Ego
424 2889 491 2910 non
514 2879 618 2911 audeo
633 2879 808 2911 decernere
824 2880 864 2912 de
