1945 3235
575 124 760 163 LIBER
793 113 1090 166 QUARTUS.
1510 127 1564 168 rr

116 237 167 271 ut
189 228 300 272 forte
318 229 390 272 hic
414 230 458 272 in
479 229 653 271 balneas
674 228 806 278 venit,
832 228 986 284 coepit,
1009 236 1240 284 postquam
1263 228 1460 284 perfusus
1482 235 1562 279 est,

116 286 336 329 defricari.
398 286 582 338 Deinde,
604 287 645 317 66
658 286 733 327 ubi
760 286 899 327 visum
932 293 1012 344 est,
1038 294 1085 326 ut
1115 285 1159 325 in
1187 285 1355 326 alveum
1385 275 1649 327 descen-10

116 344 252 396 deret,
274 360 375 387 ecce
404 345 465 385 ibi
494 345 575 384 iste
596 343 650 384 de
671 353 929 394 transverso,
954 341 1093 393 Heus,
1114 342 1270 397 inquit,
1298 342 1561 394 adolescens,

117 403 238 456 pueri
263 404 325 443 tui
355 402 484 442 modo
514 415 584 441 me
606 400 910 456 pulsaverunt;
936 399 1175 440 satisfacias
1207 408 1394 454 oportet.
1456 399 1561 451 Hic,

117 460 192 513 qui
227 460 270 501 id
294 459 434 500 aetatis
468 458 523 498 ab
557 459 710 514 ignoto
741 467 900 513 praeter
930 456 1290 497 consuetudinem
1322 456 1561 511 appellatus

114 526 242 567 esset,
264 516 451 558 erubuit.
493 514 582 556 Iste
600 514 754 557 clarius
774 514 924 555 eadem
946 522 991 554 et
1011 514 1095 555 alia
1113 514 1255 555 dicere
1275 513 1429 568 coepit.
1472 513 1561 555 Hic

117 573 192 614 vix
215 573 388 615 tandem
407 573 574 628 inquit:
597 572 690 613 sine
715 585 786 612 me
811 571 1097 612 considerare.
1157 571 1197 605 67
1211 569 1325 612 Tum
1356 584 1456 610 vero
1481 571 1561 611 iste

116 631 257 687 coepit
288 630 472 672 clamare
494 644 601 671 voce
623 630 719 680 ista,
749 643 847 684 quae
871 628 939 669 vel
968 628 1094 669 facile
1124 628 1262 669 cuivis
1285 627 1462 668 rubores
1485 628 1561 668 eli-

115 701 211 728 cere
244 695 407 743 posset:
433 686 502 728 Ita
524 686 721 743 petulans
752 700 797 726 es
820 695 951 741 atque
971 700 1083 738 acer,
1114 695 1162 726 ut
1186 700 1240 726 ne
1271 686 1324 726 ad
1356 685 1559 726 solarium

114 744 290 799 quidem
323 744 520 796 idoneus,
551 753 600 785 ut
629 744 738 784 mihi
764 743 945 795 videtur,
981 743 1053 784 sed
1087 758 1199 799 pone
1223 757 1410 794 scenam,
1441 751 1485 782 et
1515 743 1560 784 in

111 801 326 856 ejusmodi
350 802 455 843 locis
477 801 740 843 exercitatus
764 802 835 841 sis.
881 800 1179 841 Conturbatus
1198 810 1264 841 est
1285 800 1557 847 adolescens:

110 871 192 900 nec
209 859 380 910 mirum,
404 861 474 901 cui
497 860 629 901 etiam
646 874 762 900 nunc
786 858 1020 915 paedagogi
1040 858 1136 899 lites
1159 859 1212 900 ad
1232 858 1444 899 auriculas
1464 872 1558 899 ver-

109 926 318 968 sarentur,
341 917 543 974 imperito
563 916 778 972 ejusmodi
801 917 1116 957 conviciorum.
1175 916 1215 947 68
1231 916 1319 957 Ubi
1341 915 1458 956 enim
1477 915 1560 957 iste
1582 939 1586 944 -

109 973 288 1016 vidisset
320 989 510 1016 scurram
542 975 755 1016 exhausto
789 974 960 1024 rubore,
982 973 1056 1029 qui
1085 988 1128 1014 se
1152 981 1324 1029 putaret
1344 972 1454 1013 nihil
1480 972 1558 1014 ha-

108 1030 224 1083 bere,
247 1032 364 1088 quod
386 1032 440 1073 de
472 1032 796 1073 existimatione
830 1032 1041 1087 perderet,
1064 1040 1114 1072 ut
1143 1031 1289 1072 omnia
1310 1031 1402 1072 sine
1424 1029 1555 1072 famae

107 1088 369 1131 detrimento
391 1089 532 1131 facere
553 1092 724 1146 posset?
755 1088 898 1144 Igitur
927 1103 1086 1145 genera
1108 1087 1344 1144 figurarum
1366 1103 1421 1129 ex
1450 1088 1553 1144 ipsis
1569 1097 1616 1136 15

106 1147 320 1203 exemplis
342 1148 525 1204 intelligi
545 1155 764 1203 poterunt.
826 1144 923 1186 Erit
942 1146 1058 1186 enim
1084 1155 1128 1186 et
1149 1155 1374 1187 attenuata
1402 1147 1557 1187 verbo·

107 1217 205 1244 rum
234 1205 501 1246 constructio
520 1204 735 1260 quaedam,
758 1211 802 1245 et
823 1203 929 1245 item
951 1202 1035 1244 alia
1053 1204 1098 1244 in
1121 1203 1349 1259 gravitate,
1373 1203 1457 1244 alia
1479 1219 1558 1260 po-

108 1261 191 1302 sita
209 1261 253 1303 in
274 1262 588 1303 mediocritate.

164 1317 244 1359 Est
265 1329 409 1360 autem
431 1319 687 1371 cavendum,
709 1333 779 1369 ne,
801 1318 906 1360 dum
927 1318 1025 1360 haec
1053 1333 1213 1376 genera
1240 1327 1557 1373 consectamur,

107 1376 150 1418 in
171 1375 357 1418 finitima
377 1386 420 1418 et
442 1377 804 1434 propinquavitia
816 1376 1070 1418 veniamus
1104 1376 1219 1418 Nam
1243 1377 1364 1432 gravi
1387 1376 1557 1434 figurae,

104 1434 146 1468 69
159 1449 257 1489 quae
290 1434 503 1476 laudanda
533 1445 613 1486 est,
647 1435 894 1491 propinqua
917 1444 983 1476 est
1015 1449 1080 1486 ea,
1102 1450 1200 1490 quae
1228 1434 1438 1490 fugienda
1466 1445 1556 1479 est:

103 1505 202 1545 quae
235 1501 350 1533 recte.
380 1492 600 1533 videbitur
641 1492 863 1548 appellari,
900 1496 942 1527 70
961 1493 996 1533 si
1030 1492 1202 1533 sufflata
1242 1493 1556 1535 nominabitur.

105 1547 220 1590 Nam
240 1559 288 1590 ut
305 1550 499 1606 corporis
522 1551 683 1591 bonam
706 1549 1008 1596 habitudinem
1032 1558 1176 1597 tumor
1197 1550 1393 1591 imitatur
1413 1566 1555 1607 saepe3

104 1607 167 1647 ita
188 1608 330 1663 gravis
360 1609 499 1649 oratio
535 1622 650 1664 saepe
681 1607 894 1664 imperitis
929 1608 1100 1649 videtur
1133 1622 1197 1658 ea,
1219 1622 1319 1662 quae
1348 1617 1494 1665 turget
1513 1619 1558 1650 et

103 1663 256 1706 inflata
278 1676 357 1717 est,
379 1680 479 1706 cum
501 1675 576 1706 aut
594 1665 734 1717 novis,
757 1675 832 1708 aut
854 1664 1008 1721 priscis
1022 1665 1180 1716 verbis,
1203 1674 1278 1706 aut
1296 1666 1461 1707 duriter
1480 1666 1557 1708 ali—

105 1722 219 1763 unde
250 1722 482 1774 translatis,
504 1733 579 1764 aut
601 1723 889 1779 gravioribUS,
916 1738 1047 1778 quam
1075 1738 1140 1765 res
1164 1723 1370 1779 postulat,
1392 1724 1557 1779 aliquid

104 1780 280 1832 dicitur,
302 1780 386 1821 hoc
418 1781 576 1823 modo:
603 1780 720 1822 Nam
753 1781 827 1836 qui
860 1781 1230 1837 perduellionibus
1261 1781 1457 1823 venditat
1480 1797 1558 1838 pag-

108 1837 249 1890 triam,
271 1852 359 1879 non
389 1838 491 1879 satis
515 1838 719 1895 supplicii
752 1838 933 1891 dederit,
965 1839 999 1880 si
1022 1853 1218 1896 praeceps
1241 1839 1285 1882 in
1309 1839 1556 1896 Neptunias

0 2722 2 2756 l

143 1996 185 2027 66
217 1995 281 2026 Ubi
303 1997 408 2028 visum
424 2002 481 2033 est,
498 2002 535 2028 ut
549 1998 571 2027 i.
591 2007 623 2028 α.
638 1997 804 2028 descende-

99 2039 178 2078 ret]
208 2039 247 2069 In
270 2039 322 2069 his
343 2041 462 2070 vitium
487 2050 568 2077 esse,
593 2040 689 2070 facile
712 2046 805 2080 patet

101 2081 206 2112 latine
219 2081 331 2118 docto,
346 2086 381 2112 et
401 2083 506 2113 varias
528 2082 687 2113 lectiones
702 2083 802 2123 inspi-

99 2124 211 2154 cienti.
263 2123 515 2165 Oudendorpius
542 2125 661 2165 probat
689 2125 804 2155 lectio-

101 2175 178 2196 nem
199 2166 281 2197 Mss.
303 2167 510 2206 quorundam
533 2173 567 2197 et
592 2167 642 2198 ed.
666 2167 803 2198 Mediol.

101 2218 149 2248 pr.
163 2209 219 2239 ubi
232 2210 339 2240 visum
354 2215 401 2241 est
417 2211 453 2240 in
466 2212 598 2241 alveum
617 2211 666 2240 z're
676 2223 686 2240 .·
700 2217 735 2241 et
751 2215 801 2242 est

99 2250 199 2281 lectio
211 2251 315 2283 bona:
331 2252 387 2283 sed
399 2252 590 2284 descendero
602 2262 672 2283 non
683 2257 735 2283 est
752 2254 801 2284 fa-

99 2297 192 2324 etum
211 2304 251 2324 ex
264 2295 324 2325 ire.
370 2294 440 2325 Cur
462 2304 531 2325 non
545 2296 580 2325 in
594 2297 661 2325 alv.
675 2296 802 2326 descen-

97 2336 198 2366 dere?
220 2342 255 2368 et
268 2338 332 2368 hoc
346 2338 552 2378 recepissem,
575 2338 638 2368 nisi
657 2338 802 2379 suspica-

99 2387 153 2409 rer
176 2379 212 2409 in
230 2381 340 2411 visum
357 2384 405 2411 est
423 2380 547 2420 aliquid
565 2380 669 2412 latere
688 2391 801 2412 corru-

98 2421 234 2462 ptionis.

139 2464 180 2498 67
204 2463 293 2496 Tum
313 2474 389 2496 vero
408 2466 470 2496 iste
496 2464 570 2505 &e.]
616 2465 724 2497 Totus
747 2465 802 2497 hic

45 2531 51 2536 ,
95 2504 189 2538 locus
206 2513 258 2538 est
275 2507 450 2547 ejusmodi,
472 2512 514 2538 ut
538 2517 616 2539 eum
640 2510 803 2548 corrigere

97 2557 150 2580 me
175 2559 269 2590 posse
288 2550 539 2591 desperaverim.
584 2550 701 2590 Itaque
725 2558 802 2582 tan-

95 2595 171 2622 tum
193 2591 287 2623 Lect.
302 2602 370 2623 var.
385 2593 560 2630 enarrabo,
574 2593 602 2623 si
627 2594 699 2633 quis
723 2594 802 2634 quid

97 2633 174 2664 inde
187 2635 348 2666 extricare
366 2636 482 2676 possit.
504 2635 586 2665 Mss.
600 2631 733 2675 quid'am
748 2647 800 2678 ap.

96 2676 248 2708 Oudend.
264 2677 377 2708 delent
390 2679 495 2718 coepit,
509 2678 597 2717 quod
607 2679 717 2719 placet
730 2679 800 2710 Ou-

97 2717 196 2749 dend.
220 2720 276 2750 alii
300 2722 458 2751 clamare.
502 2720 567 2751 Ed.
583 2723 674 2755 1474.
698 2722 801 2754 habet

95 2765 122 2792 ἑ.
136 2771 167 2791 v.
179 2762 240 2792 iste
254 2764 349 2793 clara
362 2773 436 2794 voce
447 2764 544 2803 'mpit
559 2764 637 2801 ista,
651 2774 724 2804 qua>
731 2763 797 2804 fa-

95 2804 157 2834 cile
181 2805 283 2835 cuivis
307 2806 460 2836 ‘ruborem
486 2804 631 2845 adjicere
650 2811 797 2846 possent.-

94 2855 161 2886 quo
178 2846 226 2878 nil
241 2846 358 2880 melius
372 2848 488 2890 reperi.
520 2848 583 2880 Pro
597 2850 713 2880 elicere
726 2850 798 2890 qui-

847 1997 923 2028 dam
937 1996 1082 2040 injicere,
1097 2009 1157 2040 pro
1168 2009 1253 2039 pone
1266 1997 1338 2030 edd.
1353 2004 1435 2030 vett.
1444 2010 1554 2040 penes.

848 2040 928 2070 Non
957 2046 1008 2070 est
1032 2043 1122 2072 tanti
1150 2042 1185 2072 in
1215 2043 1289 2073 loco
1317 2042 1380 2073 hoc
1408 2043 1554 2075 multum

845 2083 970 2114 frustra
984 2083 1146 2115 laborare.

889 2126 929 2157 68
962 2125 1025 2156 th'
1050 2128 1138 2158 enim
1164 2127 1249 2168 ista]
1282 2129 1352 2158 Ser.
1378 2130 1447 2159 ille.
1474 2138 1553 2160 nam

846 2169 908 2199 iste
929 2178 1058 2209 semper
1079 2170 1226 2210 pertinet
1251 2170 1293 2201 ad
1315 2172 1504 2212 improbum
1519 2179 1554 2202 et

844 2210 1024 2241 molestum
1039 2212 1242 2243 adolescenti
1253 2213 1476 2245 balatronem.

887 2253 928 2287 69
943 2252 1029 2294 ‚Quoe
1044 2255 1217 2286 laudanda
1230 2261 1278 2287 est
1291 2274 1334 2280 —
1345 2267 1374 2297 q.
1379 2256 1554 2297 fugienda

844 2296 916 2336 est]
947 2296 1029 2326 Haee
1046 2298 1186 2339 sapiunt*
1208 2298 1435 2338 glossatorem.
1467 2300 1554 2331 Puer

844 2339 901 2376 sit,
917 2338 974 2379 qui
999 2339 1082 2370 talia
1107 2340 1269 2372 addiderit
1293 2342 1373 2382 ipse.
1418 2342 1479 2373 Ed.
1501 2353 1551 2382 pr.

843 2381 946 2412 habet
957 2387 1069 2413 cetera
1083 2384 1144 2414 sic:
1166 2385 1284 2422 gravis
1285 2384 1413 2425 figura
1423 2403 1467 2410 —
1471 2394 1552 2426 pro·

838 2425 968 2464 pinqua
980 2429 1026 2456 est
1038 2427 1066 2456 ei
1082 2426 1142 2456 διο.

887 2470 929 2501 70
944 2466 983 2497 Si
1000 2466 1138 2508 szffata
1157 2469 1258 2509 nom]
1288 2468 1413 2500 Omnes
1431 2479 1493 2501 scr.
1516 2476 1553 2502 et

845 2508 918 2540 edd.
933 2514 1058 2540 veteres
1070 2510 1193 2543 habent
1209 2510 1363 2552 suffulta.
1407 2513 1552 2551 Primus,

845 2551 934 2592 quod
949 2553 1138 2592 repererim,
1154 2554 1191 2584 P.
1203 2554 1435 2597 Victoriusap.
1451 2556 1472 2586 J
1476 2563 1551 2588 unt:

844 2594 947 2625 edidit
971 2593 1124 2635 svfflata,
1149 2606 1208 2637 per
1240 2599 1481 2637 conjecturam,
1510 2604 1551 2630 ut

844 2638 976 2678 opinor,
1005 2648 1022 2668 e
1057 2639 1268 2678 sequentibus
1299 2639 1447 2678 ductam,
1475 2652 1550 2681 quae

841 2679 927 2710 hanc
937 2681 1177 2712 correctionem
1186 2682 1282 2713 facile
1289 2683 1445 2716 offerunt.
1468 2685 1548 2723 Szgt'·

830 2721 965 2762 fultam
984 2722 1250 2764 interpretantur
1273 2724 1548 2766 affare-incitam.

840 2764 880 2795 de
894 2764 1047 2804 muliere,
1056 2776 1129 2806 quae.
1138 2766 1276 2800 simulat
1288 2769 1460 2809 gravidum
1474 2776 1549 2800 ute-

841 2817 928 2839 rum.
