1945 3235
343 141 419 176 58⁶2.
836 138 915 176 AD
945 136 1315 176 TREBATIUM

345 241 489 298 legata
510 250 735 284 numerata
755 243 954 299 pecunia.
987 242 1180 299 legatum
1211 249 1357 284 autem
1380 247 1608 297 argentum
1629 248 1709 282 est.
1739 238 1802 282 le·

284 313 335 347 54
349 310 451 357 gata
472 299 606 356 igitur
636 311 861 342 numerata
894 302 1076 358 pecunia
1096 310 1175 342 est.
1236 298 1473 356 Appellant
1502 306 1646 339 autem
1669 297 1802 339 diale-

347 357 450 398 ctici
485 371 579 398 eam
614 358 937 400 conclusionem
973 358 1233 416 argumenti,
1269 358 1311 398 in
1347 371 1445 413 qua,
1479 370 1579 398 cum
1613 355 1804 411 primum

347 415 612 466 assumseris,
635 417 914 471 consequitur
937 417 1125 473 id‚quod
1149 430 1367 457 annexum
1389 424 1468 466 est,
1491 413 1678 470 primum
1697 426 1805 454 con·

348 473 553 514 clusionis
586 473 790 515 modum:
824 488 923 515 cum
956 475 1014 526 id,
1047 474 1162 530 quod
1194 487 1413 515 annexum
1435 481 1515 523 est,
1546 470 1733 526 negaris,
1753 478 1807 511 ut

347 531 392 572 id
415 545 601 587 quoque,
624 532 694 572 cui
718 530 848 572 fuerit
869 546 1105 583 annexum,
1127 532 1377 589 negandum
1399 530 1469 580 sit,
1492 528 1704 570 secundus
1726 541 1806 584 ap-

347 589 532 646 pellatur
563 588 848 629 concludendi
881 590 1058 631 modus:
1092 604 1191 631 curn
1227 599 1372 631 autem
1403 588 1548 643 aliqua
1567 584 1807 641 conjuncta

349 647 536 702 negaris,
561 656 604 686 et
627 645 692 686 his
717 646 800 687 alia
822 647 997 703 negatio
1020 662 1163 688 rursus
1186 647 1454 704 adjungitur,
1476 654 1519 686 et
1539 659 1595 686 ex
1618 643 1686 684 his
1716 642 1807 700 pri-

351 719 471 745 mum
503 704 717 755 sumseris,
750 713 812 754 ut,
841 705 955 760 quod
989 705 1258 760 relinquitur,
1281 704 1518 746 tollendum
1548 702 1630 743 sit:
1663 700 1699 742 is
1720 710 1814 742 ter-¹

290 763 438 803 55tius
470 760 710 817 appellatur
731 762 1022 804 conclusionis
1052 762 1222 803 modus.
1286 762 1351 803 Ex
1375 762 1460 803 hoc
1490 760 1563 802 illa
1582 759 1808 801 rhetorum

353 828 453 860 sunt
484 834 539 860 ex
571 819 798 860 contrariis
821 820 1037 872 conclusa,
1061 835 1158 875 quae
1191 820 1273 876 ipsi
1303 819 1629 875 enthymemata
1659 815 1808 873 appel-

351 877 467 919 lant:
499 891 585 917 non
611 877 725 931 quod
751 893 837 919 uon
860 878 1000 919 omnis
1024 878 1238 919 sententia
1259 877 1435 934 proprio
1454 875 1630 918 nomine
1650 873 1809 930 enthy-

352 950 495 977 mema
517 935 710 978 dicatur:
745 936 834 988 sed,
858 947 904 977 ut
928 936 1146 977 Homerus
1169 944 1347 992 propter
1368 933 1670 976 excellentiam
1687 945 1808 974 com-

352 1007 484 1033 mune
526 1002 749 1048 poetarum
794 1008 952 1035 nomen
992 994 1127 1035 efficit
1168 994 1283 1050 apud
1321 993 1503 1034 Graecos
1546 1004 1697 1041 suum3
1730 989 1809 1042 sic,

353 1065 452 1091 cum
476 1050 616 1091 omnis
654 1052 868 1092 sententia
898 1052 1178 1107 enthymema
1207 1051 1391 1103 dicatur,
1413 1051 1516 1106 quia
1546 1047 1717 1089 videtur
1743 1062 1809 1099 ea,

352 1123 450 1164 quae
481 1123 536 1149 ex
559 1109 785 1150 contrariis
809 1110 1081 1160 conficiatur,
1112 1109 1375 1160 acutissima,
1407 1108 1498 1149 sola
1528 1105 1703 1164 proprie
1731 1120 1811 1146 no-

355 1180 452 1207 men
475 1181 707 1207 commune
739 1167 944 1222 possidet.
1006 1167 1113 1223 Ejus
1137 1167 1305 1224 generis
1326 1167 1423 1208 haec
1455 1176 1569 1207 sunt.
1627 1164 1666 1194 61
1681 1162 1811 1205 Hunc

311 1238 342 1267 b.
356 1231 543 1275 metuere,
565 1222 739 1266 alterum
761 1224 805 1266 in
826 1233 934 1267 metu
956 1240 1037 1267 uon
1050 1223 1233 1281 ponere?
1265 1225 1390 1276 Eam,
1413 1239 1536 1281 quam
1564 1219 1673 1264 nihil
1690 1235 1812 1262 accu-

355 1297 433 1333 sas,
465 1282 660 1323 damnas:
692 1281 810 1324 Bene
844 1298 966 1339 quam
1001 1283 1188 1324 meritam
1220 1298 1296 1324 esse
1330 1290 1532 1334 autumas,
1569 1279 1671 1322 dicis
1705 1277 1814 1321 male

358 1338 536 1381 mereri?
580 1338 650 1391 Id,
682 1340 791 1397 qnod
817 1341 904 1392 πίε,
930 1342 1095 1396 prodest
1124 1340 1253 1382 m'hz'l:
1284 1340 1343 1392 id,
1371 1339 1482 1397 quod
1508 1337 1646 1390 nesci3‚
1669 1334 1812 1379 obest?

278 1394 346 1441 14
362 1397 461 1439 Hoc
483 1397 719 1439 disserendi
743 1412 878 1454 genus
901 1400 1081 1455 attingit
1102 1399 1280 1440 omnino
1300 1409 1659 1454 vestras-quoque
1680 1395 1725 1436 in
1746 1409 1815 1436 re-

295 1466 344 1499 56
359 1455 612 1511 spondendo
644 1456 985 1512 disputationes:
1020 1457 1093 1499 sed
1125 1455 1486 1513 philosophorum
1517 1453 1684 1512 magi53
1714 1453 1812 1509 qui-

359 1514 439 1554 bus
478 1522 543 1554 est
576 1528 676 1554 cum
713 1514 956 1555 oratoribus
993 1514 1066 1556 illa
1103 1528 1158 1554 ex
1201 1515 1544 1570 repugnantibus
1586 1510 1814 1553 sententiis

357 1571 600 1612 communis
640 1570 878 1623 conclusio,
913 1587 1012 1628 quae
1054 1588 1079 1613 a
1115 1571 1352 1613 dialecticis
1385 1571 1537 1613 tertius
1578 1569 1749 1621 modus,
1788 1585 1816 1611 a

356 1628 603 1670 rhetoribus
625 1629 907 1685 enthymema
937 1639 1229 1686 nuncupatur.
1290 1628 1465 1686 Reliqui
1487 1627 1814 1671 dialecticorum

355 1686 476 1728 modi
517 1686 658 1742 plures
701 1697 816 1739 sunt,
853 1688 928 1743 qui
965 1703 1021 1730 ex
1061 1687 1430 1744 disjunctionibus
1470 1694 1698 1728 constant:
1737 1694 1815 1727 aut

356 1744 456 1796 hoc,
479 1755 554 1786 aut
577 1743 705 1787 illud:
737 1744 822 1786 hoc
846 1755 1016 1788 autem:
1048 1760 1136 1787 non
1160 1745 1294 1802 igitur
1315 1745 1434 1787 illud.
1497 1744 1710 1800 Itemque,
1728 1741 1815 1785 hoc

357 1812 447 1854 aut,
464 1811 539 1843 aut
558 1801 661 1844 illud
679 1819 687 1844 :
712 1817 798 1844 non
817 1813 962 1845 autem
981 1803 1087 1846 hoc:
1121 1803 1226 1844 illud
1246 1803 1394 1860 igitur.
1437 1804 1551 1851 Quae
1570 1801 1815 1843 conclusio-

357 1875 434 1901 nes
456 1859 618 1901 idcirco
642 1870 747 1902 ratae
770 1871 884 1913 sunt,
907 1862 1025 1917 quod
1047 1862 1091 1903 in
1113 1861 1407 1917 disjunctione
1438 1861 1532 1918 plus
1555 1875 1642 1901 uno
1665 1873 1816 1901 verum

296 1919 451 1959 57esse
482 1932 567 1959 non
601 1927 761 1974 potest.
819 1918 967 1976 Atque
997 1934 1052 1961 ex
1084 1919 1136 1960 iis
1160 1919 1528 1971 conclusionibus,
1550 1933 1656 1974 quas
1687 1931 1819 1974 supra

359 1975 527 2032 scripsi,
560 1977 691 2032 prior,
713 1987 917 2032 quartus:
948 1977 1177 2034 posterior,
1198 1977 1375 2033 quintus
1405 1993 1429 2019 a
1459 1975 1696 2019 dialecticis
1722 1990 1818 2017 mo-

358 2034 438 2075 dus
461 2033 716 2090 appellatur.
779 2035 950 2078 Deinde
971 2035 1138 2076 addunt
1158 2035 1520 2091 conjunctionum
1547 2033 1816 2091 negantiam,

361 2092 447 2133 sic:
482 2091 585 2133 Non
608 2101 651 2132 et
672 2091 757 2134 hoc
779 2102 858 2144 est,
883 2102 927 2135 et
948 2092 1078 2135 illud:
1111 2092 1195 2134 hoe
1217 2103 1386 2136 autem:
1419 2108 1508 2135 non
1529 2092 1664 2148 igitur
1694 2090 1814 2133 illud.

360 2148 452 2191 Hic
483 2149 636 2191 modus
668 2160 733 2190 est
766 2161 928 2193 sextus.
990 2150 1210 2207 Septimus
1244 2160 1403 2203 autem,
1436 2152 1538 2193 Non
1569 2159 1614 2191 et
1644 2149 1744 2200 hoc,
1773 2158 1819 2189 et

360 2206 489 2249 1llud:
524 2222 610 2248 non
634 2216 777 2249 autem
802 2208 911 2252 hoc:
945 2208 1049 2250 illud
1082 2209 1232 2263 igitur.
1292 2208 1360 2253 Ex
1391 2209 1455 2251 his
1479 2208 1619 2249 modis
1640 2206 1818 2249 conclu-

360 2264 501 2306 siones
535 2265 869 2307 innumerabiles
902 2275 1150 2318 nascuntur,
1176 2267 1219 2308 in
1242 2282 1328 2323 quo
1352 2279 1417 2309 est
1447 2267 1536 2308 fere
1567 2274 1661 2307 tota
1683 2264 1816 2306 diale-

358 2323 487 2364 ctica.
534 2323 618 2364 Sed
644 2337 695 2364 ne
716 2338 778 2365 eae
803 2325 993 2380 quidem,
1015 2339 1120 2382 quas
1143 2327 1343 2381 exposui,
1367 2326 1420 2367 ad
1443 2325 1555 2366 hanc
1576 2323 1816 2365 institutio-

359 2395 459 2421 nem
484 2390 584 2421 sunt
607 2395 875 2424 necessariae.

299 2439 349 2474 58
422 2437 656 2480 Proximus
677 2450 742 2480 est
766 2439 884 2481 locus
907 2455 1048 2482 rerum
1068 2440 1367 2492 efficientium,
1384 2456 1482 2497 quae
1505 2453 1646 2484 causae
1668 2436 1817 2495 appel-

362 2494 529 2537 lantur:
568 2497 724 2538 deinde
762 2512 900 2538 rerum
939 2498 1192 2540 effectarum
1233 2500 1288 2540 ab
1327 2497 1616 2541 efficientibus
1659 2495 1816 2538 causis,

366 2552 535 2593 Harum
558 2555 773 2610 exempla,
796 2565 844 2596 ut
866 2555 1129 2612 reliquorum
1154 2558 1363 2608 locorum,
1388 2555 1529 2612 paullo
1553 2564 1654 2598 ante
1677 2552 1818 2610 posui,

285 2608 407 2658 15et
429 2611 603 2666 quidem
627 2628 681 2652 ex
697 2612 798 2668 jure
821 2613 963 2656 civili:
998 2614 1070 2656 sed
1094 2614 1188 2656 haec
1212 2624 1363 2671 patent
1384 2614 1525 2655 latius.
1576 2612 1816 2657 Causarum

364 2668 500 2724 igitur
521 2683 693 2725 genera,
717 2670 803 2711 duo
827 2681 952 2714 sunt:
985 2687 1135 2725 unum,
1155 2672 1270 2728 quod
1290 2673 1330 2713 vi
1353 2687 1429 2713 sua
1447 2671 1506 2723 id,
1525 2669 1642 2726 quod
1666 2669 1745 2710 sub
1767 2682 1820 2710 ea

403 2826 437 2856 61
469 2825 571 2856 Hunc
599 2831 743 2858 metuere
757 2845 800 2851 —
807 2839 930 2869 ponere
942 2831 958 2860 2⁹
995 2831 1068 2871 ἀτη]
1116 2832 1246 2872 proprie
1259 2831 1391 2868 dicitur,
1407 2836 1458 2862 est
1472 2829 1688 2870 interrogatio
1709 2839 1727 2858 e
1742 2837 1820 2857 con-

361 2868 414 2897 Ssse
439 2869 502 2898 ista
523 2879 598 2899 cuni
617 2870 843 2909 interrogandi
864 2878 944 2902 nota
965 2874 1071 2913 expri-
1115 2875 1238 2911 trariis,
1262 2880 1301 2904 ut
1327 2874 1410 2908 illud
1437 2873 1591 2905 Horatii:
1630 2880 1691 2903 cur
1715 2874 1819 2912 opta-5,

361 2910 480 2942 menda
495 2912 616 2942 curavi.
643 2921 719 2946 nam
742 2913 968 2956 enthymema,
985 2917 1072 2956 quod
1115 2917 1201 2958 quod
1213 2917 1309 2948 habes
1320 2917 1337 2947 .⁷
