1945 3235
581 144 767 184 LIBER
794 141 1120 181 SECUNDUS..
1496 140 1572 176 213

141 247 363 305 quippiam
402 256 624 292 accusator
655 249 847 304 deroget,
878 247 1078 289 omnibus
1113 244 1306 300 partibus
1338 243 1498 298 justius
1529 251 1572 282 et

140 307 404 360 probabilius
432 320 630 348 accusare
652 306 860 347 videatur.
922 304 1036 345 Nam
1066 301 1258 357 superior
1279 301 1415 341 oratio
1439 299 1572 340 581106

138 364 279 404 01111115
310 364 510 414 faciebat,
533 364 595 404 uti
620 362 805 418 judices,
827 361 996 402 etiamsi
1026 359 1203 409 nollent,
1233 371 1405 398 11666556
1434 365 1570 407 6556ῖ;

142 418 236 461 haec
275 431 430 471 autem,
464 421 632 462 etiamsi
666 434 837 461 necesse
869 434 957 460 non
989 427 1113 467 esset,
1147 424 1195 456 ut
1227 414 1384 455 vellent
1420 422 1570 452 contra

132 476 345 533 judicare.
404 478 455 519 Id
485 488 629 518 autem
647 477 735 529 fiet,
763 477 812 527 si,
835 477 991 531 quibus
1015 489 1069 516 ex
1103 473 1208 514 10615
1239 472 1365 527 culpa
1393 465 1657 510 demon-137

139 535 344 576 strabitur
371 549 458 575 non
481 549 571 575 esse
602 535 645 575 in
671 549 737 584 eo,
759 534 833 589 qui
856 532 1192 589 comparatione,
1215 538 1289 570 aut
1319 527 1571 576 remotione,

137 601 213 632 aut
234 592 438 633 relatione
455 592 660 643 criminis,
680 600 755 632 aut
772 590 1061 632 concessionis
1083 588 1277 645 partibus
1301 599 1344 626 se
1366 583 1573 633 defendit,

136 649 210 700 (de
230 649 385 704 quibus
408 657 521 699 ante,
544 658 592 690 ut
622 649 857 704 potuimus,
879 648 1108 704 diligenter
1139 642 1488 701 perscripsimus3
1521 640 1574 681 (16

138 705 204 745 1115
226 706 346 757 10615,
367 721 463 762 quae
492 721 557 747 res
580 706 830 762 postulabit,
853 706 908 746 ad
930 719 1103 746 causam
1133 701 1472 744 adversariorum
1494 698 1575 738 im-

135 764 402 817 probandam
425 764 726 804 transferemus
743 765 773 814 ε)
796 773 870 805 aut
891 777 1031 804 causae
1054 771 1097 801 et
1119 760 1305 802 rationes
1328 756 1572 806 afferentur,

137 834 282 874 quare,
300 829 344 861 et
362 836 450 876 quo
473 821 654 862 consilio
673 821 734 862 ita
754 821 810 861 sit
832 821 876 861 in
897 820 1006 877 lege,
1026 828 1100 860 aut
1122 818 1163 858 in
1188 822 1445 857 testamento
1470 812 1572 853 scri-

137 886 285 931 ptum3
318 887 365 919 ut
404 879 617 920 sententia
653 893 840 935 quoque,
877 888 921 918 et
959 877 1178 918 voluntate
1217 871 1451 928 scriptoris,
1484 885 1572 910 non

135 934 279 990 59ipsa
308 935 445 976 solum
476 937 699 992 scripturae
730 951 859 977 causa
891 935 1194 976 confirmatum
1227 946 1318 972 esse
1349 928 1570 969 videatur:

130 1001 209 1034 aut
229 993 322 1033 aliis
345 1008 517 1049 quoque
537 993 922 1035 constitutionibus
942 992 1104 1033 factum
1127 996 1399 1044 coarguetur.

194 1049 359 1091 Contra
390 1052 599 1107 scriptum
631 1060 775 1091 autem
803 1050 879 1105 qui
901 1050 1029 1100 dicet,
1053 1049 1240 1104 primum
1269 1059 1366 1086 eum
1397 1042 1571 1083 inducet
1583 1041 1655 1095 47

135 1105 293 1159 locum,
317 1122 392 1164 per
420 1123 549 1164 quem
578 1109 758 1163 aequitas
789 1122 931 1148 causae
955 1107 1294 1147 demonstretur:
1327 1110 1401 1142 aut
1429 1111 1662 1146 osten-133

135 1165 223 1216 det,
257 1180 343 1220 quo
381 1167 540 1217 animo,
578 1180 664 1221 quo
697 1164 892 1215 consilio,
931 1179 1016 1219 qua
1053 1163 1106 1203 de
1144 1176 1273 1202 causa
1310 1158 1484 1199 fecerit:
1517 1166 1573 1207 et,

134 1237 438 1278 quamcunque
460 1238 633 1264 causam
664 1231 865 1273 assumet,
895 1219 1170 1262 assumtionis
1203 1217 1398 1274 partibus
1427 1230 1470 1255 56
1503 1214 1576 1254 (16-

137 1280 300 1331 fendet,
322 1280 375 1321 de
396 1280 552 1335 quibus
574 1289 673 1320 ante
693 1280 860 1320 dictum
881 1288 961 1320 est.
1020 1277 1165 1332 Atque
1186 1275 1270 1316 hoc
1293 1274 1336 1314 in
1360 1273 1454 1314 loco
1478 1286 1579 1314 cum.

138 1337 300 1378 diutius
321 1347 626 1388 commoratus,
651 1337 713 1377 sui
739 1336 842 1377 facti
865 1337 1075 1377 rationem
1098 1343 1141 1375 et
1163 1333 1410 1388 aequitatern
1436 1344 1578 1371 causa:

137 1395 426 1445 exornaverit,
451 1404 542 1435 tum
563 1409 617 1435 ex
649 1394 715 1435 his
746 1394 850 1435 locis
881 1393 969 1435 fere
995 1401 1148 1434 contra
1176 1388 1440 1431 adversarios
1462 1387 1581 1427 dicet

137 1461 337 1507 oportere
359 1467 506 1493 causas
538 1452 692 1508 accipi.
755 1451 1098 1501 Demonstrabit,
1122 1448 1282 1489 nullam
1303 1460 1393 1487 esse
1423 1445 1578 1500 legem,

135 1523 235 1564 quae
266 1509 452 1565 aliquam
476 1525 564 1551 rem
595 1509 806 1560 inutilem,
829 1518 903 1549 aut
930 1509 1121 1563 iniquam
1149 1506 1242 1547 fieri
1272 1503 1400 1545 velit:
1432 1501 1578 1543 onmia

138 1566 365 1623 supplicia,
390 1582 487 1622 quae
521 1583 546 1607 a
576 1567 743 1623 legibus
776 1566 1120 1623 proficiscantur,
1149 1563 1290 1618 culpae
1319 1576 1369 1601 ac
1398 1559 1575 1601 malitiae

138 1624 408 1666 vindicandae
432 1639 561 1666 causa
581 1625 819 1667 constituta
839 1638 954 1666 esse:
979 1623 1233 1679 scriptorem
1251 1621 1407 1676 ipsum,
1428 1617 1461 1658 si
1484 1616 1576 1657 exi·
1591 1622 1664 1658 139

133 1689 239 1733 stat,
261 1681 424 1723 factum
446 1682 530 1723 1106
560 1683 867 1739 probaturum:
899 1690 943 1722 et
963 1681 1075 1721 idem
1098 1680 1256 1735 ipsum,
1279 1677 1312 1717 51
1335 1676 1371 1716 61
1397 1674 1491 1716 talis
1514 1688 1579 1713 res

139 1739 380 1790 accidisset,
403 1739 615 1781 facturum
641 1740 795 1781 fuisse:
828 1747 872 1780 et
891 1753 943 1780 ea
972 1753 1016 1780 re
1045 1738 1152 1793 legis
1184 1735 1439 1790 scriptorem
1461 1740 1580 1773 certo

137 1810 194 1837 ex
217 1797 365 1837 ordine
388 1796 574 1851 judioes,
596 1808 713 1838 certa
741 1805 870 1839 aetate
900 1796 1105 1852 praeditos
1128 1792 1417 1841 constituisse,
1441 1802 1488 1831 ut
1516 1803 1580 1829 es-

138 1864 246 1905 sent,
267 1868 356 1894 non
385 1854 459 1909 qui
493 1855 701 1911 scriptum
731 1869 856 1896 suum
888 1854 1132 1903 recitarent,
1156 1850 1272 1906 quod
1303 1849 1443 1904 quivis
1475 1860 1582 1903 puer

138 1910 278 1952 facere
309 1920 468 1967 posset,
492 1912 563 1953 sed
586 1913 659 1967 qui
685 1911 996 1968 cogitationem
1027 1909 1195 1964 assequi
1227 1915 1417 1964 possent,
1439 1914 1482 1945 et
1505 1918 1581 1944 vo-

132 1966 347 2009 luntatem
378 1968 673 2025 interpretari:
706 1968 861 2011 deinde
893 1968 1013 2011 illum
1047 1967 1316 2022 scriptorem,
1348 1964 1383 2004 si
1419 1962 1582 2017 scripta

136 2040 215 2066 sua
244 2025 385 2066 stultis
419 2025 682 2077 hominibus,
712 2036 757 2067 et
788 2025 982 2068 barbaris
1010 2024 1235 2080 judicibus
1270 2020 1578 2069 committeret,

136 2083 283 2125 omnia
313 2098 480 2124 summa
510 2084 737 2140 diligentia
764 2083 1104 2140 perscripturum
1134 2080 1289 2121 fuisse:
1315 2093 1431 2120 nunc
1462 2091 1578 2126 vero,

134 2140 251 2196 quod
289 2141 562 2196 intelligeret,
593 2145 634 2173 ‘50
649 2141 794 2197 quales
834 2141 915 2182 viri
947 2138 1188 2196 judicaturi
1227 2144 1383 2188 essent,
1415 2134 1579 2176 idcireo

136 2212 250 2250 eum,
281 2213 379 2254 quae
408 2199 636 2255 perspicua
665 2199 829 2240 videret
853 2212 958 2249 esse,
989 2212 1076 2239 non
1107 2195 1407 2251 adscripsisse:
1439 2205 1581 2247 neque

135 2256 251 2296 enim
274 2271 349 2297 vos
380 2256 528 2313 scripti
562 2257 627 2297 sui
658 2257 920 2308 recitatores,
950 2255 1023 2296 sed
1057 2254 1289 2295 voluntatis
1323 2252 1577 2307 interpretes

134 2313 227 2353 fore
249 2314 443 2370 putavit:
475 2323 626 2370 postea
646 2328 837 2370 quaerere
858 2314 912 2354 ab
932 2311 1201 2363 adversariis,
1224 2309 1329 2366 quid
1351 2308 1386 2349 si
1408 2307 1492 2350 hoc
1515 2306 1577 2348 fe·
1593 2320 1667 2354 140

135 2472 256 2512 satu-u]
281 2472 419 2504 Variant
440 2472 494 2503 hic
513 2473 587 2503 libri
602 2478 637 2502 et
652 2472 780 2509 Critiei,
801 2477 835 2503 et
878 2473 1001 2503 ria-:ere
1020 2471 1145 2502 librarii
1167 2471 1202 2501 in
1223 2469 1322 2509 hujus
1343 2466 1405 2497 loci
1426 2465 1580 2497 lectione.

137 2513 226 2545 aliud
247 2514 303 2545 alii
325 2515 446 2555 placet,
462 2521 499 2546 ut
519 2516 752 2555 Oudendorpio
766 2516 835 2555 qui·
878 2515 1068 2554 Suspicatus
1097 2512 1272 2553 aliquando
1301 2520 1373 2540 sum
1400 2508 1579 2547 scriptura,

133 2556 239 2594 piam,
261 2557 349 2596 quod
361 2562 396 2588 et
410 2559 473 2588 Gu.
499 2561 525 2588 l.
542 2558 651 2588 habet.
696 2558 767 2597 Ego
783 2557 836 2587 de·
879 2558 948 2587 sine
962 2566 1088 2587 caussa.
1110 2565 1187 2586 nam
1203 2555 1238 2584 in
1254 2553 1311 2583 illa
1322 2552 1465 2583 lectione
1479 2550 1580 2584 etiam

136 2596 271 2645 lendum
290 2604 371 2639 puto
384 2601 597 2638 alterutrum,
613 2605 672 2630 aut
686 2601 765 2640 quid
778 2604 837 2631 aut
879 2600 980 2639 ipsius
993 2599 1113 2638 requiri
1125 2598 1264 2627 videtur.

136 2641 314 2679 qmpl'iffm-
923 2642 964 2672 60
991 2642 1115 2681 ‚Quales
1141 2641 1206 2670 viri
1226 2637 1416 2680 judicaturi
1448 2635 1578 2674 essent]

181 2684 220 2712 58
243 2682 490 2725 Hoc-faciebat]
518 2685 591 2716 Hoc·
604 2695 663 2725 pro
678 2686 741 2715 huc
752 2685 837 2714 Gru·
881 2684 945 2713 Ms.
969 2683 1057 2714 Cass.
1080 2684 1143 2713 Gu.
1167 2685 1196 2713 2.
1220 2686 1253 2712 et
1276 2681 1330 2711 alii
1351 2690 1403 2719 ap.
1423 2678 1524 2709 Gron.
1548 2685 1582 2708 et

137 2727 228 2754 terus
253 2726 372 2766 accipit
399 2728 556 2767 scriptum
584 2728 730 2767 antique.
775 2726 838 2758 Sed
881 2725 1031 2756 Oudend.
1047 2725 1172 2756 addunt
1185 2735 1236 2755 res
1247 2736 1256 2753 :
1283 2722 1369 2762 quod
1383 2721 1464 2751 1111111
1480 2730 1546 2749 non
1562 2731 1582 2750 a

136 2767 183 2798 sie
198 2766 312 2797 Cicero
332 2778 398 2799 non
419 2771 558 2810 scripsit.
605 2770 692 2809 Ergo
715 2769 834 2800 scriba·
878 2769 1018 2799 librariis
1043 2773 1155 2798 ortum
1183 2767 1322 2797 videtur.
1350 2773 1402 2795 res
1425 2762 1583 2804 judicare

139 2815 211 2839 mus
226 2810 300 2846 hnc,
313 2811 340 2841 si
353 2822 426 2843 vera
439 2816 489 2842 est
502 2812 612 2843 lectio.
625 2812 707 2843 Edd.
722 2821 767 2853 pr.
777 2812 836 2842 ha-
878 2811 962 2841 bene
990 2810 1134 2841 latinum
1160 2817 1222 2846 est,
1250 2815 1283 2842 et
1311 2818 1411 2849 prope
1440 2803 1582 2836 formula

138 2850 219 2881 bent
235 2853 309 2882 llfffc-
879 2853 1023 2884 solennis
1036 2854 1072 2883 111
1083 2853 1144 2883 hae
1160 2862 1204 2883 re.

180 2895 221 2927 59
244 2894 323 2934 Ipsa
333 2897 435 2926 solum
446 2898 618 2937 ,scripturae
630 2896 757 2937 causa]
774 2897 839 2928 Va-

836 2945 909 2980 ΡΒ
