1945 3235
620 155 834 198 T'LIBER
859 158 1095 200 PRIMUS.

1517 169 1592 206 155

158 263 250 306 tolli
273 279 396 321 posse
417 273 585 322 putent,
606 273 681 306 aut
709 264 1066 321 propositionem.
1129 266 1240 312 Quae
1272 268 1306 308 si
1333 269 1436 324 quid
1457 270 1591 312 habet

157 323 396 378 probabile,
429 333 503 364 aut
531 322 832 374 necessarium,
855 333 1029 386 quoquo
1061 323 1193 364 modo
1223 338 1495 368 commoveat
1517 344 1592 369 au-

158 379 341 421 ditorem
371 395 542 422 necesse
572 390 652 421 est.

714 380 845 426 Quod
876 394 910 420 si
933 379 1071 420 solum
1093 389 1373 437 spectaretur,
1396 399 1444 423 ac
1469 385 1590 436 nihil,

157 452 244 492 quo
267 448 394 494 pacto
414 447 667 479 tractaretur
687 437 746 488 id,
778 436 893 492 quod
924 437 1224 493 excogitatum
1243 449 1367 490 esset,
1391 440 1589 484 referret:

156 509 428 551 nequaquam
450 498 486 526 13
501 503 668 536 tantum
695 495 806 536 inter
839 508 1029 535 summos
1058 505 1247 536 oratores
1281 505 1324 536 et
1356 497 1590 539 mediocres

157 552 360 594 interesse
381 553 714 594 existimaretur.

775 551 951 592 Variare
973 562 1117 593 autem
1148 554 1387 595 orationem
1409 569 1588 610 magno-
1600 568 1654 605 76

157 625 257 665 pere
275 609 507 667 oportebit.
526 624 626 650 nam
639 609 840 650 omnibus
860 609 904 649 in
921 609 1046 650 rebus
1071 610 1307 652 similitudo
1329 620 1394 652 est
1417 615 1590 653 satieta-

156 667 211 708 tis
234 677 383 709 mater.
444 665 495 707 Id
525 666 618 708 fieri
651 667 825 723 poterit,
846 666 879 706 si
912 681 1000 708 non
1034 668 1229 709 similiter
1260 683 1426 725 semper
1449 670 1592 725 ingre-

156 724 323 765 diamur
351 725 395 766 in
433 725 866 781 argumentationem.

930 724 1044 765 Nam
1073 726 1259 780 primum
1291 741 1484 768 omnium
1519 741 1593 783 ge-

156 782 328 823 neribus
359 781 463 838 ipsis
487 782 751 838 distinguere
782 782 987 823 convenit
1016 783 1270 834 orationem,
1293 784 1376 824 hoc
1398 792 1476 835 est,
1501 794 1592 826 tum

155 840 406 881 inductione
428 839 506 892 uti,
532 848 623 880 tum
658 839 1002 880 ratiocinatione.

1065 839 1235 881 Deinde
1268 842 1311 882 in
1341 842 1434 897 ipsa
1466 857 1593 898 argu-

155 897 423 938 mentatione
446 912 533 938 non
553 911 720 953 semper
742 912 767 938 a
788 897 1084 953 propositione
1102 898 1306 954 incipere,
1326 914 1404 940 nec
1427 914 1594 956 semper

154 955 345 1010 quinque
378 956 573 1011 partibus
603 955 739 1005 abuti,
774 969 913 1010 neque
951 955 1100 995 eadem
1137 957 1303 997 ratione
1339 958 1593 1013 partitiones

157 1009 376 1068 expolire:
411 1013 482 1054 sed
507 1023 597 1054 tum
621 1013 675 1053 ab
698 1012 962 1052 assumtione
980 1013 1169 1069 incipere
1188 1014 1303 1064 licet,
1326 1024 1417 1055 tum
1442 1016 1495 1056 ab
1519 1031 1594 1072 ap-

154 1071 411 1126 probatione
441 1070 657 1121 alterutra,
677 1079 769 1110 tum
792 1079 986 1124 utraque,
1007 1080 1098 1110 tum
1114 1071 1211 1121 hoc,
1231 1080 1322 1112 tum
1338 1071 1410 1113 illo
1433 1087 1590 1128 genere

154 1127 470 1184 complexionis
493 1129 573 1169 uti.

636 1130 673 1157 14
688 1127 737 1168 Id
763 1136 810 1168 ut
830 1127 1129 1183 perspiciatur,
1143 1138 1218 1169 aut
1240 1129 1491 1181 scribamus,
1519 1140 1595 1172 aut

154 1185 199 1225 in
221 1185 417 1240 quolibet
449 1185 648 1242 exemplo
681 1185 733 1225 de
756 1185 822 1235 iis,
852 1199 948 1239 quae
981 1186 1204 1240 proposita
1230 1196 1343 1238 sunt,
1373 1188 1456 1229 hoc
1479 1188 1593 1229 idem

154 1257 446 1295 exerceamus,
470 1253 517 1284 ut
538 1258 667 1299 quam
685 1241 811 1283 facile
831 1240 947 1282 factu
971 1243 1039 1282 sit.

211 1300 278 1342 Ac
300 1300 352 1341 de

154 1367 274 1399 ctum
310 1358 490 1399 videtur.

383 1301 576 1357 partibus
608 1301 783 1356 quidem
818 1301 1204 1356 argumentationis
1235 1301 1337 1342 satis
1370 1303 1496 1343 nobis
1527 1303 1591 1344 di·
1603 1318 1654 1357 77

552 1358 662 1399 Illud
698 1367 843 1398 autem
875 1357 1071 1398 volumus
1110 1358 1308 1415 intelligi,
1341 1375 1419 1400 nos
1459 1361 1594 1416 probe

156 1425 313 1466 tenere,
337 1416 429 1457 aliis
460 1431 632 1472 quoque
666 1414 902 1456 rationibus
936 1417 1108 1456 tractari
1133 1419 1527 1472 argumentationes
1550 1419 1595 1460 in

154 1472 430 1529 philosophia
458 1474 605 1515 multis
637 1484 682 1514 et
711 1473 920 1524 obscuris,
951 1473 1003 1513 de
1025 1474 1182 1529 quibus
1212 1485 1376 1516 certum
1407 1485 1472 1517 est
1493 1477 1596 1517 arti-

154 1530 306 1572 ficium
337 1533 640 1573 constitutum.
701 1531 863 1571 Verum

153 1589 342 1630 oratorio
366 1589 580 1631 videntur.

903 1530 974 1571 illa
1011 1532 1136 1572 nobis
1172 1532 1401 1575 abhorrere
1431 1535 1485 1575 ab
1516 1549 1593 1575 usu
1607 1553 1638 1582 p.
1653 1544 1704 1577 57.

642 1589 753 1635 Quae
785 1589 1000 1644 pertinere
1021 1598 1164 1630 autem
1187 1590 1239 1630 ad
1262 1590 1491 1632 dicendum
1515 1607 1594 1648 pu-
1607 1596 1637 1617 a.

155 1654 310 1698 tamus,
336 1661 387 1688 ea
417 1662 496 1688 nos
532 1646 820 1697 commodius,
854 1661 984 1701 quam
1017 1657 1195 1698 ceteros,
1227 1649 1475 1700 attendisse,
1507 1665 1595 1691 non

154 1704 443 1757 affirmamus3
480 1708 515 1736 15
530 1704 806 1762 perquisitius
829 1713 872 1743 et
894 1704 1142 1760 diligentius
1174 1706 1479 1763 conscripsisse
1502 1707 1596 1763 pol-

153 1761 347 1802 licemur.

153 1833 398 1874 pergemus.

214 1875 512 1933 Reprehensio
531 1887 611 1930 est,
639 1893 715 1935 per
737 1892 866 1934 quam
889 1879 1232 1934 argumentando
1256 1880 1598 1923 adversariorum
1610 1892 1681 1941 4⁶2

409 1763 554 1815 Nunc,
577 1774 626 1804 ut
647 1762 913 1804 instituimus
935 1762 1167 1819 proficisci,
1191 1763 1340 1805 ordine
1360 1765 1413 1806 ad
1433 1764 1597 1821 reliqua

154 1934 427 1976 confirmatio
450 1935 641 1988 diluitur,
664 1945 739 1977 aut
760 1935 1002 1977 infirmatur
1035 1937 1176 1990 16[aut
1195 1936 1435 1993 allevatur]
1486 1938 1598 1981 Haec
1610 1964 1662 2003 78

199 2063 235 2091 13
254 2061 426 2102 Tantum]
444 2063 545 2094 Abest
559 2063 600 2094 ab
615 2062 686 2094 edd.
704 2073 751 2104 pr.
768 2062 855 2103 quod

152 2102 271 2143 placet.
316 2105 444 2136 Primus
460 2106 561 2136 edidit
573 2106 687 2137 Aldus.
732 2106 793 2136 Est
805 2106 854 2136 lo—

153 2156 210 2176 cus
225 2147 312 2177 varie
328 2147 362 2177 in
375 2147 454 2179 Mss.
470 2148 702 2189 interpolatus.

897 2071 996 2101 quem
1013 2062 1082 2093 vide
1098 2062 1284 2100 docentem,
1300 2063 1385 2094 hanc
1398 2073 1483 2105 saepe
1499 2066 1601 2105 parti-

897 2105 1006 2135 culam
1020 2106 1221 2136 inculcatam
1244 2116 1311 2137 essc
1335 2118 1354 2137 a
1376 2107 1516 2138 librariis
1547 2109 1600 2139 vel

897 2149 1146 2178 correctoribus.
1160 2149 1241 2179 Mox
1250 2150 1516 2189 interpunximus
1525 2157 1600 2191 post

171 2192 174 2194 ’
197 2189 850 2231 14Idutperspz'cz'atur,autscribamus]
890 2191 1066 2231 proficisci,
1093 2199 1130 2221 ut
1145 2198 1196 2221 est
1222 2192 1255 2221 in
1280 2192 1368 2223 Cass.
1392 2199 1425 2223 et
1453 2192 1525 2223 aliis
1548 2204 1600 2234 ap.

152 2230 231 2261 Non
256 2237 306 2262 est
333 2243 439 2264 sermo
467 2233 507 2264 de
541 2234 703 2264 facultate
731 2235 854 2265 intelli-

152 2274 262 2313 gendi,
285 2275 341 2305 sed
361 2277 492 2315 agendi,
514 2277 534 2306 i.
548 2288 574 2307 e.
598 2277 763 2308 variandae
782 2287 854 2308 ora-

151 2316 263 2347 tionis.
308 2317 425 2358 Itaque
439 2320 649 2360 perficiatur,
665 2325 725 2350 aut
747 2319 853 2350 simile

153 2359 231 2398 quid
246 2361 434 2399 requiritur.
452 2371 530 2402 nam
545 2367 580 2393 et
602 2362 637 2392 in
652 2362 717 2392 fine
732 2367 794 2400 est,
814 2367 853 2393 ut

140 2401 360 2442 Jizae'lefizetu
371 2404 425 2434 sit.
471 2404 663 2435 San-ibamus
684 2405 745 2435 int.
761 2415 851 2436 exer-

153 2454 286 2475 ceamur
307 2447 496 2484 scribendis,
519 2446 725 2478 elaborandis
755 2458 852 2488 argu-

151 2488 412 2519 mentationibus
431 2490 596 2528 oratoriis,
620 2500 698 2529 quas
722 2496 851 2520 uosmet

154 2529 215 2568 ipsi
228 2531 538 2570 excogitaverimus:
564 2532 651 2572 quod
672 2538 721 2562 est
736 2533 850 2563 diffici-

154 2571 228 2602 lius.
271 2573 388 2612 ltaque
402 2574 543 2605 alterum
557 2581 592 2605 et
605 2575 731 2605 facilius
748 2585 851 2614 genus

154 2615 397 2647 exercitationis
419 2617 522 2654 addit,
546 2618 580 2648 in
602 2628 665 2658 quo
685 2618 851 2658 expolian-

154 2661 211 2686 tur
232 2658 381 2698 exempla
402 2660 442 2690 a'b
466 2660 624 2691 Cicerone
643 2661 853 2701 suppeditata

154 2699 189 2728 in
202 2700 480 2732 antecedentibus.

201 2743 238 2772 15
265 2741 483 2782 Perquisetius
507 2749 538 2775 et
563 2745 635 2785 dih]
661 2745 854 2776 Delevimus

154 2784 212 2814 sed
237 2785 271 2814 in
306 2785 478 2826 principio,
507 2788 592 2827 quod
617 2789 709 2818 abest
734 2799 753 2818 a
775 2788 856 2819 Mss.

154 2826 281 2856 duobus
303 2827 450 2859 Oudend.
474 2834 508 2860 et
531 2830 620 2860 Cass.
635 2831 804 2870 eleganter
818 2836 854 2861 et

155 2869 253 2908 plane
268 2869 484 2902 Ciceroniano
505 2882 596 2903 more
614 2873 649 2902 in
673 2873 732 2903 tali
746 2873 855 2904 forma

155 2911 324 2943 orationis.
369 2913 481 2945 Placet
493 2915 594 2946 etiam
608 2915 854 2957 Oudendorpi0‚

899 2233 984 2263 Oud.
997 2238 1031 2263 et
1039 2233 1110 2264 edd.
1119 2234 1139 2264 J
1144 2239 1215 2264 unt.
1230 2234 1294 2265 Res
1304 2235 1373 2275 ipsa
1382 2236 1429 2265 ita
1441 2235 1599 2275 postulat.

944 2278 980 2306 16
1005 2277 1075 2307 Aut
1088 2277 1293 2317 alleviatum]
1329 2278 1401 2308 Hoc
1415 2278 1485 2308 sine
1500 2278 1600 2309 dubio

897 2318 1044 2358 spurium
1060 2324 1121 2355 est,
1138 2331 1155 2349 e
1178 2319 1285 2359 glossa
1307 2320 1518 2351 semibarbari
1540 2321 1599 2351 ho-

896 2361 995 2391 minis
1018 2367 1146 2397 natum,
1169 2362 1256 2401 quod
1281 2362 1396 2393 deinde
1419 2363 1453 2392 in
1469 2363 1600 2400 melius,

895 2405 1062 2434 allevatur
1089 2411 1147 2435 aut
1175 2407 1317 2441 levatur,
1346 2411 1384 2435 ut
1409 2410 1460 2435 est
1488 2406 1521 2435 in
1548 2405 1599 2436 ed.

893 2446 913 2476 J
917 2453 988 2477 unt.
1004 2446 1139 2477 Mediol.
1152 2453 1320 2478 mutatum
1332 2454 1392 2478 est.
1418 2448 1505 2478 Nam
1518 2448 1600 2479 Mss.

894 2499 1054 2519 consensu
1084 2489 1207 2520 habeut
1233 2491 1423 2520 alleviatur.
1481 2490 1598 2530 ltaque

894 2533 986 2561 uncis
1009 2532 1135 2562 inclusi.
1180 2532 1290 2563 Etiam
1314 2532 1427 2572 paullo
1453 2538 1528 2573 post
1547 2539 1597 2564 est

894 2579 1029 2604 tantum
1042 2575 1171 2609 ,diluere
1194 2580 1253 2605 aut
1268 2576 1453 2616 infirmare,
1475 2580 1510 2605 et
1524 2576 1597 2606 aliis
1633 2589 1636 2592 ⁴

895 2615 986 2647 locis.
1031 2617 1187 2657 Quaeram
1201 2627 1311 2658 porro,
1328 2618 1405 2657 quid
1424 2619 1548 2648 diluere
1561 2623 1598 2649 et

894 2659 1069 2700 infirmare
1096 2659 1260 2696 differant,
1283 2666 1323 2691 ut
1345 2667 1404 2691 aut
1422 2661 1597 2700 interposi-

895 2706 968 2731 tum
984 2702 1047 2732 sit?
1073 2702 1165 2732 Nihil
1182 2703 1340 2743 profecto.
1375 2703 1464 2734 Nam
1479 2703 1513 2732 in
1527 2704 1599 2743 ipsa

897 2746 1097 2775 tractatione
1125 2755 1254 2786 semper
1280 2745 1470 2776 infirmandi
1498 2746 1598 2776 verbo

898 2788 1019 2824 utitur,
1045 2793 1085 2817 ut
1110 2795 1279 2829 appareat,
1303 2798 1370 2819 esse
1393 2794 1527 2817 tantum
1549 2787 1599 2817 di-

897 2839 1004 2860 versos
1031 2835 1157 2870 tropos,
1184 2830 1327 2861 alterum
1346 2830 1451 2861 altero
1471 2829 1599 2869 simpli-

897 2872 1030 2904 ciorem.
1073 2872 1182 2912 Igitur
1195 2873 1290 2904 debet
1313 2883 1380 2904 esse
1404 2877 1511 2913 atque,
1535 2871 1600 2903 nisi

896 2915 942 2946 sic
956 2915 1132 2956 accipimus
1147 2920 1218 2948 aut.
