1945 3235
578 142 762 184 LIBER
795 143 1127 182 SECUNDUS.
1500 146 1572 185 179

135 248 181 292 in
204 252 295 307 pari
329 258 428 292 ante
457 258 636 306 peccato
670 248 893 291 convictus
925 248 994 288 sit.
1056 246 1102 288 Si
1134 245 1178 287 id
1206 260 1294 288 non
1324 247 1506 303 poterit;
1538 248 1572 289 si

133 323 267 363 quam
301 309 344 349 in
375 307 554 349 similem
584 315 683 347 ante
717 306 1005 362 suspicionem
1030 303 1208 354 venerit,
1231 319 1280 344 36
1309 305 1513 356 maxime,
1538 305 1571 346 si

135 366 229 406 fieri
265 366 439 422 poterit,
470 364 599 405 simili
632 364 775 419 aliquo
808 364 851 403 in
882 376 1037 418 genere
1069 361 1263 416 ejusdem
1296 361 1413 401 modi
1445 376 1573 402 causa

134 423 279 478 aliqua
304 430 571 464 commotum
604 435 818 477 peccasse,
848 430 923 460 aut
944 420 988 460 in
1011 433 1133 475 aeque
1155 432 1314 474 magna
1344 432 1401 468 re,
1425 426 1498 457 aut
1528 419 1572 459 in

133 481 312 535 majore,
335 488 408 520 aut
426 479 470 519 in
488 480 678 520 minore:
711 487 760 519 ut
781 478 830 528 si,
849 491 977 532 quem
1000 476 1183 532 pecunia
1203 476 1319 516 (licat
1346 474 1570 515 inductum

132 537 299 588 fecisse,
319 537 455 593 possit
467 536 758 576 demonstrare
771 534 970 590 aliquain
985 548 1028 574 re
1049 536 1088 568 37
1099 533 1191 589 ejus
1210 532 1385 587 aliquod
1406 531 1569 572 factum
1583 541 1614 571 1)-
1630 533 1680 564 66.

134 609 325 636 avarum.
366 593 478 634 Item
499 593 543 633 in
563 593 681 633 omni
704 607 833 633 causa
854 600 1065 642 naturam,
1089 600 1163 632 aut
1185 591 1363 640 victum,
1386 597 1460 629 aut
1479 597 1566 628 stu·
1578 585 1627 656 {⁶3

133 653 268 703 dium,
291 659 364 692 aut
386 650 618 701 fortunam,
642 659 716 691 aut
738 650 898 705 aliquid
930 663 1093 699 eorum,
1112 663 1209 705 quae
1233 646 1425 704 personis
1445 646 1566 687 attri-

132 710 238 751 buta
264 716 376 759 sunt,
407 708 460 749 ad
490 722 584 748 eam
614 722 801 758 causam,
822 722 906 763 qua
927 715 1195 748 commotum
1218 718 1417 761 peccasse
1438 704 1568 754 dicet,

132 767 382 822 adjungere,
406 774 535 821 atque
558 779 612 807 ex
634 765 795 822 dispari
828 779 999 820 quoque
1021 778 1177 820 genere
1199 763 1437 821 culparum,
1461 761 1494 802 si
1515 775 1568 802 ex

132 825 224 881 pari
247 823 441 864 sumendi
475 822 656 864 facultas
686 837 774 864 non
804 823 898 873 erit,
921 822 1166 878 improbare
1199 821 1391 861 animum
1422 819 1572 860 adver-

131 881 232 923 sarii
251 881 496 937 oportebit:
529 889 578 921 ut
609 881 643 922 si
678 881 858 921 avaritia
890 880 1124 920 inductum
1150 893 1304 935 arguas
1339 877 1505 928 fecisse,
1528 886 1571 918 et

128 953 307 980 avarum
330 953 443 990 eum,
466 953 594 993 quern
628 952 816 989 accuses,
839 938 1131 979 demonstrare
1164 950 1251 977 non
1282 935 1444 991 possis;
1477 934 1569 975 aliis

130 996 305 1037 affinem
327 1010 418 1038 esse
449 996 566 1037 vitiis
588 996 758 1047 doceas,
781 1004 824 1036 et
855 1010 909 1036 ex
941 1009 991 1036 ea
1012 1009 1056 1035 re
1089 1009 1176 1035 non
1199 1007 1289 1035 esse
1310 992 1569 1042 mirandum,

129 1054 205 1110 qui
228 1054 272 1095 in
303 1054 375 1095 illa
404 1068 448 1095 re
479 1053 630 1110 turpis,
664 1063 738 1094 aut
760 1053 957 1109 cupidUS,
989 1062 1063 1093 aut
1096 1052 1290 1108 petulans
1322 1049 1465 1100 fuerit,
1488 1048 1570 1090 hac

129 1126 305 1167 quoque
327 1112 370 1153 in
395 1125 439 1152 re
461 1126 559 1152 eum
581 1110 825 1166 deliquisse.
887 1110 1112 1157 Quantum
1135 1109 1250 1150 enim
1273 1108 1325 1149 de
1344 1108 1570 1149 honestate

129 1179 174 1210 et
199 1170 456 1210 auctoritate
477 1168 584 1224 ejus,
609 1169 681 1224 qui
712 1168 920 1224 arguitur,
943 1167 1182 1208 detractum
1206 1174 1284 1216 est,
1314 1164 1569 1205 tantundem

130 1227 184 1267 de
220 1226 426 1268 facultate
458 1227 591 1266 totius
624 1234 688 1266 est
730 1225 993 1266 defensionis
1032 1224 1317 1265 deminutum.
1380 1222 1425 1262 Si
1462 1216 1630 1262 nulli84

130 1285 271 1326 affinis
293 1284 453 1340 poterit
465 1284 572 1324 vitio
594 1297 689 1324 reus
712 1292 811 1323 ante
832 1282 1020 1323 admisso
1042 1279 1351 1332 demonstrari3
1374 1279 1570 1320 106115111-

128 1342 311 1383 ducetur
338 1341 420 1392 ille,
451 1355 528 1396 per
557 1356 685 1396 quem
718 1340 920 1381 hortandi
943 1339 1114 1395 judices
1136 1347 1276 1388 erunt,
1306 1347 1355 1378 ut
1386 1345 1573 1378 veterem

130 1398 290 1440 famam
318 1398 520 1450 hominis,
547 1398 656 1439 nihil
683 1398 736 1439 ad
766 1412 856 1439 rem
896 1406 1050 1453 putent
1081 1396 1310 1453 pertinere.
1342 1409 1443 1435 nam
1473 1407 1573 1434 eum

130 1465 230 1497 ante
260 1455 432 1507 celasse,
464 1471 579 1498 nunc
611 1455 844 1497 manifesto
876 1455 1034 1507 teneri3
1082 1468 1213 1510 quare
1247 1468 1336 1494 non
1371 1459 1571 1508 oportere

128 1513 242 1555 hanc
262 1528 352 1555 rem
374 1528 429 1554 ex
462 1513 670 1569 superiori
705 1514 792 1555 vita
814 1514 1012 1569 spectari,
1048 1512 1121 1553 sed
1152 1511 1414 1567 superiorem
1437 1510 1573 1551 vitam

129 1585 184 1612 ex
207 1570 290 1612 hac
311 1586 356 1612 re
385 1571 638 1628 improbari,
661 1579 706 1612 et
738 1581 812 1612 aut
835 1579 1095 1626 potestatem
1131 1579 1230 1609 ante
1252 1567 1461 1624 peccandi
1484 1581 1572 1607 non

128 1627 274 1680 fuisse,
297 1637 372 1670 aut
405 1644 599 1670 causam:
635 1637 723 1680 aut,
756 1629 790 1669 si
822 1627 919 1669 haec
942 1628 1027 1669 dici
1057 1642 1144 1668 non
1178 1635 1396 1683 poterunt,
1426 1625 1574 1665 dicen-

129 1686 233 1727 dum
256 1686 339 1727 erit
361 1685 464 1727 illud
487 1695 745 1738 extremum,
764 1700 854 1726 non
876 1699 967 1726 esse
998 1685 1170 1735 mirum,
1194 1685 1229 1724 si
1252 1698 1366 1724 nunc
1386 1682 1572 1739 primum

129 1743 371 1798 deliquerit.
402 1746 552 1785 38113111
581 1758 755 1785 necesse
788 1752 866 1795 est,
900 1757 1013 1793 eum,
1044 1742 1118 1798 qui
1150 1741 1253 1782 velit
1274 1754 1467 1797 peccare,
1498 1738 1574 1779 ali-

129 1801 302 1856 quando
326 1800 513 1857 primum
553 1801 814 1856 delinquere.
877 1800 953 1841 Sin
986 1801 1076 1841 vita
1105 1808 1204 1840 ante
1234 1808 1331 1839 acta
1352 1796 1574 1853 ignorabi-

131 1867 215 1909 tur,
247 1858 332 1899 hoc
365 1859 461 1899 1060
495 1858 732 1915 praeterito,
755 1867 798 1899 et
828 1873 905 1898 cur
939 1866 1231 1914 praetereatur,
1261 1855 1572 1904 demonstrato,

129 1916 395 1972 argumentis
415 1916 733 1957 accusationem
757 1915 903 1956 statim
926 1915 1181 1956 confirmare
1199 1912 1435 1969 oportebit.

187 1973 404 2014 Defensor
425 1985 569 2014 autem
592 1973 794 2029 primum,
817 1973 851 2013 si
882 1973 1057 2029 poterit,
1089 1972 1267 2013 debebit
1298 1970 1432 2012 vitam
1462 1967 1569 2023 erS,
1587 1963 1651 2012 11

128 2031 202 2086 qui
226 2030 559 2082 insinmlabitur,
579 2046 708 2086 quam
724 2031 1073 2071 honestissimam
1091 2030 1399 2070 demonstrare.
1431 2026 1482 2067 Id
1506 2025 1569 2066 fa-
1580 2035 1632 2071 35

127 2089 228 2140 ciet,
252 2088 286 2129 si
309 2088 507 2130 ostendet
528 2089 670 2144 aliqua
688 2088 781 2143 ejus
801 2097 905 2129 nota
927 2096 970 2128 et
992 2086 1241 2128 communia
1261 2086 1431 2126 officia:
1454 2083 1571 2139 quod

128 2160 280 2202 genus,
303 2146 346 2186 in
382 2155 594 2202 parentes,
629 2155 854 2201 cognatos,
885 2145 1063 2196 amicos,
1095 2145 1259 2194 affines,
1283 2142 1571 2183 necessarios:

129 2204 260 2244 etiam
283 2218 380 2259 quae
402 2204 542 2260 magis
564 2218 658 2244 rara
686 2212 730 2243 et
751 2203 914 2244 eximia
935 2212 1048 2254 sunt,
1083 2203 1115 2242 si
1139 2202 1194 2242 ab
1217 2215 1268 2242 eo
1291 2215 1392 2241 cum
1413 2213 1575 2255 magno

128 2260 272 2317 aliquo
292 2261 451 2312 labore,
470 2269 545 2301 aut
568 2260 772 2317 periculo,
793 2271 868 2301 aut
890 2270 1070 2315 utraque
1092 2273 1150 2310 re,
1174 2273 1273 2300 cum
1295 2271 1469 2298 necesse
1486 2271 1575 2296 non

129 2327 255 2370 esset,
274 2318 408 2359 officii
431 2333 573 2369 causa,
597 2327 670 2359 aut
693 2318 736 2358 in
760 2317 1087 2373 rempublicam,
1111 2325 1185 2357 aut
1207 2317 1251 2357 in
1271 2323 1483 2371 parentes,
1502 2322 1576 2354 aut

131 2375 174 2417 in
197 2375 363 2431 aliquos
383 2389 546 2426 eorum,
569 2375 644 2430 qui
667 2376 796 2416 modo
819 2375 1009 2431 expositi
1031 2383 1146 2425 sunt,
1169 2377 1209 2409 39
1224 2373 1389 2413 factum
1411 2371 1576 2426 aliquid

131 2447 222 2474 esse
243 2434 381 2475 dicet:
414 2433 570 2473 deinde
594 2433 628 2473 si
662 2433 771 2474 nihil
805 2433 1049 2487 deliquisse,
1071 2431 1189 2472 nulla
1222 2430 1462 2486 cupiditate
1496 2429 1578 2468 im-

132 2491 327 2546 peditum
349 2491 403 2531 ab
435 2490 581 2531 officio
613 2491 850 2533 recessisse.
874 2490 990 2544 quod
1013 2504 1064 2530 eo
1087 2488 1384 2530 confirmatius
1406 2485 1503 2537 erit,
1527 2486 1578 2536 si,

132 2561 232 2590 cum
253 2558 443 2604 potestas
467 2549 644 2604 impune
674 2547 835 2603 aliquid
857 2547 1046 2588 faciendi
1077 2546 1219 2587 minus
1242 2546 1422 2586 honeste
1445 2543 1578 2584 fuisse

175 2693 214 2724 37
232 2690 318 2729 Eius
331 2692 489 2732 aliquod]
516 2691 606 2732 Ejus
619 2691 750 2722 videtur
764 2700 832 2721 esse
877 2689 1036 2720 mandum
1058 2689 1103 2726 id,
1119 2689 1206 2729 quod
1227 2687 1384 2729 praeeedit
1397 2700 1404 2718 z
1429 2688 1476 2718 sic
1489 2693 1580 2726 ante,

132 2732 241 2764 alieno
256 2733 342 2763 loco:
369 2734 500 2765 melius:
524 2734 596 2776 ejus
612 2735 714 2774 possit
728 2734 759 2764 d.
775 2735 834 2764 &c.
877 2742 957 2763 nam
976 2743 1050 2763 eum
1072 2736 1150 2762 ante
1163 2734 1298 2763 celasse.-
1322 2735 1356 2761 et
1369 2731 1415 2761 sic
1429 2740 1525 2772 saepe.
1550 2741 1579 2761 v-

133 2776 196 2806 nisi
223 2786 281 2816 pro
305 2785 400 2815 quem
424 2776 632 2808 scribendum
645 2777 712 2816 qui.
770 2775 835 2806 Ms.
879 2780 913 2805 et
929 2786 957 2805 c.
979 2778 1025 2809 19.

134 2818 222 2849 Cass.
237 2818 376 2858 quidem.
920 2821 961 2851 39
984 2817 1124 2848 Factum
1149 2816 1278 2856 aliquid
1294 2815 1384 2855 essa]
1417 2815 1470 2845 Sic
1492 2818 1581 2845 reete

175 2863 215 2890 38
232 2861 329 2891 Nam
349 2870 472 2892 necesse
493 2861 565 2900 εει]
590 2861 742 2892 Arbitror
756 2860 833 2890 scri·
877 2860 958 2890 Mss.
975 2860 1110 2900 optimi:
1134 2858 1234 2890 multi
1249 2858 1431 2899 etfaciam
1457 2856 1580 2897 simpli-

134 2902 292 2942 bendum,
322 2912 403 2934 esse.-
426 2904 574 2945 pertinet
599 2903 689 2934 euim
716 2902 757 2933 ad
778 2903 834 2932 fir·
879 2903 962 2933 citer
972 2902 1107 2934 habent.

801 2951 883 2987 ΝΩ
