1914 3220
343 137 385 178 lii
847 139 1242 184 PRAEFATIO.

340 251 486 283 textus
509 243 561 285 ad
582 253 775 287 nostrum
799 261 933 303 usque
956 257 1124 304 tempus
1146 249 1287 289 minus
1308 255 1525 290 correctus
1553 249 1774 300 manserit,

338 326 469 366 quam
493 314 759 369 superiorum
783 314 976 368 illorum;
1008 325 1157 372 estque
1180 317 1223 357 in
1248 317 1297 357 iis
1328 316 1458 357 etiam
1490 316 1604 358 haud
1627 316 1771 373 paullo

337 379 556 420 difficilior
576 381 832 422 emendandi
854 383 978 423 ratio.
1041 382 1091 424 Id
1113 398 1211 424 cum
1243 398 1268 424 a
1297 383 1433 424 multo
1467 392 1659 439 tempore
1681 384 1774 425 ani-

335 447 706 499 madverterimus,
728 449 1085 502 existimavimus,
1109 466 1200 502 nos,
1225 451 1266 491 in
1299 450 1514 507 Operibus
1547 451 1774 492 Ciceronis

338 516 571 556 tractandis
624 526 666 557 et
706 517 983 572 castigandis,
1026 518 1067 559 id
1111 519 1305 575 inprimis
1355 533 1481 575 agere
1523 519 1692 570 debere,
1726 526 1777 559 ut

337 581 403 623 his
435 583 552 623 libris
577 584 884 639 integritatem,
916 585 949 624 si
983 600 1218 640 possemus,
1242 586 1586 638 restitueremus3
1618 586 1653 627 si
1686 585 1773 627 vel-

336 650 470 691 lemus
514 666 636 692 novae
686 652 943 692 recensionis
984 652 1281 694 Ciceroniana:
1322 654 1472 695 melius
1520 653 1774 710 exemplum

336 718 562 759 conficere.
626 720 769 764 Quam
797 733 885 760 rem
919 720 1150 775 quomodo,
1174 721 1217 761 in
1249 721 1314 762 his
1345 722 1518 776 quidem
1548 720 1775 762 rhetoricis

334 787 470 836 libris,
493 787 647 841 quibus
669 787 881 843 praesidiis
905 787 1118 839 instructi,
1140 788 1369 845 egerimus,
1391 804 1471 845 age
1493 789 1774 845 explicemus.

336 859 394 900 Et
423 860 626 915 quoniam
661 860 704 901 in
740 861 821 901 hoc
855 861 1060 902 librorum
1095 861 1407 903 rhetoricorum
1446 876 1641 918 corpore,
1673 861 1773 903 libri

335 928 488 969 incerti
525 928 712 969 auctoris
743 927 798 967 ad
835 927 1091 968 Herennium
1124 929 1262 970 solent
1301 929 1518 980 collocari,
1556 930 1687 970 etiam
1726 929 1772 972 in

334 995 544 1053 exemplis
568 995 780 1052 plerisque
803 995 941 1051 primo
963 995 1074 1047 loco,
1094 996 1147 1036 ab
1168 995 1233 1037 his
1255 996 1426 1038 dicendi
1446 997 1618 1039 initium
1641 997 1773 1040 facie-

333 1079 443 1105 mus.

391 1131 561 1173 Nullius
600 1139 744 1173 autem
777 1132 883 1173 alius
914 1132 1010 1174 libri
1039 1132 1243 1174 rhetorici
1278 1140 1343 1174 tot
1375 1133 1575 1190 exempla
1614 1134 1775 1191 scripta

332 1200 602 1256 reperiuntur
632 1200 676 1240 in
709 1200 999 1242 bibliothecis.
1062 1201 1226 1242 Caussa
1256 1210 1335 1252 est,
1366 1202 1482 1256 quod
1517 1201 1561 1242 in
1595 1202 1646 1243 iis
1681 1211 1775 1243 tota

332 1283 397 1309 ars
422 1268 635 1309 rhetorica
667 1269 720 1309 ad
750 1283 851 1309 usus
879 1269 1137 1310 discentium
1163 1269 1350 1310 breviter
1382 1281 1425 1310 et
1459 1269 1674 1310 subtiliter
1696 1269 1771 1311 de-

332 1336 492 1392 scripta
521 1347 598 1387 est,
634 1344 817 1391 suntque
842 1346 1049 1392 praeterea
1079 1336 1131 1378 ad
1169 1336 1410 1378 docendum
1441 1336 1631 1392 quidem,
1653 1346 1696 1379 et
1717 1337 1773 1379 ad

330 1415 466 1444 artem
491 1404 733 1445 universam
765 1404 1126 1460 cognoscendam,
1158 1405 1309 1445 ceteris
1341 1405 1772 1447 accommodatiores.

332 1471 425 1512 Nos
448 1471 621 1527 quidem
646 1471 688 1512 iu
722 1486 871 1513 eorum
907 1480 1030 1513 textu
1062 1472 1316 1528 castigando
1349 1480 1534 1528 quatuor
1557 1472 1773 1515 Codicum

331 1539 562 1595 Execrptis
587 1540 758 1596 proprie
781 1540 844 1581 usi
869 1554 1039 1582 sumus:
1072 1554 1171 1581 nam
1190 1541 1242 1581 de
1265 1540 1331 1591 iis,
1353 1541 1510 1596 quibus
1533 1540 1772 1596 superiores

329 1608 517 1648 editores
540 1608 604 1648 usi
625 1617 739 1658 sunt,
756 1608 898 1649 dicere
919 1623 1006 1649 non
1026 1608 1197 1649 attinet.
1258 1607 1452 1648 Primum
1476 1608 1773 1664 suppeditavit

332 1675 609 1717 Bibliotheca
631 1685 778 1716 nostra
802 1675 1024 1728 Paullina3
1055 1675 1236 1717 alterum
1269 1675 1545 1717 Bibliotheca
1572 1674 1772 1718 Winkleri

331 1743 384 1783 V.
404 1742 491 1784 III.
515 1743 588 1798 qui
605 1757 704 1784 eum
722 1743 764 1784 in
786 1743 913 1784 Italia
933 1751 1110 1794 emerat,
1129 1751 1359 1799 utrumque
1373 1744 1772 1796 membranaceum;

326 1811 504 1851 tertium
529 1810 806 1852 Bibliotheca
828 1810 1186 1867 Guelferbytana,
1211 1811 1326 1852 hunc
1359 1825 1531 1866 quoque
1562 1811 1607 1852 in
1637 1825 1772 1852 mern-

330 1880 463 1919 brana
485 1879 718 1935 scriptum:
751 1879 893 1934 quarti
927 1877 1146 1934 Excerpta
1167 1878 1211 1919 in
1233 1878 1433 1934 exemplo
1455 1878 1772 1935 Verburgiano‚

330 1947 482 2002 ignota
521 1947 648 1988 nobis
680 1961 809 1987 manu
841 1946 1015 2002 scripta,
1037 1946 1283 1997 habuimus,
1305 1946 1422 2002 quod
1446 1945 1549 1987 olim
1570 1960 1594 1987 e
1616 1945 1773 1988 biblio-

330 2015 457 2055 theca
488 2014 697 2056 Cortiana
737 2028 990 2055 emeramus.
1059 2013 1232 2055 Horum
1262 2013 1522 2055 lectionibus
1555 2028 1772 2055 accessere

330 2091 536 2138 excerpta
555 2082 764 2123 librorum
788 2082 1061 2138 scriptorum,
1084 2096 1198 2136 quae,
1217 2081 1271 2122 ab
1296 2079 1620 2136 Oudendorpioe
1635 2080 1770 2124 MSS.

330 2150 524 2205 pluribus
559 2164 717 2205 magna
755 2149 982 2205 diligentia
1020 2149 1216 2200 collecta,
1249 2148 1384 2190 edidit
1427 2147 1478 2190 P.
1505 2147 1773 2191 Burmannus

333 2216 552 2268 Secundus,
574 2217 629 2257 V.
653 2216 705 2257 C.
729 2217 780 2258 ad
803 2216 963 2258 calcem
991 2216 1179 2273 exempli
1213 2215 1475 2258 recensionis
1505 2216 1769 2268 Graevianae‚

330 2285 445 2340 quod
465 2286 519 2326 ab
538 2299 589 2326 eo
611 2294 710 2325 ante
733 2299 866 2325 annos
885 2299 972 2326 non
994 2284 1152 2325 multos
1171 2284 1335 2325 editum
1357 2292 1436 2325 est.
1481 2288 1485 2294 '

389 2353 472 2394 Sed
512 2352 683 2409 scriptis
725 2352 859 2404 libris,
903 2367 1000 2408 quae
1042 2351 1237 2393 formulis
1280 2350 1610 2409 typographicis
1653 2351 1772 2394 facta

331 2420 530 2476 exempla
561 2420 901 2475 adjunxerimUS,
942 2434 1076 2475 eaque
1114 2420 1208 2476 ipsa
1244 2420 1388 2475 qualia
1425 2420 1771 2476 cognoverimus,

331 2488 562 2529 dicendum
591 2488 783 2529 videtur:
816 2488 889 2529 sed
921 2487 1094 2530 seclusis
1126 2487 1336 2543 exemplis
1376 2486 1570 2543 Operum
1600 2487 1772 2530 univer-

333 2571 491 2597 sorum.
566 2555 750 2607 Primus,
792 2556 908 2611 quod
947 2555 1120 2611 quidem
1162 2555 1459 2610 repererimus,
1501 2554 1580 2596 hos
1621 2555 1771 2607 libros,

333 2639 432 2665 cum
466 2624 760 2665 Ciceronianis
793 2623 841 2664 de
873 2622 1127 2674 Inventione,
1159 2623 1294 2664 edidit
1325 2622 1520 2663 formulis
1553 2623 1640 2663 suis
1669 2622 1767 2665 Nic.

334 2693 489 2734 Jenson
512 2691 705 2732 Venetiis
733 2697 852 2737 1470.
888 2691 919 2732 f.
953 2690 1076 2746 cujus
1109 2687 1311 2731 editionis
1343 2689 1589 2746 exemplum
1621 2689 1706 2730 fuit
1723 2691 1769 2732 in

337 2759 611 2800 Bibliotheca
655 2758 707 2799 V.
731 2758 782 2800 C.
822 2758 870 2799 de
902 2757 1028 2800 Boze.
1099 2758 1258 2799 Curam
1292 2757 1578 2799 concinnandi
1622 2766 1769 2800 textus

333 2827 488 2868 habuit
514 2826 778 2879 Omnibonus,
799 2835 846 2868 ut
868 2841 1012 2870 versus
1035 2826 1234 2883 subJeeti,
1256 2840 1363 2882 quos
1386 2825 1429 2868 in
1453 2824 1665 2882 Catalogo
1695 2824 1771 2866 Bi-
