1945 3235
379 123 428 158 9⁴
844 118 922 158 AD
959 117 1332 157 HERENNIUM

319 227 369 260 39
439 221 731 263 Commutatio
753 230 830 273 est,
852 236 948 264 cum
968 223 1063 264 duae
1086 223 1307 263 sententiae
1330 222 1439 263 inter
1452 235 1494 262 se
1507 220 1792 279 discrepantes

380 292 433 318 ex
459 277 759 333 transiectione
793 280 853 320 ita
882 279 1128 330 efferuntur,
1158 289 1205 320 ut
1233 294 1259 319 a
1288 279 1426 335 priore
1449 279 1669 334 posterior,
1689 293 1795 321 cona-

382 335 511 375 truria
536 336 679 391 priori,
703 335 1009 391 proficiscatur,
1044 337 1124 377 hoc
1156 335 1307 377 modo:
1333 334 1434 376 Esse
1456 343 1639 390 oportet,
1661 346 1708 376 ut
1730 337 1792 376 vi-

382 405 480 441 vas;
501 406 584 433 non
610 393 763 443 vivere,
786 403 833 433 ut
860 393 974 433 edas.
1035 392 1158 442 ltem,
1182 391 1239 433 lia
1263 406 1304 432 re
1334 391 1534 447 poemata
1558 405 1643 432 non
1666 391 1793 443 facio,

380 449 746 504 quia,cujusmodi
768 449 877 499 volo,
893 463 977 490 non
997 464 1191 505 possum3
1213 448 1280 504 cuj
1290 448 1454 489 usmotli
1477 462 1663 504 possum,
1678 448 1793 490 nolo.

383 504 508 555 Item,
532 508 641 552 Quae
660 507 712 547 de
735 505 804 546 illo
825 506 1040 557 dicuntur,
1061 506 1145 547 dici
1168 520 1250 546 non
1272 514 1470 561 possunt3
1488 519 1584 560 quae.
1598 505 1682 546 dici
1697 519 1794 560 pos-

381 572 493 610 sunt,
525 577 608 603 non
642 562 855 603 dicuntur.
916 561 1041 614 Item,
1065 562 1109 603 Si
1134 564 1287 618 po'ema
1315 562 1488 617 loquens
1519 562 1686 617 pictura
1705 570 1793 613 est;

381 619 547 674 pictura
580 620 755 660 tacitum
790 619 945 676 po'e'ma
975 619 1103 660 debet
1131 634 1234 660 esse.
1297 618 1420 670 Item,
1444 622 1483 651 49
1499 618 1615 663 Quia
1642 617 1794 659 stultus

380 690 438 723 es,
458 690 506 715 ea
525 690 568 716 re
588 686 725 726 taces3
745 691 828 717 non
850 686 1005 726 tamen,
1023 676 1124 731 quia
1143 685 1270 726 taces,
1289 690 1339 717 ea
1357 690 1398 716 re
1421 675 1572 716 stultus
1591 689 1648 715 es.
1694 675 1792 716 Non

381 743 522 787 potest
543 733 643 782 diei,
665 735 845 787 5⁰quam
863 734 1087 774 commode
1107 732 1194 782 fiat,
1213 747 1309 773 cum
1329 733 1552 773 contraria}
1572 731 1794 773 sententiae

380 788 654 829 translatione
676 790 802 830 verba
822 803 992 845 quoque
1010 799 1325 830 eomertautur.
1388 790 1515 831 Plura
1536 788 1795 844 subjecimus

378 845 590 901 exempla,
622 856 681 895 ut,
703 847 906 901 quoniam
939 846 1113 886 difficile
1145 856 1209 886 est
1239 846 1320 887 hoe
1350 861 1483 902 genus
1505 845 1797 886 exornationis

380 902 569 952 inventu,
591 902 824 944 dilucidum
847 911 969 951 esset,
992 905 1027 932 5¹
1045 912 1106 953 ut,
1128 917 1226 944 cum
1252 903 1358 944 bene.
1387 912 1497 944 esset
1519 902 1796 953 intellectum,

381 958 545 999 facilius
565 959 606 999 in
625 960 806 1000 dicendo
830 959 1103 1000 inveniretur.

297 1017 367 1071 ‘29
438 1015 666 1056 Permissio
697 1025 775 1066 est,
797 1030 895 1057 cum
922 1015 1184 1057 ostendimus
1215 1016 1257 1056 in
1287 1016 1483 1068 dicendo,
1505 1031 1583 1058 nos
1611 1016 1794 1071 aliquam

379 1087 462 1113 rem
490 1082 623 1113 totam
647 1074 809 1114 tradere
822 1084 865 1114 et
878 1073 1109 1114 concedere
1127 1072 1306 1127 alicujus
1322 1073 1546 1124 voluntati,
1568 1073 1653 1114 sie:
1674 1073 1795 1120 Quo-

378 1129 492 1170 niam
514 1131 713 1171 omnibus
732 1131 856 1171 rebus
878 1130 1047 1186 ereptiS‚
1067 1132 1106 1160 5⁴2
1120 1129 1231 1170 solus
1246 1140 1437 1186 superest
1457 1129 1624 1171 animus
1640 1137 1684 1170 et
1704 1143 1798 1170 cor·

378 1201 469 1241 pus,
495 1187 586 1228 haec
609 1188 713 1243 ipsa,
736 1202 832 1242 quae
857 1187 960 1227 mihi
990 1187 1042 1227 de
1072 1187 1215 1227 multis
1243 1188 1332 1228 sola
1361 1187 1508 1228 relicta
1539 1194 1651 1237 sunt,
1674 1186 1796 1228 vobis

377 1254 421 1283 et
443 1254 593 1285 vestrae
623 1245 821 1285 condono
844 1244 1061 1300 potestati.
1121 1243 1207 1284 Vos
1230 1258 1311 1294 me,
1333 1259 1418 1299 quo
1441 1252 1568 1300 pacto
1592 1243 1712 1285 vobis
1736 1243 1798 1284 vi-

376 1300 560 1350 debitur,
590 1302 784 1352 utamini,
818 1311 945 1356 atque
974 1300 1210 1341 abutamini
1240 1300 1387 1342 licebit
1419 1301 1614 1355 impune:
1638 1300 1682 1342 in
1715 1314 1798 1351 me,

377 1358 582 1412 quicquid
613 1358 731 1409 libet,
762 1359 958 1399 statuite:
988 1357 1131 1408 dieite,
1155 1367 1282 1412 atque
1316 1359 1638 1413 obtemperabo.
1699 1356 1798 1398 Hoc

377 1428 510 1469 genus
542 1416 707 1456 tametsi
741 1415 842 1455 alias
875 1429 1044 1470 quoque
1074 1429 1380 1469 nonnunquam
1413 1414 1684 1456 tractandum
1716 1424 1799 1464 est,

379 1482 518 1511 tamen
542 1473 594 1512 ad
613 1472 945 1513 misericordiam
967 1471 1320 1512 commovendam
1345 1471 1714 1512 vehementissime
1734 1481 1798 1511 est

379 1529 763 1570 accommodatum.

318 1594 369 1625 4ο
439 1584 666 1626 Dubitatio
679 1596 756 1637 est,
776 1601 873 1627 cum
892 1600 1080 1641 quaerere
1099 1584 1266 1626 videtur
1284 1594 1441 1637 orator,
1461 1593 1602 1626 utrum
1620 1583 1674 1625 de
1693 1584 1799 1626 duo-

382 1642 458 1682 bus
478 1643 634 1697 potius,
657 1652 730 1683 aut
751 1643 853 1698 quid
876 1643 928 1684 de
951 1642 1141 1698 pluribus
1162 1642 1430 1698 potissimum
1451 1643 1582 1693 dicat,
1603 1641 1686 1682 hoe
1706 1655 1799 1682 mo-

381 1698 461 1740 do:
487 1698 643 1740 Obfuit
663 1714 713 1740 eo
737 1711 927 1756 tempore
950 1699 1177 1755 plurimum
1201 1699 1446 1755 reipublicae
1466 1698 1688 1740 consulum
1710 1698 1799 1739 sive

381 1756 621 1807 stultitiam,
663 1757 752 1798 sive
793 1757 996 1798 malitiam
1037 1757 1176 1797 dicere
1209 1765 1393 1812 oportet,
1425 1756 1514 1797 sive
1556 1765 1802 1811 utrumque.

335 1812 507 1864 b·1te1n‚
530 1813 593 1854 Tu
617 1814 730 1855 istud
752 1829 876 1855 ausus
898 1828 942 1855 es
964 1814 1118 1864 dicere,
1149 1813 1277 1854 homo
1309 1813 1503 1854 omnium
1530 1812 1800 1854 mortalium?

379 1872 418 1899 53
432 1884 530 1910 nain
549 1885 633 1926 quo
657 1881 712 1922 te,
732 1871 864 1926 digno
883 1871 1073 1912 moribus
1093 1870 1191 1921 tuis,
1210 1869 1418 1926 appellem
1436 1869 1634 1912 nomine?
1656 1868 1800 1925 Expe-

380 1925 488 1968 ditio
521 1937 598 1978 est,
628 1943 726 1969 eum
757 1928 993 1969 rationibus
1026 1927 1318 1983 compluribus
1345 1927 1616 1977 enumeratis,
1645 1927 1802 1981 quibus

380 1982 522 2039 aliqua
544 1999 606 2025 res
625 1995 699 2026 aut
728 1985 818 2026 fieri
845 1994 919 2025 aut
944 1999 1030 2025 non
1052 1984 1143 2025 fieri
1171 1985 1372 2040 potuerit,
1394 1992 1547 2025 ceterae
1577 1983 1798 2034 tolluntur,

381 2053 465 2080 una
481 2041 747 2097 relinquitur,
766 2056 893 2096 quam
923 2056 1001 2082 nos
1028 2041 1302 2091 intendimus,
1325 2041 1407 2081 hoc
1434 2041 1589 2081 modo:
1615 2039 1800 2081 Necesse

377 2106 456 2147 est,
479 2112 576 2138 cum
599 2107 767 2139 constet
788 2099 916 2139 istum
935 2101 976 2130 54
989 2098 1168 2138 fundum
1199 2107 1390 2138 nostrum
1413 2096 1557 2147 fuisse,
1586 2098 1800 2147 ostendas,

380 2162 421 2194 te
438 2163 513 2194 aut
530 2157 569 2185 ⁵⁵
584 2170 765 2196 vacuum
788 2155 1038 2210 possedisse,
1052 2164 1125 2195 aut
1138 2169 1215 2194 usu
1235 2165 1355 2195 tuum
1371 2154 1533 2204 fecisse,
1547 2161 1622 2194 aut
1634 2153 1799 2203 emisse,

379 2219 454 2251 aut
490 2211 725 2254 hereditate
756 2213 834 2253 tibi
866 2211 1043 2253 venisse.
1116 2211 1325 2262 Vaeuum,
1356 2225 1454 2252 eum
1484 2225 1568 2267 ego
1595 2210 1802 2261 adessem,

417 2348 458 2379 49
480 2345 571 2386 „Quia
585 2348 705 2377 stultus
724 2356 756 2376 es
777 2347 850 2386 &c.]
876 2347 954 2377 Mss.
972 2346 1067 2387 pleri·
1113 2347 1202 2379 1475.
1218 2345 1304 2375 Med.
1317 2345 1572 2384 utraque,Junt.
1584 2344 1724 2376 Ald.&c.
1739 2345 1803 2376 nisi

377 2397 450 2425 que,
466 2389 566 2418 etiam
583 2388 654 2418 edd.
669 2394 750 2418 vett.
764 2394 803 2419 ut
821 2392 910 2423 1474.
925 2390 1064 2420 habent:
1110 2387 1196 2426 quud
1219 2388 1286 2418 fere
1307 2389 1409 2417 solum
1431 2387 1565 2424 habent,
1588 2388 1710 2419 usitato
1731 2397 1806 2418 ενα

376 2430 402 2457 ,η’
428 2431 595 2461 stultus—
606 2440 666 2461 non
692 2435 804 2461 tamen
829 2433 857 2462 .ςί
891 2436 976 2461 taces
1008 2432 1066 2461 ἅς.
1110 2429 1253 2460 inferiori
1267 2439 1385 2459 errore.

378 2471 400 2499 F
403 2476 473 2501 orte
480 2472 640 2511 optimum
651 2473 884 2513 sit,utramque
892 2472 1066 2504 lectionem
1153 2474 1192 2502 53
1209 2471 1302 2502 AVam
1313 2481 1373 2511 quo
1381 2469 1436 2510 Ia]
1462 2469 1543 2501 Haee
1554 2474 1603 2501 est
1615 2480 1690 2501 vera
1703 2469 1806 2501 lectio

376 2514 574 2552 conjungere
588 2515 652 2544 sic:
668 2515 707 2550 si,
722 2516 800 2554 quia
813 2520 852 2546 st.
868 2524 900 2545 es
914 2516 971 2545 &tn
1110 2513 1173 2544 loci
1189 2513 1334 2553 corrupti
1347 2513 1380 2543 in
1389 2521 1493 2552 quoero
1507 2521 1645 2552 quonam
1655 2516 1685 2542 te
1695 2523 1704 2541 .·
1716 2511 1803 2552 quod

418 2558 458 2585 50
472 2555 585 2595 ,Quam
597 2557 756 2586 commode
765 2557 855 2596 fiam]
879 2557 931 2587 Sic
943 2557 1022 2588 Mss.
1036 2560 1067 2588 3.
1110 2561 1159 2586 est
1174 2555 1466 2595 languidissimum.
1508 2555 1562 2584 Sie
1579 2555 1739 2584 Gruterus
1752 2563 1804 2585 re-

376 2606 426 2636 ap.
452 2596 600 2627 Oudend.
627 2606 661 2628 et
686 2591 764 2628 edd?
783 2599 916 2630 Omnib.
945 2600 1064 2639 (1475.)
1111 2598 1195 2637 perit
1210 2598 1244 2627 in
1259 2598 1339 2628 Mss.
1359 2596 1427 2627 Pal.
1452 2596 1504 2626 Sic
1524 2596 1613 2636 Lips.
1634 2596 1695 2627 nisi
1716 2595 1804 2636 quod

374 2639 469 2668 dunt.
513 2638 598 2669 Nam
615 2639 785 2679 vulgatum
807 2642 885 2681 quin
907 2641 959 2671 vix
980 2652 1067 2672 coni-
1110 2638 1199 2670 addit
1212 2640 1289 2677 alio,
1303 2639 1394 2669 Voss.
1409 2640 1439 2668 9.

376 2680 470 2711 mode
482 2681 635 2720 explicari
650 2687 767 2721 potest.
1152 2684 1192 2712 54
1207 2679 1360 2712 Fundam
1374 2679 1545 2720 nostrum]
1572 2678 1636 2710 Hic
1654 2677 1732 2710 ordo
1751 2683 1801 2710 est

419 2726 454 2753 51
478 2722 522 2753 Ut
535 2733 607 2753 cum
620 2724 694 2753 bene
705 2729 782 2754 esset
792 2723 828 2763 i.]
853 2723 930 2754 Non
942 2724 1067 2761 dubito,
1111 2723 1144 2753 in
1158 2723 1208 2753 ed.
1226 2725 1315 2757 1474.
1331 2727 1427 2753 recte.

375 2774 433 2803 pro
447 2769 485 2794 ut
500 2764 673 2804 legendum
686 2775 753 2796 esse
769 2771 810 2796 et.
1151 2767 1190 2795 55
1211 2765 1366 2797 ,Vacuum
1384 2763 1580 2805 possedisse]
1607 2763 1631 2795 i.
1654 2772 1683 2793 e.
1706 2771 1803 2793 occu·
1840 2774 1843 2775 ⁷
1863 2776 1867 2779 ·

417 2808 457 2836 52
485 2805 580 2836 Solus
605 2807 772 2846 superest]
803 2807 945 2838 Restitui
969 2809 1066 2844 solus,
1109 2815 1210 2848 passe.
1224 2817 1255 2837 v.
1269 2805 1309 2837 ad
1326 2806 1353 2844 1,
1373 2809 1420 2836 ll.

374 2847 458 2886 quod
469 2847 547 2878 Mss.
560 2847 703 2888 plerique
713 2849 834 2879 habent
848 2854 881 2880 et
893 2848 965 2880 edd.
979 2852 1066 2883 1474.
