1945 3235
714 149 1004 190 BRUTUS.

1505 154 1577 190 501

132 267 262 310 quam
286 265 378 299 erat
398 257 556 300 oratori
581 257 699 299 satis.
744 257 846 298 Hoc
867 255 1003 313 igitur
1025 253 1293 305 florescente,
1313 254 1493 296 Crassus
1514 263 1581 296 est

130 323 343 364 mortuuS,
367 315 500 357 Cotta
528 315 688 372 pulsus,
711 314 881 371 judicia
911 311 1156 354 intermissa
1186 311 1311 363 bello,
1338 327 1415 353 nos
1435 313 1479 354 in
1513 312 1579 353 fo-

130 384 225 412 rum
245 374 453 415 venimus.

516 373 619 415 Erat
641 371 902 414 Hortensius
924 371 968 410 in
995 368 1121 420 bello,
1144 369 1284 425 primo
1307 384 1419 410 anno
1440 370 1578 421 miles,
1592 367 1664 423 89

130 427 266 470 altero
299 431 495 472 tribunus
531 432 741 472 militum:
786 428 1003 484 Sulpicius
1034 427 1201 482 legatus
1242 426 1405 477 aberat,
1445 428 1576 468 etiam
1590 441 1669 473 304

135 484 460 531 M.Ant0nius:
497 489 780 530 exercebatur
803 501 887 527 una
908 486 1002 550 lege
1017 485 1234 540 judicium
1260 483 1403 533 Varia,
1425 486 1619 525 ceterisb·

131 555 310 601 propter
347 546 503 587 bellum
535 544 810 586 intermissis:
845 545 920 599 qui
944 544 1189 598 trequentes
1212 541 1388 582 aderant
1410 545 1580 596 (quam-

132 615 263 656 quam
285 619 362 660 pro
395 618 438 644 se
462 603 542 660 ipsi
565 602 789 651 dicebant)
821 615 1026 652 oratores,
1060 615 1147 642 non
1171 599 1232 640 illi
1266 599 1441 654 quidem
1464 600 1582 654 prin-

132 660 266 716 cipes,
308 661 355 701 L.
381 660 617 701 Memmius
653 670 697 701 et
735 660 791 706 Q.
814 659 1062 715 Pompeius,
1093 658 1165 699 sed
1194 667 1384 700 oratores
1423 665 1582 708 tamen,

133 726 245 760 teste
276 718 436 759 diserto
466 728 646 773 uterque
679 718 908 773 Phiiipp03
933 717 1088 772 5cujus
1118 717 1160 756 in
1195 714 1445 757 testimonio
1478 729 1582 756 con-

135 775 271 815 tentio
293 784 337 815 et
360 775 446 816 vim
470 777 733 818 accusatoris
757 776 961 825 habebat,
984 786 1024 815 et
1049 775 1236 830 copiam.

191 832 381 887 Reliqui,
409 834 484 889 qui
507 844 598 874 tum
632 834 848 890 principes
872 832 1226 882 numerabantur,
1250 832 1294 872 in
1318 829 1669 888 magistrati-305

132 889 212 930 bus
248 900 384 941 erant,
407 892 688 948 quotidieque
722 893 810 932 fere
839 907 863 932 a
892 891 1015 932 nobis
1050 890 1092 930 iu
1117 890 1402 930 concionibus
1437 889 1583 929 audie-

131 947 304 990 bantur.

367 947 472 990 Erat
497 950 612 990 enim
641 950 839 991 tribunus
870 948 1007 1005 plebis
1039 960 1130 990 tum
1165 947 1215 989 C.
1241 947 1400 989 Curio:
1433 961 1585 1002 quam-

132 1020 262 1061 quam
283 1006 318 1047 is
340 1007 515 1062 quidem
539 1008 706 1058 silebat,
731 1017 779 1048 ut
809 1016 898 1047 erat
932 1005 1061 1047 semel
1093 1021 1116 1046 a
1140 1006 1352 1047 concione
1385 1005 1585 1045 universa

132 1063 322 1105 relictus.

385 1065 441 1112 Q.
468 1064 673 1107 Metellus
699 1065 837 1115 Celer,
871 1079 957 1105 non
1000 1063 1067 1104 ille
1103 1063 1278 1119 quidem
1318 1072 1477 1113 orator,
1512 1061 1586 1102 sed

133 1128 278 1163 tamen
301 1137 386 1163 non
412 1122 578 1165 infans:
611 1124 758 1165 diserti
785 1131 929 1163 autem
963 1121 1019 1168 Q.
1045 1121 1214 1172 Varum,
1241 1120 1294 1162 C.
1316 1121 1476 1171 Carbo,
1502 1118 1585 1161 Cn-

87 1212 90 1214 *
133 1177 404 1235 Pomponius
425 1198 434 1222 t

467 1191 509 1221 et
532 1182 560 1222 ii
584 1182 759 1236 quidem
794 1179 1050 1221 habitabant
1078 1179 1121 1220 in
1152 1180 1314 1220 rostris.

1377 1178 1429 1219 C.
1453 1178 1584 1218 etiam

129 1236 290 1289 Julius,
313 1239 450 1280 aedilis
474 1239 633 1280 curulis
657 1239 852 1295 quotidie
875 1237 963 1278 fere
994 1246 1215 1278 accuratas
1247 1237 1479 1278 conciones
1512 1235 1586 1276 ha-

133 1295 289 1337 bebat:
323 1297 395 1338 sed
418 1312 486 1338 me
507 1297 836 1353 cupidissimum
862 1295 1062 1336 audiendi
1089 1295 1250 1351 primus
1272 1294 1395 1335 dolor
1414 1308 1588 1350 percus-

132 1353 203 1404 sit,
236 1352 369 1395 Cotta
406 1370 506 1395 curn
542 1365 606 1396 est
643 1355 865 1411 expulsus.
902 1352 1088 1408 reliquos
1132 1352 1378 1408 frequenter
1409 1351 1587 1393 audiens

131 1411 341 1452 acerrimo
374 1413 517 1454 studio
539 1414 731 1463 tenebar,
754 1411 1036 1467 quotidieque
1059 1419 1103 1451 et
1134 1411 1340 1461 scribens,
1360 1419 1404 1451 et
1424 1411 1587 1466 legens,

131 1478 176 1509 et
197 1479 510 1522 commentans,
534 1470 766 1511 6oratoriis
799 1479 968 1511 tantuin
998 1469 1385 1510 exercitationibus
1408 1478 1587 1509 conten-

134 1535 202 1567 tus
229 1541 317 1568 non
346 1541 477 1569 eram.
537 1528 638 1571 Jam
661 1537 954 1582 consequente
979 1542 1092 1567 anno
1117 1526 1174 1572 Q.
1199 1525 1353 1567 Varius
1385 1541 1462 1567 sua
1491 1525 1586 1581 lege

131 1584 360 1626 damnatus
379 1596 637 1627 excesserat.

699 1585 795 1641 Ego
821 1585 1106 1639 autem,juris
1132 1584 1270 1624 civilis
1294 1583 1453 1635 studio,
1476 1583 1585 1623 mul·
1597 1592 1674 1626 306

130 1651 225 1683 tum
257 1657 402 1699 operae
433 1644 590 1684 dabam
619 1644 677 1691 Q.
699 1643 923 1694 Scaevolae,
958 1641 1008 1683 P.
1034 1642 1082 1683 F.
1108 1641 1180 1697 qui
1218 1656 1481 1697 quamquam
1514 1655 1587 1682 ne-

130 1700 238 1741 mini
262 1714 305 1741 se
336 1701 390 1741 ad
421 1701 665 1743 docendum
697 1701 845 1752 dabat,
869 1710 1029 1750 tamen,
1052 1699 1378 1741 consulentibus
1411 1713 1588 1755 respon-

132 1758 290 1809 dendo,
314 1759 531 1800 studiosos
563 1759 765 1801 audiendi
791 1758 990 1800 docebat.
1053 1756 1199 1813 Atque
1222 1757 1323 1799 huic
1354 1772 1467 1798 anno
1490 1771 1589 1813 pro-

133 1815 278 1857 ximus
313 1815 432 1858 Sulla
462 1818 638 1859 consule
670 1827 715 1858 et
745 1817 972 1873 Pompeio,
1005 1815 1103 1857 fuit.
1134 1826 1224 1856 tum
1255 1815 1303 1856 P.
1328 1815 1510 1871 Sulpicii
1543 1814 1588 1855 in

133 1873 358 1915 tribunatu
381 1875 577 1930 quotidie
599 1875 902 1917 concionantis
928 1883 1067 1914 totum
1101 1888 1238 1930 genus
1270 1874 1442 1914 dicendi
1469 1873 1590 1929 peni-

135 1940 203 1972 tus
233 1933 536 1988 cognovimus.
568 1934 807 1988 eodemque
838 1941 1046 1988 tempore,
1070 1947 1169 1973 cuin
1197 1932 1397 1987 princeps
1421 1931 1590 1971 Acade-

132 1989 234 2030 miae
275 1989 404 2031 Philo
442 2005 541 2032 cum
583 1990 917 2032 Atheniensium
959 1990 1245 2046 optimatibus
1283 1989 1592 2033 Mithridatico

134 2046 246 2088 bello
270 2047 401 2089 domo
433 2048 713 2106 profugisset,
739 2048 1015 2104 Romamque
1053 2047 1255 2098 venisset,
1279 2057 1420 2088 totuin
1452 2047 1491 2087 ei
1523 2060 1592 2086 me

135 2104 308 2156 tradidi,
331 2106 574 2148 admirabili
609 2107 796 2163 quodam
829 2106 879 2146 ad
915 2105 1237 2162 philosophiam
1271 2105 1415 2146 studio
1447 2104 1594 2145 conci-

135 2171 265 2214 tatUS,
288 2163 331 2204 in
357 2179 443 2220 quo
478 2164 561 2206 hoc
592 2165 723 2206 etiarn
756 2165 1060 2205 commorabar
1094 2163 1318 2214 attentius,
1342 2162 1490 2218 7quod
1513 2162 1593 2202 etsi

177 2301 195 2329 5
219 2298 314 2339 cujus
330 2301 364 2330 ’ἱη
389 2301 569 2331 testimonio
591 2301 749 2331 contentio
764 2299 839 2339 &c.]

135 2341 236 2373 Hunc
259 2342 369 2373 locum
398 2353 567 2382 nunquam
595 2344 689 2384 potui
718 2342 843 2373 intelli-

132 2394 222 2423 gere.
253 2385 366 2416 Etiam
383 2386 546 2417 Corradus
560 2385 614 2416 hic
639 2386 723 2416 nihil
745 2384 843 2415 intel-

134 2425 271 2466 ligebat.
312 2428 384 2458 Nec
400 2438 475 2458 vero
494 2433 643 2468 apparet,
660 2438 760 2467 quare
777 2428 844 2458 tale

135 2470 215 2509 quid
236 2470 290 2500 hic
310 2470 451 2507 dicatur,
467 2471 572 2510 qualis
593 2481 636 2501 sc.
661 2471 716 2500 ine
737 2471 771 2500 in
795 2478 844 2501 te-

136 2512 301 2542 stimoniis
323 2513 468 2544 dicendis
494 2513 608 2544 fuerit.
650 2513 775 2543 Vereor
803 2523 845 2544 ne

135 2554 180 2584 sit
194 2556 410 2595 appendicula
422 2556 555 2587 aliunde
572 2556 749 2586 inculcata.

179 2597 199 2627 6
221 2600 373 2629 oratoriis
395 2599 527 2630 tantum
557 2609 661 2630 erere.
681 2599 753 2638 δια]
781 2598 842 2629 Ed.

134 2639 220 2669 Ven.
235 2639 325 2671 Med.
346 2643 484 2672 oratoris
497 2655 505 2671 .-
533 2641 589 2672 sed
611 2642 718 2681 spatio
732 2643 820 2671 inter
834 2643 845 2671 ι’

138 2685 173 2712 et
199 2692 228 2719 s,
250 2686 290 2712 ut
314 2683 412 2715 litera
439 2684 594 2715 excidisse
618 2684 670 2715 vel
697 2694 765 2714 non
792 2694 846 2714 ex-

140 2734 251 2764 pressa
271 2727 378 2765 operis
404 2727 564 2758 videatu‘r.
607 2727 723 2766 Itaque
744 2727 846 2757 Aldus

140 2767 219 2797 fecit
243 2770 406 2805 oratoriis,
422 2774 579 2809 sequente
594 2770 713 2806 Junta,
728 2769 814 2810 quod
829 2781 849 2800 a

140 2810 310 2841 nonnullis
340 2811 494 2842 relictum
522 2818 583 2843 est.
623 2813 686 2842 Pro
715 2818 848 2843 tantum

140 2853 306 2883 Corradus
315 2853 416 2884 habet
429 2859 553 2892 tamen,
568 2855 677 2885 nescio
689 2854 789 2885 unde.
813 2855 852 2885 Id

143 2900 194 2924 cst
217 2896 349 2926 mollius
378 2906 476 2927 saue:
514 2908 589 2927 nam
614 2902 746 2928 tantum
775 2907 853 2928 sane

142 2938 317 2977 redundat,
341 2949 418 2972 eum
444 2940 487 2971 sit
516 2941 552 2970 in
577 2945 755 2971 contentus.
789 2941 851 2970 Jus

885 2301 986 2330 etiam
1023 2300 1169 2330 discebat
1212 2299 1327 2329 Cicero
1372 2302 1407 2329 et
1452 2298 1596 2338 philoso-

885 2343 1009 2383 piniani.

929 2389 946 2419 7
971 2387 1055 2424 quod
1091 2386 1307 2415 etsi-tamen
1347 2385 1479 2414 sublata
1518 2381 1594 2423 &c.]

889 2427 970 2458 Haee
988 2430 1093 2459 forma
1110 2428 1268 2457 orationis
1290 2427 1324 2457 h.
1339 2427 1361 2456 1.
1386 2436 1463 2456 sane
1486 2425 1597 2463 friget.

888 2470 959 2501 Nee
981 2470 1031 2501 his
1055 2471 1139 2501 ratio
1155 2470 1326 2500 commode
1341 2468 1489 2499 redditur
1503 2473 1598 2498 ante.

889 2513 1034 2543 cedentis
1056 2513 1244 2543 sententiae.
1278 2512 1359 2541 Edd.
1377 2511 1415 2541 V.
1433 2511 1522 2542 Med.
1539 2510 1596 2540 Al-

890 2555 962 2592 dus,
982 2556 1101 2593 duma,
1117 2565 1184 2585 non
1198 2554 1323 2585 habent
1344 2555 1437 2594 quod.
1483 2553 1597 2584 Rivius

887 2609 904 2628 e
934 2598 1018 2628 libro
1041 2605 1150 2629 vetere
1179 2597 1333 2633 correxit,
1356 2603 1395 2626 ut
1424 2606 1513 2627 nunc
1535 2601 1597 2627 est.

889 2642 1043 2681 Suspicor
1069 2641 1262 2672 Ciceronem
1286 2639 1472 2679 scripsisse:
1515 2639 1599 2679 quod

889 2688 920 2713 et
943 2687 1132 2714 rerum—et
1159 2683 1291 2713 sublata
1313 2683 1371 2712 δω-
1417 2682 1507 2712 Nam
1529 2692 1599 2712 ma-

893 2726 1046 2757 nist-stum
1076 2730 1139 2762 est,
1169 2726 1363 2756 Ciceronem
1386 2724 1467 2754 duas
1489 2733 1602 2754 causas

892 2769 992 2798 studii
1008 2778 1279 2804 commemorare,
1295 2767 1434 2797 alteram
1450 2777 1469 2797 a
1483 2772 1605 2797 natura

894 2811 1123 2853 philosophitr‘,
1141 2811 1282 2841 alteram
1307 2821 1326 2840 a
1347 2814 1539 2849 temporum
1555 2818 1607 2838 ra-

894 2854 1001 2892 tione,
1025 2855 1141 2894 quibus
1164 2853 1363 2892 eloquentiae
1386 2851 1510 2882 nullius
1531 2854 1606 2891 post

896 2906 976 2926 usus
1000 2898 1132 2928 futurus
1146 2896 1331 2926 videbatur.
1375 2894 1426 2925 Et
1439 2899 1609 2924 mutatum

894 2939 959 2970 fuit
987 2950 1065 2970 casu
1090 2940 1125 2970 in
1149 2939 1229 2969 etsi:
1256 2937 1332 2969 inde
1357 2937 1507 2968 additum
1532 2940 1605 2977 post

786 2984 918 3025 Kks
