1945 3235
335 148 413 183 540
916 140 1202 183 ORATOR.

250 244 325 300 39
395 249 480 291 Sed
503 248 598 305 jam
619 249 760 292 forma
780 249 874 307 ipsa
903 259 1050 301 restat,
1073 258 1116 292 et
1143 249 1365 293 character
1395 249 1466 292 ille
1495 252 1569 307 qui
1598 252 1782 297 dieitur:

249 317 324 352 134
337 307 410 362 qui
431 307 568 364 qualis
591 322 682 350 esse
702 308 873 359 debeat,
895 321 950 349 ex
974 308 1093 365 ipsis,
1113 323 1211 364 quae
1235 322 1363 364 supra
1383 307 1501 350 dicta
1519 320 1634 361 sunt,
1656 310 1782 353 intel-

333 365 412 421 ligi
435 375 593 422 potest.
648 366 764 408 Nam
784 375 828 407 et
847 366 1116 422 singulorum
1140 366 1385 416 verborum,
1407 376 1451 407 et
1472 366 1784 410 collocatorum

331 422 498 465 lumina
518 424 769 481 attigimus:
801 423 959 478 quibus
992 424 1053 465 sic
1083 423 1336 475 abundabit,
1360 432 1409 464 ut
1431 425 1608 466 verbum
1632 440 1687 466 ex
1711 440 1784 468 ore

330 480 513 533 nullum,
535 483 616 523 nisi
641 490 716 522 aut
736 480 924 537 eleganS,
948 491 1023 522 aut
1054 496 1186 538 grave
1207 491 1359 524 exeat:
1393 496 1448 523 ex
1471 483 1678 539 omnique
1708 497 1784 540 ge-

329 553 433 580 nere
467 538 828 595 frequentissimae
863 538 1163 581 translationes
1192 548 1332 591 erunt,
1365 540 1482 594 quod
1512 554 1575 582 eae
1606 550 1785 598 propter

330 597 658 639 similitudinem
689 595 956 637 transferunt
988 597 1170 648 animos,
1199 605 1242 639 et
1278 597 1484 649 referunt,
1522 613 1573 640 ac
1604 607 1785 645 movent

328 652 415 696 huc
437 664 480 696 et
502 654 627 697 illuc:
659 654 734 710 qui
764 662 909 695 motus
931 653 1226 709 cogitationis,
1249 654 1443 696 celeriter
1474 656 1680 712 agitatus,
1702 671 1780 713 per

328 726 373 754 se
395 714 486 769 ipse
508 713 707 754 delectat.
763 709 820 752 Et
841 710 1018 766 reliqua,
1040 725 1096 752 ex
1118 710 1405 754 collocatione
1428 714 1658 755 verborum
1680 727 1779 770 quae

326 779 556 811 sumuntur
577 770 698 826 quasi
720 768 898 820 lumina,
917 783 1125 825 magnum
1148 769 1333 811 afferunt
1355 780 1555 813 ornatum
1573 771 1779 814 orationi·

327 828 439 870 Sunt
459 829 575 869 enim
598 827 756 869 similia
776 826 873 878 illis,
896 841 993 882 quae
1017 827 1061 868 in
1083 827 1227 883 amplo
1249 837 1400 868 ornatu
1422 843 1577 881 scenae,
1600 839 1676 871 aut
1694 829 1779 872 fori

327 885 598 942 appellantur
628 885 841 943 insignia:
875 899 960 925 non
993 885 1108 940 quod
1142 885 1231 926 sola
1253 895 1422 936 ornent,
1454 887 1527 928 sed
1558 888 1674 942 quod
1697 901 1777 928 ex-

240 949 314 985 135
327 944 498 986 cellant.
560 943 723 985 Eadem
756 942 866 984 ratio
896 951 962 983 est
993 942 1164 993 horum,
1198 957 1295 998 quae
1334 951 1436 984 sunt
1471 944 1679 987 orationis
1713 944 1780 986 lu-

325 1002 459 1053 mina,
486 1012 530 1043 et
560 1000 882 1057 quodammodo
912 1000 1126 1057 insignia:
1157 1015 1257 1042 curn
1287 1010 1363 1042 aut
1391 1000 1668 1057 duplicantur
1697 1002 1779 1045 ite,

324 1070 559 1116 ranturque
592 1060 738 1110 verba,
773 1067 847 1100 aut
870 1058 1110 1100 92breviter
1139 1067 1408 1100 commutata
1437 1069 1673 1115 ponuntur,
1701 1069 1778 1102 aut

322 1119 378 1159 ab
401 1119 553 1160 eodem
588 1118 721 1158 verbo
744 1116 918 1158 ducitur
949 1116 1108 1172 saepius
1142 1117 1295 1168 oratio,
1318 1126 1393 1157 aut
1424 1116 1468 1157 in
1499 1117 1614 1158 idem
1636 1118 1778 1174 conji-

319 1177 447 1227 citur,
471 1186 545 1217 aut
576 1176 619 1217 in
652 1186 897 1229 utrumque,
921 1183 996 1215 aut
1026 1174 1282 1230 adjungitur
1312 1174 1426 1216 idem
1459 1174 1677 1227 iteratum,
1700 1185 1775 1218 aut

319 1233 432 1275 idem
460 1235 512 1276 ad
535 1243 779 1276 extremum
814 1231 1010 1283 refertur,
1034 1243 1109 1273 aut
1131 1233 1405 1274 continenter
1437 1247 1570 1274 unum
1594 1235 1773 1276 verbum

317 1306 405 1333 non
438 1292 481 1333 in
513 1292 663 1334 eadem
696 1290 909 1332 sententia
931 1291 1133 1346 ponitur:
1166 1300 1241 1331 aut
1261 1306 1361 1331 cum
1394 1289 1592 1332 similiter
1613 1291 1680 1334 vel
1703 1306 1776 1333 ea-

273 1361 303 1392 b.
317 1350 427 1392 dunt
448 1352 592 1402 verba,
616 1349 681 1390 vel
703 1349 930 1390 desinunt:
964 1358 1038 1389 aut
1060 1347 1206 1389 multis
1228 1348 1369 1389 modis
1387 1349 1615 1390 contrariis
1638 1350 1773 1391 relata

317 1409 558 1450 contraria:
593 1416 668 1449 aut
699 1422 796 1448 euin
832 1405 1046 1461 gradatim
1084 1421 1251 1447 sursum
1290 1421 1437 1447 versus
1477 1407 1664 1450 reditur:
1695 1417 1773 1449 aut

313 1481 430 1518 cum,
451 1466 607 1507 demtis
630 1464 1031 1520 conjunctionibus,
1055 1463 1262 1504 dissolute
1288 1463 1411 1520 plura
1432 1465 1661 1507 dicuntur:
1694 1475 1771 1506 aut

313 1538 413 1565 cum
437 1524 599 1580 aliquid
623 1530 947 1580 praetereunteS,
962 1535 1039 1561 cur
1061 1521 1102 1561 id
1125 1522 1349 1572 faciamus,
1369 1522 1661 1565 ostendimus:
1695 1533 1771 1568 ant

311 1584 461 1622 93cum
481 1582 739 1635 corrigimus
765 1588 933 1619 nosmet
956 1578 1052 1634 ipsi,
1076 1579 1197 1633 quasi
1221 1579 1604 1635 reprehendentes:
1639 1591 1714 1621 aut
1733 1581 1768 1622 si

311 1649 376 1681 est
399 1640 543 1695 aliqua
563 1632 876 1679 94exclamatio
900 1636 966 1677 vel
987 1636 1302 1688 admirationis,
1326 1637 1390 1677 vel
1413 1639 1765 1692 conquestionis:

225 1702 385 1739 136aut
405 1713 505 1740 cum
528 1696 722 1753 ejusdem
753 1694 941 1736 nominis
963 1709 1088 1735 casus
1119 1695 1277 1751 saepius
1309 1704 1618 1737 commutatur.
1679 1696 1764 1738 Sed

308 1756 619 1797 sententiarum
641 1761 909 1802 ornamenta,
932 1752 1098 1807 majora
1116 1762 1241 1794 sunt:
1264 1752 1421 1808 quibus
1443 1753 1545 1809 quia
1564 1753 1765 1809 frequen-

307 1813 473 1855 tissime
505 1811 824 1855 Demosthenes
853 1810 1004 1859 utitur,
1036 1819 1135 1851 sunt
1166 1811 1239 1866 qui
1272 1820 1441 1868 putent,
1473 1811 1636 1854 idcirco
1668 1812 1762 1868 ejus

304 1872 597 1929 eloquentiam
638 1869 830 1911 maxime
870 1882 962 1909 esse
1003 1867 1276 1909 laudabilem.
1340 1867 1395 1909 Et
1433 1883 1534 1910 vero
1570 1870 1762 1912 95nullus

305 1928 395 1971 fere
415 1931 470 1970 ab
493 1945 544 1971 eo
566 1929 686 1970 locus
710 1927 801 1968 sine
823 1926 1009 1982 quadam
1032 1925 1380 1967 conformatione
1403 1926 1629 1969 sententiae
1651 1927 1760 1969 diei·

303 1997 398 2030 tur:
432 2002 512 2030 nec
534 1986 650 2029 aliud
672 1985 907 2042 quidquam
931 1992 1010 2035 est,
1030 1983 1186 2035 dicere,
1209 1985 1250 2019 96
1263 1984 1345 2025 nisi
1362 1999 1528 2036 omnes,
1548 1995 1622 2027 aut
1644 1995 1761 2028 certe

343 2149 385 2180 92
409 2146 549 2177 breviter
569 2141 787 2182 commutata]
815 2141 947 2180 ‹Jonjeei
965 2142 1005 2170 le-

301 2189 397 2226 viter,
422 2198 540 2229 nempe
562 2196 630 2218 una
653 2197 682 2216 v,
700 2196 727 2215 c.
751 2185 860 2221 litera,
883 2183 1008 2224 syllaba

302 2236 446 2268 mutata,
468 2237 508 2261 ut
531 2231 565 2261 in
589 2227 799 2272 παρονομασῖᾳ.
816 2237 845 2257 V.
868 2227 909 2257 ad
927 2226 1005 2257 Her.

305 2274 362 2310 IV,
379 2277 409 2305 2.
424 2273 480 2304 ubi
496 2273 628 2313 quidem
641 2272 787 2302 occurrit
805 2271 907 2300 brevis
921 2279 1006 2299 eom-

303 2318 443 2348 »tutatio
452 2330 463 2350 ,·
487 2316 543 2347 sed
556 2316 600 2346 ibi
615 2315 654 2346 de
670 2314 856 2346 mutatione
870 2311 1005 2353 syllabae

300 2359 410 2400 longae
425 2360 458 2389 in
471 2359 616 2395 brevem,
633 2358 653 2388 i.
667 2368 695 2389 e.
715 2357 754 2387 de
767 2355 885 2396 speeie,
898 2364 1004 2385 sermo

300 2408 362 2437 est,
380 2402 432 2432 hic
447 2406 559 2433 autern
575 2401 614 2431 de
634 2405 708 2431 toto
724 2409 861 2439 genere:
891 2397 925 2427 in
940 2407 1005 2437 quo

301 2445 414 2475 leviter
435 2445 557 2485 aptius.
601 2443 654 2473 Sic
677 2442 732 2472 Or.
748 2441 795 2479 11,
818 2442 872 2478 63,
895 2445 945 2472 est
966 2440 1006 2472 de

299 2486 412 2517 eadem
431 2497 464 2517 re
475 2496 585 2526 parva
598 2486 687 2516 verbi
707 2485 896 2516 immutatio
907 2495 916 2512 :
941 2493 1005 2521 quo

301 2533 415 2559 tamen
431 2529 567 2560 fortasse
590 2528 762 2568 vulgatum
778 2526 907 2557 defendi
929 2532 1004 2565 pot-

299 2574 362 2607 est,
385 2571 463 2611 quia
478 2572 580 2611 parvi
602 2571 745 2601 homines·
770 2570 872 2600 etiam
896 2569 1004 2598 breves

298 2613 476 2644 dicuntur:
503 2614 560 2644 sed
582 2614 615 2643 in
640 2623 758 2653 genere
779 2611 908 2651 tropico
935 2620 1002 2641 non

299 2656 357 2693 sic,
368 2662 407 2686 ut
422 2657 562 2697 opinor-⁴,
584 2655 640 2686 sed
662 2666 692 2685 v.
709 2666 736 2685 e.
751 2653 879 2696 injuria
890 2663 1002 2695 parva

297 2703 347 2729 est
363 2700 450 2730 Ievis.

338 2745 379 2775 93
415 2751 491 2772 cum
523 2741 721 2779 corrigimus
744 2743 866 2769 nosmet
899 2737 996 2778 ipsos]

1051 2141 1136 2171 dent..
1162 2141 1202 2172 cf.
1228 2152 1301 2181 quae
1322 2153 1350 2174 c.
1367 2146 1418 2174 52.
1441 2146 1526 2174 extr.
1553 2141 1708 2181 diximus,
1723 2147 1760 2175 et

1052 2183 1085 2213 in
1110 2184 1169 2214 hac
1186 2185 1256 2225 ipsa
1268 2185 1437 2215 sententia
1450 2185 1492 2216 ad
1514 2184 1552 2216 L.
1570 2184 1633 2216 Ill.
1646 2184 1684 2216 de
1699 2185 1758 2217 Or.

1051 2236 1081 2256 c.
1100 2229 1150 2257 5¹3.

1090 2272 1132 2302 94
1153 2269 1364 2309 exclamatio]
1407 2269 1469 2300 Ed.
1502 2269 1633 2301 Veneta
1655 2271 1759 2311 apli-

1049 2313 1142 2342 catio.
1159 2312 1244 2350 quod
1260 2311 1534 2343 considerandum
1552 2320 1646 2354 putu.

1090 2356 1131 2388 95
1157 2355 1580 2394 nullus—locus—dicicur]
1621 2355 1674 2386 Sic
1695 2354 1754 2385 ha—

1048 2395 1129 2426 bent
1152 2397 1233 2427 Mss.
1259 2396 1403 2436 quidam,
1426 2397 1459 2427 in
1481 2396 1533 2427 his
1555 2397 1622 2428 vit.
1644 2402 1680 2428 et
1700 2397 1752 2429 ed.

1050 2437 1148 2471 Rom.
1182 2440 1358 2471 Consentit
1374 2439 1612 2480 ‘Quintilianus
1640 2439 1753 2472 locum

1049 2481 1138 2511 hunc
1160 2492 1433 2512 commemorans.
1478 2480 1595 2521 Itaque
1617 2482 1663 2513 sic
1685 2482 1754 2513 edi-

1047 2523 1090 2553 di.
1135 2524 1199 2555 Alii
1223 2524 1298 2554 inde
1313 2524 1353 2555 ab
1368 2523 1417 2554 ed.
1440 2523 1523 2555 Ven.
1546 2524 1672 2556 habent
1687 2526 1755 2556 edi-

1046 2567 1154 2597 citur.-
1177 2568 1212 2597 in
1233 2577 1297 2606 quo
1312 2566 1435 2597 haesere
1449 2566 1561 2603 multi,
1578 2567 1665 2598 varie
1679 2577 1752 2599 cor·-

1047 2609 1227 2640 rectionem
1262 2614 1444 2640 tcntantes.
1497 2609 1609 2641 Litera
1643 2610 1750 2650 prima

1045 2651 1182 2682 adhaesit
1205 2662 1244 2682 ex
1268 2651 1387 2681 ultima
1405 2651 1493 2682 verbi
1518 2653 1669 2692 proximi.
1692 2652 1747 2685 Fr.

1044 2694 1168 2734 Gryph.
1203 2695 1365 2730 educitur,
1395 2692 1492 2724 male.
1527 2694 1648 2725 Sensus
1676 2700 1743 2726 est:

1043 2736 1206 2767 Omnibus
1233 2736 1406 2767 sententiis
1433 2736 1574 2775 figuram
1601 2738 1746 2776 aliquam

294 2782 390 2814 Edidi
419 2788 541 2814 nosmet
575 2784 650 2822 ipsi,
679 2782 823 2822 primum
850 2792 888 2811 cx
927 2780 998 2818 lege
1040 2779 1110 2816 dat,
1134 2789 1192 2819 per
1213 2789 1311 2818 quam
1328 2789 1346 2808 a
1363 2778 1488 2818 vulgari
1504 2779 1613 2809 forma
1625 2780 1745 2811 discre-

291 2826 522 2864 grammatica,
543 2824 658 2856 deinde
681 2824 919 2854 consuetudine
942 2823 997 2854 Ci-

289 2869 417 2898 ceronis
432 2870 465 2899 in
489 2869 551 2899 hoe
566 2869 635 2908 ipso
657 2877 786 2907 genere.
832 2866 885 2896 Sic
905 2875 995 2901 mox,

1041 2827 1096 2862 pet
1113 2826 1147 2852 et
1159 2822 1289 2852 suavior
1302 2826 1392 2851 certe
1405 2828 1440 2851 et
1454 2821 1638 2860 elegantior
1652 2822 1723 2854 fiat.

1081 2864 1124 2898 96
1145 2865 1209 2896 nisi
1223 2863 1346 2905 onmes]
1371 2863 1433 2895 Ed.
1450 2863 1534 2895 ven.
1548 2869 1609 2895 auc
1622 2874 1745 2896 omnes.

288 2911 356 2950 ipse
369 2921 402 2942 se
415 2915 558 2943 revocee.·
581 2911 675 2949 item,
697 2910 757 2940 sibi
780 2909 845 2949 ipse
867 2906 996 2948 respo'n-
1039 2906 1169 2938 melius.
