1945 3235
340 167 391 202 54
810 165 890 204 AD
927 165 1312 209 HERENNIUM

338 267 550 319 incidunt,
573 276 622 310 ut
643 283 728 310 non
753 269 839 311 sint
867 270 1118 313 necessariae
1145 271 1281 314 dictu.
1301 279 1567 328 quapropter
1594 285 1665 314 eas
1688 283 1791 330 par·

338 335 417 377 tes,
439 340 537 381 quae
562 326 819 369 firmissimae
842 328 1118 380 videbuntur,
1138 329 1279 385 legere
1296 329 1532 386 oportebit.
1595 329 1785 373 Conclu-

337 383 532 425 sionibus
547 384 648 425 brev
641 384 750 426 ibus
764 395 948 435 utemur,
971 389 1011 417 ⁵0
1023 386 1349 428 enumeratione
1361 386 1416 427 ad
1429 386 1603 427 exitum
1616 400 1782 430 causae:

337 441 380 482 in
405 441 499 498 ipsa
519 456 648 482 causa
670 443 841 483 crebras
859 452 903 484 et
924 443 1071 484 breves
1086 443 1469 499 amplificationes
1461 453 1786 499 interponemus

336 512 413 555 per
434 498 551 540 locos
574 513 840 542 communes.
905 499 1000 545 Nec
1022 499 1106 542 hoc
1133 515 1269 557 genus
1300 516 1457 552 causae,
1476 515 1528 542 eo
1551 500 1667 556 quod
1691 515 1786 544 raro

334 556 528 597 accidit
519 570 561 598 in
600 557 703 608 vita,
726 556 1071 614 5¹negligentius
1102 558 1463 601 considerandum
1490 567 1570 599 est.
1631 557 1788 615 Neque

334 613 451 655 enim
474 614 533 666 id,
556 614 672 669 quod
727 622 840 655 otest
870 591 1080 665 accidere,
1103 624 1151 657 ut
1182 614 1430 661 faciendum
1459 615 1515 656 sit
1536 615 1784 671 aliquando,

335 685 422 712 non
445 680 619 727 oportet
641 629 747 712 velle
770 673 810 701 52
823 686 954 727 quarn
973 672 1324 714 commodissime
1346 687 1472 730 posse
1495 672 1651 717 facelme
1715 672 1786 725 Et,

334 729 369 770 si
389 729 621 785 sepa1··1ti1n
642 728 739 770 haec
772 743 903 770 causa
933 729 1075 770 minus
1099 744 1217 786 saepe
1245 739 1476 783 tractatur;
1500 740 1544 771 at
1563 730 1606 774 in
1622 729 1788 785 judici-

333 785 488 836 alibus,
508 796 551 826 et
573 787 617 827 in
636 785 930 828 deliberativis
955 787 1094 828 causis
1119 801 1235 844 saepe
1253 802 1425 845 magnae
1449 803 1489 845 p
1480 798 1590 831 ntes
1614 801 1787 830 versan-

334 854 404 884 tur
423 843 575 894 landis,
598 853 673 884 aut
697 844 1044 899 vituperationis.
1074 858 1206 900 quare
1233 845 1278 886 in
1312 845 1396 887 hoc
1424 860 1598 902 quoque
1628 859 1787 901 genere

332 916 446 944 caus·
440 916 475 942 e
495 901 694 943 nonnihil
715 901 939 943 industriae
962 903 1002 932 53
1015 903 1358 944 consumendum
1373 914 1588 959 putemus.
1641 902 1787 954 Nunc,

333 958 533 1000 absoluta
555 959 680 1000 nobis
703 958 960 1000 difficillima
992 968 1114 1015 parte
1148 958 1392 1011 rhetoricae,
1423 960 1507 1002 hoc
1532 969 1611 1011 est,
1635 959 1786 1002 inven-

334 1017 453 1057 tione
476 1016 705 1073 peipolita‚
737 1026 866 1071 atque
889 1016 943 1057 ad
965 1029 1095 1057 omne
1117 1030 1258 1057 causae
1282 1031 1418 1073 genus
1441 1017 1786 1082 accommodata,

334 1085 504 1130 tempus
527 1083 591 1115 est
613 1073 666 1116 ad
688 1082 852 1115 ceteras
875 1082 1016 1131 partes
1039 1073 1272 1130 proficisci.
1336 1073 1555 1132 Deinceps
1578 1075 1713 1131 igitur
1733 1075 1788 1117 de

333 1132 619 1188 dispositione
641 1132 851 1173 dicemus.

394 1190 615 1238 Quoniam
638 1189 867 1245 dispositio
889 1194 967 1238 est,
983 1201 1058 1245 per
1080 1203 1209 1252 quam
1233 1188 1319 1239 illa,
1338 1204 1437 1245 quae
1461 1186 1720 1241 invenimus,
1742 1187 1787 1232 in

276 1247 531 1296 160rdinem
565 1246 816 1304 redigimus,
846 1256 895 1287 ut
929 1255 1048 1287 celto
1090 1246 1282 1310 quidque
1320 1247 1417 1288 loeo
1457 1247 1785 1304 pronuntietur.

335 1305 569 1346 videndum
601 1315 680 1356 est,
719 1303 965 1358 cujusmodi
1000 1303 1211 1345 rationem
1248 1319 1303 1346 in
1322 1304 1594 1362 disponendo
1628 1304 1788 1347 habere

333 1363 580 1404 conveniat.
641 1365 682 1395 54
697 1361 870 1404 Genera
901 1361 1238 1417 dispositionum
1270 1371 1371 1403 sunt
1400 1362 1512 1404 duo:
1557 1376 1692 1404 unum
1731 1362 1788 1404 ab

334 1421 609 1462 institutione
643 1420 746 1461 artis
777 1418 1047 1483 profectum.
1090 1418 1271 1460 alterum
1303 1419 1357 1460 ad
1392 1434 1539 1461 casum
1580 1420 1788 1482 temporis

333 1478 727 1520 accommodatum.
799 1475 867 1526 Ex
899 1475 1176 1517 institutione
1205 1477 1309 1518 artis
1348 1477 1644 1533 disponemus,
1687 1491 1788 1519 cum

333 1550 562 1592 sequemur
590 1549 685 1576 eam
718 1534 1074 1591 praeceptionem,
1097 1548 1228 1598 quarn
1261 1534 1306 1576 in
1338 1549 1478 1591 primo
1509 1534 1620 1576 libio
1650 1547 1788 1591 expo-

332 1607 511 1643 suimus,
535 1593 619 1634 hoe
640 1601 720 1644 est,
744 1602 791 1633 ut
815 1601 988 1633 ut·1mur
1018 1591 1251 1648 principio,
1273 1592 1534 1642 narratione,
1557 1592 1806 1644 divisione,

330 1650 678 1702 confirmatione,
701 1649 1017 1704 contutatione,
1037 1649 1340 1691 conclusione:
1366 1658 1410 1691 et
1433 1650 1458 1691 1
1463 1664 1548 1702 une
1570 1649 1785 1702 ordinem,

329 1708 698 1773 quemadmodum
730 1708 999 1763 praeceptum
1031 1715 1097 1746 est
1127 1716 1241 1757 ante,
1264 1706 1308 1747 in
1331 1698 1516 1749 dicendo
1539 1721 1784 1764 sequemur.

333 1765 445 1807 Item
468 1780 523 1807 ex
547 1765 821 1806 institutione
843 1764 961 1815 vtis,
984 1777 1072 1804 non
1100 1763 1231 1805 modo
1256 1773 1368 1806 totas
1401 1779 1551 1806 causas
1586 1778 1663 1828 per
1693 1778 1789 1806 ora-

332 1823 513 1875 tionem,
529 1823 602 1865 sed
621 1825 660 1855 55
675 1821 955 1880 persingulas
975 1835 1148 1877 quoque
1166 1822 1566 1878 alguinentationes
1585 1822 1789 1879 dispone-

373 1959 413 1986 50
430 1955 692 1987 Enumeratione
705 1955 752 1985 ml
763 1956 888 1985 exilum
902 1952 1034 1993 caum]
1079 1952 1236 1984 volebant
1252 1959 1285 1984 et
1298 1954 1404 1986 Graev.
1417 1959 1452 1985 et
1467 1953 1553 1985 Oud.
1565 1953 1702 1985 Veteres
1715 1952 1788 1985 edd.

332 1999 413 2029 Haec
424 1999 443 2029 δ
450 2022 456 2029 .
472 2000 574 2030 Gron.
587 2004 622 2030 et
635 1999 783 2029 Graevius
793 1997 892 2029 deleri
906 1997 1037 2033 volunt,
1081 1995 1323 2036 conferendum.
1358 1997 1421 2028 Sed
1437 1998 1470 2028 id
1484 1997 1722 2037 requirebaffin
1733 1998 1790 2027 hoc

329 2042 529 2072 auctoritate
544 2041 624 2072 Mss.
646 2040 765 2072 Medic.
781 2046 815 2071 et
837 2040 906 2071 Erf.
937 2039 1037 2070 Male.
1077 2047 1193 2077 genus.
1215 2039 1516 2071 C'misummundmn
1529 2038 1789 2070 maleGruterus

329 2083 418 2114 Nam
434 2084 482 2115 ita
498 2084 582 2114 nihil
597 2088 695 2121 esset,
711 2093 776 2122 quo
799 2083 988 2117 referretur,
1003 2083 1039 2112 in
1080 2081 1169 2111 dedit
1184 2092 1200 2111 e
1216 2082 1282 2112 suis
1311 2082 1390 2112 Msz.
1433 2082 1523 2112 Tum
1543 2085 1712 2121 putemus,
1727 2091 1789 2122 pro

329 2127 402 2165 ipsa
415 2137 526 2157 causa.
556 2127 676 2157 Sensus
691 2130 762 2156 est:
780 2135 899 2166 genere
912 2130 947 2154 et
963 2133 1035 2164 par·
1073 2128 1235 2163 putamus
1262 2134 1301 2154 ex
1327 2123 1442 2154 iisdem
1462 2130 1496 2155 et
1523 2124 1572 2154 ed.
1588 2123 1677 2154 Med.
1697 2125 1788 2158 1474.

329 2177 364 2198 te
380 2181 397 2199 c
403 2169 617 2206 onclusioniS‚
634 2177 709 2208 quae
727 2149 800 2198 este>
804 2168 838 2198 in
863 2176 1035 2198 enumeia-
1080 2175 1157 2196 nam
1187 2166 1218 2196 id
1253 2166 1370 2197 melius
1403 2166 1580 2209 respondet
1613 2165 1788 2207 principio,

329 2213 421 2242 tione
443 2212 602 2252 partium,
618 2213 707 2242 &vans
711 2210 882 2249 φωλαιώσει,
902 2213 1036 2240 tantum
1079 2209 1364 2239 commentandum
1382 2213 1437 2239 est.

331 2254 364 2284 in
381 2255 447 2285 fine
460 2255 620 2284 orationis
629 2260 678 2284 est
691 2253 872 2284 utendum:
886 2251 973 2292 quod
987 2255 1037 2282 est
1124 2252 1164 2282 54
1193 2252 1323 2282 Genera,
1343 2250 1612 2291 dispositionum]
1639 2250 1692 2281 Sic
1707 2250 1788 2282 Mss.

330 2304 446 2337 aptum
462 2297 541 2327 huie
556 2307 663 2327 causae
679 2301 892 2337 praeeepturn.

375 2342 410 2400 5¹1
431 2339 505 2377 Nge
507 2340 669 2378 ligentius
681 2339 825 2369 conside,
827 2338 953 2368 andum
964 2339 1019 2366 est.
1022 2334 1035 2374 ]

330 2381 392 2411 Si'
375 2393 383 2410 ι
386 2392 412 2412 e
422 2382 595 2422 praeceptis
608 2389 642 2413 et
651 2381 842 2422 cognitione
855 2389 962 2411 sermo
975 2383 1038 2414 est,

332 2434 378 2454 re
373 2428 419 2454 .te
449 2424 548 2454 habet
565 2425 635 2454 haec
661 2423 778 2455 lectio.
808 2423 867 2454 Sin
882 2423 922 2453 de
936 2420 1038 2452 facul-

330 2471 423 2503 tate;
447 2466 652 2506 praetulerim
679 2476 755 2497 cum
779 2466 909 2497 Graevio
923 2468 957 2495 et
972 2463 1042 2493 Ou-

331 2509 514 2549 dendorpio
537 2509 839 2546 commentandum,
865 2519 882 2539 e
898 2507 1041 2538 lectione

330 2552 639 2589 commendandum,
652 2561 726 2591 quae
739 2551 774 2581 in
787 2551 867 2582 Mss.
880 2549 1041 2591 pluribus,

331 2594 434 2623 etiam
449 2594 583 2631 nostris,
608 2595 690 2624 item
703 2593 775 2624 edd.
788 2599 827 2624 ut
840 2591 929 2624 Med.
941 2592 1038 2622 Junt.

333 2636 512 2676 reperitur:
530 2647 633 2675 euque
645 2636 757 2666 tendit
771 2636 836 2667 alia
845 2636 925 2667 Mss.
939 2635 1039 2666 lectio

333 2684 368 2708 et
381 2677 431 2708 ed.
450 2681 540 2712 1474.
553 2678 836 2709 conmzodandum.

377 2722 418 2751 52
439 2720 556 2762 ‚Quam
579 2720 858 2761 commodissima]
884 2720 937 2751 Sic
951 2718 1039 2750 dedi-

334 2773 408 2794 mus
424 2773 463 2793 ex
478 2763 549 2793 edd.
568 2765 659 2796 1474.
689 2762 824 2793 Mediol.
853 2763 948 2793 Junt.
981 2771 1040 2801 pro

333 2806 677 2842 accommodutissaeme,
691 2815 763 2844 quae
778 2806 819 2836 ab
833 2805 918 2836 Aldo
934 2804 1040 2834 fluxit.

377 2851 417 2879 53
439 2848 699 2878 (misumendum
710 2847 890 2887 putem-us]
922 2847 1039 2878 (Journ-

335 2891 490 2921 mendum
499 2901 516 2921 e
526 2889 807 2927 Mss.Guilielmii‚
815 2889 1038 2929 Oudendorpii

333 2933 472 2972 duobus,
488 2937 521 2964 et
537 2937 650 2964 nostro
666 2932 754 2973 Lips.
767 2932 941 2969 edidimus,
955 2931 1041 2972 quod

1083 2293 1189 2324 Gra-v.
1228 2293 1314 2324 Oud.
1351 2294 1444 2324 ('.ort
1473 2298 1507 2324 et
1534 2293 1606 2324 edd.
1639 2297 1779 2325 veteres.

1082 2335 1190 2375 Vulgo
1205 2337 1307 2376 dispo.
1302 2337 1431 2374 ilionis,
1446 2335 1534 2376 quod
1548 2336 1674 2376 primus
1685 2335 1789 2367 Aldus

1082 2362 1188 2408 dedit:
1213 2379 1357 2409 deseruit
1385 2384 1500 2410 tamen
1526 2377 1722 2416 Cratander,
1747 2382 1789 2410 ut

1083 2420 1156 2450 alini

1127 2466 1166 2494 55
1192 2463 1261 2493 Per
1274 2474 1360 2502 mne.
1375 2472 1497 2504 quoque
1522 2462 1788 2501 argumentatio-

1084 2505 1164 2545 nea]
1193 2506 1265 2536 Hoc
1279 2507 1511 2537 substituimus
1525 2504 1662 2544 vulgato
1684 2514 1790 2545 argu-

1087 2549 1293 2579 mentationis
1301 2553 1436 2588 partes..-
1459 2547 1647 2578 auctoribus
1663 2547 1742 2578 Mss-
1755 2552 1791 2579 et

1080 2590 1151 2621 edd.
1176 2597 1257 2621 vett.
1281 2601 1330 2621 res
1346 2590 1417 2631 ips‘a
1429 2590 1530 2621 etiam
1547 2590 1617 2620 sine
1631 2589 1723 2621 libris
1732 2589 1791 2630 ju-

1082 2633 1158 2663 bet:
1187 2643 1264 2664 nani
1280 2640 1314 2664 et
1340 2643 1418 2663 mox
1445 2632 1566 2673 repetit
1590 2637 1708 2663 auctor
1725 2641 1791 2673 per

1082 2676 1243 2706 orationes
1263 2681 1293 2706 et
1302 2685 1365 2715 per
1378 2675 1682 2714 argumentationes
1692 2686 1702 2704 .·
1728 2684 1791 2706 nec

1083 2718 1226 2748 alterum
1242 2717 1383 2757 intelligi
1404 2722 1524 2758 potest.
1561 2716 1614 2747 Sic
1635 2716 1741 2748 visum
1754 2721 1791 2748 et

1084 2760 1223 2790 Graevio.
1268 2760 1331 2791 Sed
1357 2759 1539 2791 secundum
1567 2759 1655 2790 hane
1689 2758 1790 2790 ratio-

1085 2813 1174 2839 nem,
1203 2813 1276 2842 quae
1309 2809 1505 2850 sequuntur,
1534 2802 1571 2832 id
1595 2799 1791 2832 est—com-

1079 2846 1276 2886 flexionem,
1302 2845 1414 2885 spuria
1437 2850 1530 2881 sunt,
1558 2848 1593 2875 et
1619 2853 1639 2873 a
1667 2842 1792 2882 glossa-

1083 2893 1156 2919 tore
1172 2888 1299 2918 uitiosae
1313 2887 1465 2918 lectionis
1479 2892 1564 2918 orta.
1608 2885 1676 2916 Et·
1668 2895 1703 2916 m
1716 2885 1789 2917 aliis

1085 2930 1165 2961 Mss.
1181 2936 1259 2962 sunt
1274 2930 1381 2962 aliter.
1406 2930 1508 2962 Uncis
1523 2928 1727 2960 inclusimus
1768 2955 1777 2960 .
