1945 3235
673 159 950 199 BRUTUS.
1455 161 1535 201 433

92 263 347 322 prudenter,
390 271 434 307 et
467 263 677 308 consolari
711 263 984 306 amicissime.
1045 263 1199 317 Recte,
1239 268 1432 323 inquam,
1475 276 1538 310 est
1554 277 1601 311 19.

91 323 224 366 visus.
257 339 358 365 nam
381 338 448 365 me
467 323 560 365 istis
591 322 700 364 scito
722 321 891 372 litteris,
913 336 968 362 ex
991 321 1195 363 diuturna
1216 325 1542 379 perturbatione

95 381 230 423 totius
253 381 503 423 valitudinis
523 390 727 436 tanquam
747 379 799 419 ad
814 379 1134 434 adspiciendam
1156 380 1294 421 lucem
1311 397 1400 423 esse
1418 398 1542 425 revo-

91 449 256 480 catum.
314 439 460 494 Atque
481 447 543 490 ut,
566 446 664 494 post
690 436 963 478 Cannensem
986 437 1101 478 illam
1124 437 1428 490 calamitatem,
1454 442 1541 496 pri-

93 510 214 538 mum
239 496 435 538 Marcelli
458 496 509 537 ad
543 495 702 536 Nolam
733 494 891 551 proelio
925 494 1108 550 populus
1139 509 1183 535 se
1206 495 1429 536 Romanus
1452 512 1542 539 ere-

91 554 175 606 xit,
219 563 452 611 posteaque
492 566 710 609 prosperae
753 566 818 592 res
861 552 1064 608 deinceps
1100 552 1250 594 multae
1293 562 1538 596 consecutae

92 621 215 654 sunt:
249 612 310 653 sic
334 619 432 667 post
453 624 593 651 rerum
616 619 856 650 nostrarum
876 619 918 650 et
940 610 1237 651 communium
1260 611 1537 667 gravissimos
1549 626 1579 656 p-
1600 618 1671 651 166.

88 683 226 722 casus,
248 668 357 709 nihil
379 675 478 708 ante
501 666 728 724 epistolam
752 667 878 708 Bruti
902 668 1010 708 mihi
1032 668 1208 720 accidit,
1230 669 1347 724 quod
1368 669 1580 722 vellem,³²·

86 734 163 767 aut
204 726 319 782 quod
361 725 505 780 aliqua
546 740 602 766 ex
646 734 769 781 parte
809 725 1120 767 sollicitudines
1162 726 1364 768 allevaret
1402 741 1535 769 meas.

88 781 201 825 Tum
224 783 401 834 Brutus,
426 782 557 824 Volui
591 783 635 824 id
657 782 832 839 quidem
857 783 1027 825 efficere
1060 792 1191 836 certe,
1213 793 1257 825 et
1287 784 1413 841 capio
1444 800 1535 827 ma·
1549 797 1597 832 13

83 849 220 898 'gnum
242 839 448 893 fructum,
462 841 496 881 si
520 840 694 897 quidem
718 841 834 896 quod
858 840 988 892 volui,
1002 849 1124 882 tanta
1145 841 1189 883 in
1211 856 1257 883 re
1278 852 1536 885 consecutus

82 911 193 941 sum.
254 897 340 939 Sed
364 898 473 940 scire
496 898 642 955 cupio,
664 913 761 954 quae
788 907 830 939 te
851 897 990 940 Attici
1023 898 1180 941 litterae
1210 899 1538 944 delectaverint.

82 953 187 998 Istae
221 970 339 1009 vero,
370 957 563 1012 inquam,
588 956 738 1008 Brute,
767 971 855 998 non
882 957 1014 998 modo
1046 957 1377 1001 delectationem
1412 959 1537 1011 mihi,

83 1014 159 1056 sed
180 1014 328 1066 etiam,
358 1023 407 1056 ut
440 1029 581 1070 spero,
616 1014 797 1055 salutem
833 1014 1083 1055 attulerunt.
1145 1015 1362 1058 Salutem?
1392 1015 1539 1072 inquit

81 1071 168 1113 ille.
187 1072 405 1128 quodnam
432 1072 607 1113 tandem
627 1085 763 1129 genus
785 1071 898 1114 istuc
921 1082 1009 1113 tam
1024 1073 1279 1128 praeclarum
1294 1073 1537 1116 litterarum

79 1127 194 1172 fuit?
254 1129 326 1172 An
344 1129 453 1171 mihi
476 1130 636 1186 potuit,
668 1130 860 1186 inquam,
889 1144 980 1171 esse
1010 1139 1085 1171 aut
1118 1131 1282 1186 gratior
1303 1131 1389 1173 ulla
1422 1131 1536 1173 salu-

79 1187 206 1240 tatio,
229 1198 304 1230 aut
326 1187 380 1229 ad
413 1187 497 1229 hoc
527 1198 698 1243 tempus
731 1188 887 1244 aptior,
911 1202 1041 1244 quam
1075 1187 1188 1229 illius
1216 1188 1331 1240 libri,
1353 1204 1440 1244 quo
1461 1194 1533 1231 me

78 1243 153 1287 hic
185 1245 357 1298 affatus,
391 1245 513 1300 quasi
541 1244 763 1301 jacentem
796 1245 1036 1288 excitavit?
1080 1244 1193 1287 Tum
1233 1246 1319 1298 ille,
1359 1247 1531 1304 Nempe
1546 1258 1594 1292 14

77 1316 177 1344 eum
204 1303 328 1356 dicis,
350 1303 508 1359 inquit,
529 1318 615 1358 quo
638 1302 719 1344 iste
737 1317 910 1344 omnem
939 1318 1082 1345 rerum
1112 1304 1367 1346 memoriam
1389 1305 1530 1346 brevi-

78 1368 158 1412 ter,
189 1369 248 1414 et,
270 1369 320 1402 ut
348 1360 456 1402 mihi
478 1361 654 1417 quidem
678 1361 818 1402 visum
838 1370 918 1412 est,
940 1361 1248 1418 perdiligenter
1272 1362 1529 1419 complexus

78 1421 171 1461 est?
205 1418 344 1460 Istum
366 1419 524 1475 ipsum,
557 1419 749 1475 inquam,
773 1418 923 1470 Brute,
949 1420 1048 1461 dico
1081 1419 1240 1461 librum
1268 1421 1378 1461 mihi
1401 1421 1533 1462 saluti*

76 1475 223 1518 fuisse.
273 1476 387 1519 Tum
417 1475 608 1529 Atticus,
631 1476 968 1533 Optatissimum
998 1476 1107 1519 mihi
1129 1478 1304 1533 quidem
1325 1487 1391 1520 est
1411 1479 1578 1535 quod4

77 1533 207 1577 dicis:
244 1535 319 1577 sed
340 1535 445 1591 quid
469 1535 643 1576 tandem
665 1534 820 1575 habuit
852 1534 962 1576 liber
993 1535 1088 1587 iste,
1112 1536 1228 1591 quod
1250 1536 1331 1577 tibi
1354 1546 1429 1578 aut
1450 1551 1528 1579 no-

79 1604 203 1644 vum,
221 1603 296 1634 aut
317 1601 440 1633 tanto
463 1593 559 1634 usui
583 1601 732 1649 posset
751 1595 872 1634 esse?
904 1591 982 1633 Ille
1003 1607 1105 1634 vero
1123 1602 1167 1634 et
1186 1608 1316 1644 nova,
1334 1594 1528 1650 inquam,
1546 1604 1594 1639 15

77 1649 197 1691 mihi*
223 1650 400 1706 quidem
428 1649 578 1700 multa,
611 1660 655 1691 et
677 1664 768 1691 eam
805 1650 1053 1703 utilitatem,
1087 1665 1216 1706 quam
1245 1652 1533 1707 requirebam,

79 1715 142 1757 ut,
164 1708 394 1764 explicatis
417 1707 640 1749 ordinibus
664 1716 924 1764 temporum,
946 1722 1034 1748 uno
1057 1708 1102 1749 in
1125 1717 1363 1765 conspeetu
1385 1711 1534 1751 omnia

79 1765 291 1807 viderem:
323 1780 421 1821 quae
448 1780 548 1807 cum
578 1765 769 1807 studiose
803 1774 986 1807 tractare
1014 1766 1263 1822 coepissem,
1296 1767 1390 1823 ipsa
1421 1768 1532 1810 mihi

78 1823 283 1865 tractatio
305 1822 545 1865 litterarum
577 1823 770 1864 salutaris
807 1822 906 1876 fuit,
942 1823 1271 1879 admonuitque,
1294 1824 1532 1881 Pomponi,

79 1889 128 1920 ut
150 1895 175 1921 a
197 1888 240 1921 te
262 1881 356 1937 ipso
380 1895 592 1923 sumerem
625 1880 787 1937 aliquid
810 1881 864 1922 ad
885 1895 955 1922 me
984 1881 1282 1934 reficiendum,
1305 1891 1435 1939 teque
1463 1899 1532 1925 re-

80 1937 414 1990 munerandum,
436 1940 471 1980 si
494 1954 582 1980 non
605 1939 712 1995 pari,
735 1948 779 1980 at
813 1947 938 1995 grato
969 1945 1115 1981 tamen
1141 1954 1346 1982 munere:
1378 1955 1532 1996 quam-

77 2006 209 2051 quam
232 1995 335 2038 illud
361 1995 622 2038 Hesiodium
644 1996 841 2038 laudatur
860 2012 886 2038 a
914 1997 1071 2048 doctis,
1095 1997 1211 2053 quod
1235 1998 1385 2039 eadem
1406 2003 1530 2040 men-

77 2066 177 2094 sura
200 2053 374 2095 reddere
391 2055 535 2111 jubet,
557 2070 642 2111 qua
665 2054 897 2112 acceperis,
919 2063 995 2096 aut
1016 2055 1149 2096 etiam
1171 2055 1471 2109 cumulatiore,
1491 2056 1526 2097 si

76 2110 230 2167 possis.
291 2111 388 2168 Ego
407 2122 552 2154 autem
573 2112 873 2155 4voluntatem
892 2112 974 2154 tibi
997 2112 1195 2169 profecto
1217 2113 1420 2157 emetiar:
1453 2114 1527 2156 sed
1543 2118 1592 2153 16

77 2183 168 2210 rem
190 2169 328 2226 ipsam
360 2171 554 2213 nondum
586 2185 713 2228 posse
750 2171 923 2223 vide013
955 2169 1086 2227 idque
1116 2180 1166 2212 ut
1200 2171 1416 2228 ignoscaS,
1439 2187 1464 2214 a
1485 2181 1529 2214 te

78 2236 196 2281 peto.
257 2228 352 2270 Nec
372 2229 489 2270 enim
510 2243 566 2271 ex
587 2230 713 2270 novis
736 2233 804 2282 (ut
825 2228 1029 2285 agricolae
1050 2229 1207 2281 solent)
1221 2230 1435 2272 fructibus
1449 2238 1529 2284 est,

78 2283 195 2325 unde
216 2284 297 2326 tibi
331 2286 507 2329 reddam
530 2287 650 2342 'quod
684 2286 848 2343 accepi.
877 2287 938 2328 sic
961 2287 1102 2328 omnis
1124 2286 1260 2329 foetus
1296 2302 1530 2344 repressus,

75 2350 343 2398 exustusque
365 2344 444 2385 flos
464 2345 714 2386 siti'vete1·is
745 2345 956 2386 ubertatis
985 2345 1180 2388 exaruit:
1210 2360 1291 2387 nec
1315 2347 1402 2386 5·ex
1425 2353 1531 2387 con-

77 2399 194 2452 ditis,
216 2401 289 2456 qui
305 2401 457 2456 jacent
480 2403 524 2443 in
542 2403 746 2454 tenebris,
768 2412 813 2443 et
833 2402 887 2443 ad
919 2417 1027 2458 quos
1058 2403 1200 2443 omnis
1222 2402 1348 2443 nobis
1371 2403 1531 2454 aditus,

78 2457 153 2511 qui
175 2472 300 2514 paene
323 2459 422 2500 solis
455 2460 612 2516 patuit,
644 2461 892 2502 obstructus
926 2469 1006 2501 est.
1066 2460 1266 2505 Seremus
1298 2460 1433 2516 igitur
1453 2460 1530 2503 ali-

75 2514 179 2569 quid
200 2523 408 2573 tanquam
429 2517 475 2559 in
497 2517 662 2559 inculto
684 2528 728 2559 et
744 2517 951 2560 derelicto
974 2517 1093 2571 solo;
1123 2517 1240 2575 quod
1262 2518 1325 2560 ita
1344 2517 1531 2576 diligen-

115 2670 137 2702 4
157 2673 359 2706 voluntatem
383 2679 407 2707 t.
435 2675 587 2716 emetiar]
624 2676 779 2718 Speciosa
864 2678 882 2708 5
905 2686 946 2707 ex
963 2676 1114 2718 conditis]
1139 2677 1202 2708 int.
1223 2677 1329 2716 libris,
1344 2687 1426 2718 quos
1448 2678 1528 2709 scri-

72 2718 124 2753 est
135 2714 222 2746 Rivii
244 2720 278 2747 et
291 2716 407 2748 Lamb.
424 2720 584 2749 correctio
606 2721 777 2757 remetiar,
820 2723 908 2759 ptos,
922 2719 978 2750 sed
993 2720 1141 2751 nondum
1155 2721 1261 2751 editos
1276 2720 1390 2752 habet.
1435 2721 1529 2758 Post,

73 2757 151 2795 quia
165 2756 203 2788 de
218 2758 382 2790 reddendo
396 2771 433 2792 ac
456 2762 698 2793 remunerando
712 2772 778 2792 ser·
820 2762 867 2792 ad
878 2771 955 2803 quos
962 2772 1056 2802 paene
1069 2764 1143 2794 solis
1164 2764 1254 2793 nohis
1272 2764 1383 2794 aditus
1399 2764 1530 2803 patuit,

73 2808 129 2828 mo
144 2799 218 2830 fuit.
262 2801 325 2832 Sed
340 2802 378 2833 de
395 2812 427 2833 re
445 2803 610 2835 reddenda
623 2809 696 2835 erat
710 2815 776 2835 ser·
820 2805 881 2835 int.
897 2815 978 2844 quos
1001 2816 1103 2846 prope
1123 2806 1248 2836 nemini
1268 2806 1425 2846 legendos
1440 2805 1530 2836 dedi-

75 2850 145 2877 mo,
163 2851 230 2872 non
244 2841 283 2873 de
298 2844 482 2884 voluntate,
498 2852 537 2877 ut
551 2847 615 2878 hie.
660 2847 778 2887 Itaque
821 2856 907 2878 mus,
958 2847 1034 2886 nlo,
1055 2858 1120 2888 quo
1141 2849 1273 2889 scripsit
1295 2854 1459 2889 tempore,
1487 2848 1530 2879 ab

71 2882 247 2923 vulgatum
257 2894 325 2917 non
338 2887 448 2931 inepte
461 2895 548 2923 stare
563 2899 656 2931 posse
671 2890 779 2922 videa·
822 2890 893 2921 istis
919 2889 1010 2921 libris
1031 2891 1158 2933 aberat,
1184 2896 1225 2925 ut
1246 2891 1353 2933 legere
1377 2895 1436 2924 aut
1456 2890 1529 2934 aliis

71 2929 140 2958 tur.
824 2932 902 2982 <lare
918 2942 987 2966 non
999 2938 1124 2976 posset,

142 2982 251 3012 von.
271 2984 304 3014 1.
774 2977 839 3018 rt
