1945 3235
609 98 797 136 LIBER
834 96 1169 136 SECUNDUS.
1536 101 1615 140 307

162 210 391 245 venturus:
427 203 672 259 permittam
706 202 803 258 ipsi,
825 201 927 257 quid
953 201 1080 251 velit.)
1113 200 1316 241 molestus
1348 215 1613 257 magnopere

161 270 249 298 non
272 275 359 301 ero.
405 262 480 302 Sin
505 261 628 317 plane
651 260 916 308 abhorrebit,
939 267 981 298 et
1003 257 1081 298 erit
1105 258 1337 298 absurdus:
1373 269 1418 298 ut
1442 274 1484 299 se
1507 273 1611 299 con-

154 314 313 368 tineat,
345 329 418 359 aut
448 319 497 359 ad
533 318 646 358 aliud
679 318 866 357 studium
899 314 1140 365 transferat,
1175 314 1432 355 admonebo.
1495 316 1608 356 Ram
1622 321 1672 356 86

161 386 301 428 neque
325 375 373 425 is,
395 376 468 430 qui
491 376 655 431 optime
685 385 840 430 potest,
863 372 1119 414 deserendus
1144 371 1228 412 ullo
1252 372 1381 411 modo
1405 382 1469 412 est
1490 388 1514 412 a
1536 388 1610 414 co-

161 428 407 473 hortatione
430 444 589 482 nostra,
612 446 750 486 neque
771 447 818 478 is,
841 431 912 478 oui
938 429 1099 484 aliquid
1128 439 1283 484 potest,
1306 428 1606 472 deterrendus:

161 490 276 541 quod
309 490 502 540 alterum,
533 489 773 530 divinitatis
807 488 910 528 mihi
936 487 1158 543 cujusdam
1188 486 1378 526 videtur:
1412 485 1607 537 alterum,

166 546 228 586 vel
259 561 344 587 non
379 546 531 596 faeere,
563 546 678 602 quod
713 561 797 586 non
828 545 994 601 optime
1027 544 1178 600 possiS,
1208 543 1271 583 vel
1306 542 1459 593 facere,
1491 544 1607 598 quod

158 617 248 644 non
283 604 464 659 pessime
497 603 643 653 facias,
678 603 983 644 humanitatis:
1018 601 1191 642 tertium
1235 615 1332 641 vero
1368 599 1487 650 illud,
1521 600 1607 641 cla—

159 674 276 701 mare
294 670 444 701 contra
465 676 592 715 quam
615 662 780 711 deceat,
803 661 841 691 61²,
856 670 900 701 et
921 675 1048 715 quam
1074 659 1224 715 possis,
1246 658 1432 699 hominis
1456 667 1534 709 est,
1560 668 1606 699 ut

160 726 221 768 tn,
247 717 413 768 Catule,
436 719 476 748 0¹4
488 719 540 759 de
563 719 749 773 quodam
781 718 1068 758 declamatore
1099 716 1264 766 dixisti,
1287 715 1482 756 stultitiae
1515 731 1602 757 suae

157 775 495 831 quamplurimos
530 785 658 816 testes
691 776 929 816 domestico
961 774 1180 830 praeconio
1213 772 1471 828 colligentis.
1536 772 1667 822 De87

159 831 242 873 hoc
264 832 411 889 igitur,
434 833 506 888 qui
530 834 610 874 erit
634 833 744 884 talis,
768 844 811 873 ut
835 832 1126 874 cohortandus
1156 830 1510 886 adjuvandusque
1533 831 1603 883 sit,

156 889 218 930 ita
239 890 478 945 loquamur,
498 902 545 931 ut
566 891 604 931 ei
630 891 845 932 tradamus
868 905 917 931 ea
938 890 1165 939 duntaxat,
1185 904 1281 944 quae
1307 903 1382 928 nos
1405 903 1502 928 usus
1525 889 1603 929 do-

154 948 262 998 cuit,
286 957 332 989 ut
354 949 479 989 nobis
511 948 692 989 ducibus
717 949 858 989 veniat
881 963 946 999 eo,
970 962 1055 1002 quo
1078 947 1169 986 sine
1199 947 1308 987 duce
1340 946 1420 1002 ipsi
1452 961 1601 1002 perve-

156 1005 313 1055 nimus,
335 1006 536 1061 quoniam
572 1005 747 1046 meliora
776 1006 930 1047 docere
960 1020 1044 1045 non
1078 1019 1319 1060 possumus.
1372 1003 1530 1057 Atque,
1554 1006 1681 1052 ut⁶21

155 1078 181 1103 a
203 1062 402 1104 familiari
424 1074 571 1104 nostro
593 1064 817 1115 exordiar3
850 1063 964 1103 hunc
986 1076 1082 1118 ego,
1104 1061 1271 1111 Catule,
1291 1062 1330 1091 65
1346 1060 1664 1116 Sulpicium,38

155 1121 363 1175 (primum
402 1122 445 1162 in
478 1136 605 1162 causa
643 1121 828 1177 parvula,
860 1119 1224 1161 adolescentulum
1264 1119 1443 1168 audivi,)
1483 1134 1601 1171 voce,

154 1188 198 1218 et
220 1178 372 1228 forma,
387 1189 438 1219 ‚et
459 1189 578 1219 motu
602 1179 808 1234 corporis,
831 1187 874 1218 et
898 1177 1069 1232 reliquis
1101 1178 1226 1217 rebus
1259 1186 1409 1231 aptum
1442 1176 1492 1217 ad
1518 1177 1601 1218 hoc

153 1250 324 1287 munus,
354 1236 406 1277 de
437 1251 522 1291 quo
552 1236 798 1291 quaeriinus,
823 1236 1017 1276 oratione
1047 1244 1190 1275 autem
1224 1233 1350 1274 celeri
1383 1243 1426 1274 et
1454 1235 1601 1275 conci-

158 1302 261 1343 tata,
299 1294 432 1348 (quod
472 1304 562 1334 erat
604 1293 764 1348 ingenii
785 1295 814 1342 :)
862 1304 904 1333 et
945 1292 1085 1333 verbis
1125 1291 1519 1343 effla-vescentibus,
1559 1302 1601 1334 et

156 1350 298 1406 paullo
321 1352 499 1392 nimium
534 1350 887 1400 redundantibus,
910 1349 1044 1405 (quod
1068 1359 1157 1390 erat
1180 1349 1320 1389 aetatis
1337 1352 1366 1401 z)
1389 1364 1475 1389 non
1508 1364 1602 1392 sum

155 1418 420 1463 aspernatus.
482 1408 590 1449 Volo
614 1408 728 1448 enim
761 1422 804 1448 se
826 1407 976 1448 efferat
1008 1407 1048 1447 in
1082 1405 1352 1447 adolescente
1384 1405 1601 1448 foecundi-

154 1476 233 1507 tas,
257 1466 404 1507 66nam
430 1466 597 1507 facilius
621 1467 732 1507 sieut
760 1466 802 1506 in
828 1466 1272 1507 vitibus.1·evocantur
1294 1479 1357 1514 ea,
1381 1479 1478 1519 quae
1511 1479 1601 1507 sese

150 1524 333 1565 nimium
368 1524 665 1580 profuderunt,
699 1538 845 1578 quam,
885 1523 916 1563 si
954 1522 1061 1562 nihil
1096 1522 1205 1562 valet
1239 1523 1454 1572 materies,
1487 1537 1602 1564 nova

152 1591 367 1623 sarmenta
398 1582 565 1623 cultura
584 1581 867 1628 excitantur:
902 1581 961 1620 ita
993 1579 1090 1620 volo
1115 1594 1206 1620 esse
1238 1579 1281 1620 in
1313 1579 1600 1633 adolescente,

152 1639 266 1680 unde
287 1640 447 1695 aliquid
470 1650 704 1694 amputem.
766 1639 864 1678 Non
889 1638 1002 1678 enim
1029 1646 1167 1692 potest
1192 1637 1235 1678 in
1260 1651 1310 1678 eo
1333 1651 1485 1677 succus
1507 1653 1599 1679 esse

153 1697 395 1747 diuturnus,
417 1697 532 1752 quod
556 1697 682 1737 nimis
705 1695 898 1737 celeriter
919 1704 984 1736 est
1014 1695 1306 1735 maturitatem
1340 1704 1598 1736 assecutum.

154 1753 255 1795 Vidi
285 1755 428 1795 statim
462 1754 664 1804 indolem,
688 1767 826 1808 neque
848 1753 991 1794 dimisi
1016 1763 1199 1808 tempuS,
1223 1762 1265 1792 et
1287 1767 1385 1792 eum
1410 1767 1501 1792 sum
1525 1769 1597 1794 co·
1610 1757 1659 1793 89

153 1810 366 1862 hortatus,
390 1821 438 1852 ut
460 1813 498 1845 67
510 1811 649 1852 forum
674 1811 754 1852 sibi
779 1810 924 1851 ludum
950 1821 1120 1866 putaret
1142 1824 1232 1850 esse
1264 1810 1314 1850 ad
1339 1810 1598 1853 dicendum:

151 1869 407 1924 magistrum
429 1880 588 1918 autem,
613 1883 738 1923 quem
765 1867 903 1917 vellet,
926 1868 1128 1922 eligeret:
1164 1881 1231 1907 me
1252 1867 1425 1922 quidem
1458 1868 1491 1908 si
1525 1884 1599 1909 au-

153 1926 278 1978 diret,
304 1926 351 1967 L.
376 1925 594 1968 Crassum.
623 1926 737 1981 quod
770 1925 849 1966 iste
882 1925 1075 1980 arripuit,
1099 1934 1141 1965 et
1173 1925 1233 1965 ita
1262 1940 1351 1965 sese
1383 1924 1598 1967 facturum

192 2041 232 2071 63
254 2044 286 2070 et
300 2050 399 2080 quam
407 2039 534 2080 possim]
553 2040 686 2071 Correxi
709 2050 767 2080 pro
779 2049 852 2079 pos·
896 2038 1144 2078 Interpungunt
1159 2038 1257 2078 vulgo
1273 2040 1317 2069 sie
1331 2039 1500 2079 :saeilius,
1516 2040 1600 2072 sicut

147 2083 201 2119 sit,
218 2083 295 2113 olim
312 2095 329 2113 e
344 2088 520 2113 contextu:
541 2093 615 2112 nam
632 2088 709 2112 ante
724 2087 773 2112 est
788 2092 851 2112 mm
894 2081 929 2110 z'n
944 2082 1074 2115 vilibus,
1090 2086 1303 2115 revocantur;
1320 2083 1409 2121 quasi
1426 2081 1599 2121 ista‚flrci-

148 2127 265 2164 optime
281 2128 395 2165 possis,
419 2124 533 2155 deinde
558 2135 620 2155 non
638 2126 777 2164 pessime
786 2125 850 2164 fiz-

147 2168 215 2198 eias
226 2181 235 2197 .-
259 2177 346 2197 nunc
360 2174 393 2198 et
409 2168 442 2197 in
458 2168 507 2198 ed.
524 2167 611 2207 Lips.
626 2168 740 2206 reperi.

191 2211 231 2241 64
257 2210 295 2240 de
323 2212 463 2249 quodam
492 2210 735 2249 declamatore]
766 2211 851 2240 Gru-

147 2256 237 2282 terus
260 2253 293 2282 in
314 2253 376 2283 Ms.
393 2253 512 2292 reperit
527 2253 706 2282 clamatore
714 2265 725 2284 ‚·
750 2259 784 2282 et
806 2255 851 2283 sie

148 2294 271 2325 habent
293 2295 357 2325 Ms.
374 2296 412 2326 E.
430 2295 500 2325 edd.
516 2295 566 2324 W.
583 2303 608 2324 s.
627 2295 648 2324 l.
663 2300 696 2324 et
711 2305 740 2324 a.
763 2295 851 2335 Lips.

147 2336 367 2376 placeretque,
383 2338 407 2368 si
425 2347 550 2377 possem
564 2337 725 2376 explicare
741 2338 775 2366 in
791 2337 852 2367 hac

147 2378 289 2410 lectione
309 2381 505 2419 proeconium
527 2380 749 2414 domest-imm,
766 2380 852 2418 quod

150 2430 216 2451 non
232 2422 324 2452 video
338 2433 402 2462 qua
417 2422 456 2452 de
479 2422 544 2452 alia
558 2432 603 2459 re,
621 2432 717 2460 quam
735 2422 774 2452 de
797 2422 851 2452 de-

149 2463 360 2501 clamatione,
377 2464 518 2504 intelligi
534 2465 647 2504 possit.

192 2507 232 2536 65
263 2506 458 2546 Sulpicium,
480 2508 630 2547 primum
661 2505 736 2545 δῖα]
765 2506 852 2545 Quia

149 2548 256 2578 oratio
292 2559 357 2579 non
394 2550 476 2580 bene
511 2549 675 2579 oohaerere
709 2549 848 2585 videtur,

149 2589 329 2620 Lambinus
356 2597 390 2622 et
419 2592 570 2622 Pearcius
599 2591 766 2630 interponi
794 2601 850 2620 vo-

149 2631 223 2663 lunt
247 2642 339 2663 eum:
364 2634 548 2674 Sulpicium
568 2644 640 2664 cum
656 2635 851 2673 primum—

149 2675 272 2705 cmdz'vi.
316 2675 348 2704 Si
371 2676 447 2715 quid
461 2676 527 2707 tale
551 2676 761 2711 tentandum,
782 2686 852 2705 ma-

148 2717 205 2747 lim
221 2722 269 2747 ut.
314 2717 376 2747 Sed
399 2718 455 2749 illa
473 2719 794 2758 primum—audivi,
816 2719 852 2748 in

149 2760 335 2799 parenthesi
351 2760 438 2791 dieta
453 2761 590 2801 accipio,
607 2761 655 2791 ita
673 2761 765 2791 nulla
781 2770 852 2791 cor-

149 2802 294 2832 rectione
311 2811 392 2841 opus
405 2808 466 2833 est.

191 2844 232 2874 66
264 2854 342 2875 nam
359 2844 504 2884 facilius
528 2846 612 2876 sicut
641 2847 675 2875 in
704 2843 848 2884 vitibus]

894 2124 957 2153 lius
973 2128 1177 2158 revocantur,
1196 2134 1261 2154 non
1286 2124 1326 2155 ad
1348 2124 1598 2156 similitudinem

893 2171 926 2195 et
949 2166 989 2196 ad
1015 2167 1096 2196 vites
1119 2167 1322 2205 pertineant,
1346 2167 1402 2197 sed
1424 2167 1463 2197 ad
1487 2177 1600 2198 conse-

894 2218 1008 2246 quens.
1052 2208 1158 2247 Atque
1194 2210 1228 2239 in
1260 2209 1330 2239 edd.
1362 2219 1411 2250 pr.
1440 2210 1502 2239 ista
1530 2211 1599 2241 sine

895 2252 1162 2291 interpunctione
1184 2256 1273 2281 sunt.
1318 2252 1394 2281 Post
1411 2253 1601 2282 esc-itanum·

895 2294 991 2323 colon
1025 2294 1148 2333 scripsi.
1196 2294 1258 2324 Pro
1279 2293 1505 2334 prqfudemcut
1532 2295 1597 2326 ΜΞ.

896 2336 934 2366 Ε,
946 2335 1175 2375 prodiderunt.

938 2380 977 2410 67
1002 2376 1123 2416 jbrum
1159 2378 1217 2407 sibi
1254 2378 1459 2415 lydum—ad
1492 2380 1598 2409 dicen-

895 2420 1000 2459 dum]
1033 2420 1141 2459 Vulgo
1170 2421 1370 2457 discendum,
1401 2421 1497 2451 male.
1537 2422 1598 2452 Di<

894 2473 981 2493 scere
1008 2463 1207 2502 intelligitur
1231 2464 1265 2492 in
1293 2464 1386 2496 Iudo;
1411 2463 1496 2501 quod
1519 2465 1597 2504 adji-

895 2506 982 2535 citur
1009 2504 1099 2541 ludo,
1129 2505 1226 2535 dehet
1255 2505 1390 2535 definire
1419 2515 1521 2544 genus
1550 2507 1599 2537 di-

893 2548 1014 2578 scendi.
1061 2547 1104 2577 Et
1127 2548 1260 2578 verbum
1280 2547 1342 2577 hoc
1357 2558 1533 2579 commune
1548 2555 1594 2580 est

895 2591 1066 2628 magistro,
1083 2591 1136 2627 qui
1153 2591 1266 2620 statim
1290 2591 1448 2629 sequitur.
1494 2592 1596 2623 Intel-

893 2632 1044 2671 ligendus
1068 2637 1178 2662 autern
1207 2637 1255 2662 est
1279 2633 1438 2670 magister
1457 2634 1596 2671 dicendi,

895 2685 960 2704 non
981 2675 1132 2704 discendi.
1178 2674 1250 2704 Hac
1274 2675 1527 2706 ratiocinatione
1551 2689 1598 2707 re.

895 2727 1042 2756 pereram
1069 2716 1163 2752 olim,
1191 2717 1432 2747 rescribendum
1460 2728 1528 2749 esse
1552 2720 1601 2749 di-

895 2760 1046 2789 cendum.
1090 2760 1270 2798 Postquam
1285 2758 1356 2789 edd.
1374 2759 1423 2789 W.
1440 2765 1473 2789 et
1489 2770 1513 2791 S.
1530 2761 1550 2791 l.
1566 2769 1601 2793 et

896 2813 925 2831 a.
949 2803 1071 2841 accepi,
1096 2802 1128 2831 in
1155 2806 1292 2840 utraque
1314 2802 1440 2841 γαμετὴ
1464 2804 1544 2833 item
1567 2805 1600 2835 in

896 2845 960 2875 Ms.
979 2844 1016 2875 E.
1032 2851 1066 2875 et
1081 2843 1131 2874 ed.
1146 2843 1235 2884 Lips,

841 2893 920 2929 ΧΩ
