1945 3235
284 128 357 166 165
740 126 825 167 DE·
854 121 1241 168 INVENTIONE

281 231 375 286 ejus
405 246 556 273 vocem
590 232 749 284 audivi,
783 247 870 275 non
907 242 1149 275 extremum
1182 232 1274 288 ejus
1313 229 1511 288 spiritum
1549 228 1717 287 excepi.

284 288 411 340 Item,
435 290 705 332 inimicorum
739 291 781 331 in
812 291 1011 332 manibus
1043 299 1236 331 mortuus
1256 299 1334 340 est,
1365 288 1511 329 hostili
1543 288 1585 329 in
1608 298 1722 330 terra

286 347 468 402 turpiter
501 347 642 402 jacuit
680 348 931 404 insepultus,
967 363 992 388 a
1029 347 1128 388 feris
1161 348 1234 388 diu
1274 355 1468 396 vexatus,
1501 345 1719 386 communi

200 413 273 448 109
287 418 457 459 quoque
478 405 641 446 honore
672 405 715 445 in
744 414 882 446 morte
903 405 1056 446 caruit.
1118 405 1285 456 Nonus,
1321 418 1396 460 per
1424 417 1551 458 quem
1580 403 1718 443 oratio

286 461 339 502 ad
362 470 500 503 mutas
522 473 565 503 et
594 471 790 518 expertes
822 462 953 504 animi
985 477 1048 504 res
1080 463 1284 504 refertur:
1317 470 1379 512 ut,
1403 461 1437 501 si
1468 460 1520 501 ad
1547 474 1721 515 equum,

284 518 475 570 domuin,
508 530 683 569 vestem,
723 534 962 560 sermonem
995 520 1175 576 alicu-jus
1215 518 1528 568 accommodes,
1561 516 1718 572 quibus

283 577 450 617 animus
484 591 646 627 eorum,
677 578 750 630 qui
785 576 965 618 audiunt
1003 587 1046 618 et
1084 578 1267 633 aliquem
1304 576 1561 626 dilexerunt,
1593 573 1721 615 vehe-

282 645 449 675 menter
486 644 796 675 commovetur.
859 634 1080 685 Decimus,
1123 650 1198 692 per
1236 649 1363 689 quem
1406 632 1566 688 inopia,
1605 631 1723 671 infir-

283 691 424 741 mitas,
459 691 645 731 solitudo
678 691 1009 733 demonstratur.
1059 692 1337 743 Undecimus,
1369 705 1442 747 per
1483 703 1612 745 quem
1650 698 1725 729 aut

283 747 528 798 liberorum,
560 758 633 789 aut
667 758 906 804 parentum,
938 759 1011 790 aut
1041 751 1104 791 sui
1139 750 1329 805 corporis
1365 746 1611 804 sepeliendi,
1649 757 1724 786 aut

285 804 466 859 alicujus
497 806 709 860 ejusmodi
742 807 801 847 rei
833 808 1151 849 commendatio
1184 807 1246 847 fit.
1309 805 1617 854 Duodecimus,
1649 817 1724 858 per

283 876 412 917 quem
435 862 669 917 disjunctio
692 863 937 919 deploratur
958 866 1012 905 ab
1035 865 1193 920 aliquo,
1215 879 1314 905 eum
1337 862 1550 904 diducaris
1581 862 1634 902 ab
1657 873 1725 911 eo,

283 919 459 973 quicum
489 920 771 961 libentissime
806 921 979 972 vixeris,
1001 932 1050 962 ut
1079 937 1104 962 a
1134 931 1322 978 parente,
1355 921 1459 971 filio,
1487 919 1630 970 fratre,
1662 917 1725 958 fa·-

283 975 454 1017 miliari.
514 976 894 1029 Tertiusdecimus‚
918 992 992 1034 per
1022 993 1150 1034 quem
1172 994 1270 1020 cum
1301 978 1600 1034 indignatione
1621 990 1725 1017 con-

283 1033 516 1088 querimur,
547 1034 664 1090 quod
702 1035 757 1075 ab
791 1035 857 1087 iis,
889 1050 914 1076 a
945 1036 1102 1091 quibus
1131 1036 1309 1076 minime
1341 1035 1585 1085 conveniat,
1614 1032 1726 1074 male

286 1100 532 1143 tractemur,
557 1092 825 1148 propinquis,
857 1092 1022 1144 amicis,
1053 1093 1209 1149 quibus
1242 1092 1594 1143 benefecerimus,
1616 1106 1724 1146 quos

174 1169 206 1199 p.
222 1159 272 1191 69..
286 1148 503 1203 adjutores
534 1149 626 1190 fore
658 1150 967 1205 putaverimus,
990 1159 1064 1192 aut
1097 1166 1121 1191 a
1153 1151 1309 1206 quibus
1338 1149 1619 1204 60indignum
1655 1149 1725 1199 sit,

245 1214 335 1245 mut
376 1207 522 1257 servis,
564 1207 743 1257 libertis,
785 1207 1030 1260 clientibus,
1074 1208 1354 1264 supplicibus
1417 1206 1726 1253 Quartusdeci-

205 1249 396 1315 56111118,
420 1264 490 1319 qui
526 1278 601 1319 per
623 1265 965 1306 obsecrationem
989 1266 1191 1307 sumitur:
1226 1265 1267 1305 in
1291 1280 1377 1320 quo
1399 1273 1575 1306 orantur
1595 1263 1726 1304 modo

287 1320 363 1371 illi,
387 1321 460 1376 qui
495 1321 690 1373 audiunt,
715 1321 866 1363 humili
899 1331 943 1363 et
972 1323 1155 1379 supplici
1186 1323 1394 1374 oratione,
1422 1331 1471 1362 ut
1499 1321 1729 1361 miserean-

286 1386 370 1419 tur.
432 1378 833 1431 Quintus-decimus,
868 1393 942 1435 per
970 1380 1105 1436 quem
1129 1395 1214 1421 non
1248 1390 1428 1430 nostras,
1460 1379 1532 1419 sed
1562 1393 1726 1429 eorum,

286 1435 360 1490 qui
384 1436 471 1476 cari
502 1436 627 1476 nobis
660 1437 819 1477 debent
843 1451 947 1489 esse,
979 1438 1173 1479 fortunas
1204 1438 1409 1493 conqueri
1441 1451 1517 1477 nos
1549 1437 1727 1477 demon-

287 1501 484 1534 stramus.
546 1493 900 1535 Sextusdecimus
931 1504 1009 1546 est,
1040 1510 1117 1551 per
1148 1510 1276 1551 quem
1311 1495 1503 1535 animum
1532 1502 1727 1534 nostrum

286 1550 333 1590 in
364 1550 468 1591 alios
494 1551 815 1592 misericordem
845 1566 935 1593 esse
951 1553 1250 1604 ‘ostendimus;
1281 1562 1324 1592 et
1349 1562 1492 1593 tamen
1521 1551 1728 1607 amplum,

289 1616 333 1647 et
369 1607 603 1659 excelsum,
637 1617 680 1649 et
717 1609 753 1639 6¹
772 1609 1009 1665 patientem
1042 1610 1415 1651 incommodorum
1447 1623 1552 1660 esse,
1585 1617 1630 1649 et
1661 1607 1730 1649 fu-

291 1674 434 1705 turum
457 1679 562 1716 esse,
587 1665 620 1705 si
643 1666 746 1721 quid
770 1664 989 1719 acciderit,
1008 1668 1364 1708 demonstramus.
1387 1681 1486 1708 nam
1509 1681 1623 1722 saepe
1646 1666 1729 1706 vir·

289 1724 359 1762 ‘tus
392 1731 435 1763 et
468 1722 809 1778 magnificentia,
843 1725 941 1766 62j11
975 1740 1060 1780 qua
1090 1726 1277 1781 gravitas
1308 1734 1352 1765 et
1382 1724 1614 1765 auctoritas
1649 1732 1729 1774 est,

289 1779 384 1835 plus
407 1780 580 1836 proficit
601 1781 655 1821 ad
677 1781 1015 1823 misericordiam
1037 1782 1410 1832 commovendam,
1433 1796 1561 1837 quam
1588 1781 1730 1821 humi-

288 1836 386 1877 litas
421 1846 465 1878 et
502 1839 760 1880 obsecratio.
821 1839 1065 1881 Commotis
1098 1850 1242 1881 autem
1282 1839 1451 1890 animis,
1489 1838 1650 1879 diutius
1684 1838 1729 1879 in

290 1895 602 1949 conquestione
632 1896 789 1937 morari
810 1911 898 1938 non
920 1898 1153 1954 oportebit.
1215 1897 1593 1944 Quemadmodum
1614 1895 1731 1937 enim

288 1951 403 1992 dixit
433 1952 579 1994 rhetor
600 1951 903 2009 Appollonius,
926 1954 1102 1996 lacrima
1131 1954 1238 1995 nihil
1260 1955 1387 1996 citius
1418 1953 1586 1995 arescit.
1647 1952 1732 1994 Sed

289 2009 494 2064 quoniam
516 2011 555 2041 63
568 2019 612 2051 et
642 2011 743 2051 satis
767 2011 962 2053 videmur
992 2013 1044 2053 de
1076 2013 1276 2053 omnibus
1307 2012 1501 2068 partibus
1523 2009 1731 2052 orationis

289 2066 466 2118 dixisse,
494 2075 537 2107 et
566 2067 696 2122 hujus
727 2069 956 2110 voluminis
1000 2069 1254 2126 magnitudo
1288 2069 1458 2125 longius
1497 2067 1731 2124 processit3

290 2138 388 2179 quae
412 2133 649 2179 sequuntur
671 2125 888 2182 deinceps,
911 2127 955 2167 in
979 2127 1166 2168 secundo
1189 2126 1298 2167 libro
1321 2127 1528 2167 dicemus.

331 2238 372 2268 60
395 2237 577 2277 Indignum
598 2239 665 2279 sit]
690 2239 798 2280 Vulgo
813 2245 877 2271 est.-
908 2240 991 2272 illud
1075 2243 1115 2273 69
1139 2240 1182 2272 In
1205 2240 1294 2281 quam]
1323 2241 1403 2271 Mss.
1427 2239 1576 2271 Oudend.
1605 2248 1732 2277 omnes,

290 2281 423 2317 rectius,
452 2281 538 2320 quod
567 2281 690 2312 habent
712 2282 791 2313 Mss.
814 2282 899 2323 apud
922 2283 990 2313 Ou-
1034 2285 1123 2315 Cass.
1148 2284 1211 2314 Gu.
1239 2286 1265 2313 1.
1282 2284 1315 2312 in
1330 2293 1402 2323 quo,
1418 2283 1504 2322 quod
1518 2282 1732 2323 p1·aefert0u-

289 2321 384 2352 ‹lentL
398 2323 450 2352 Sic
463 2329 557 2353 ante:
574 2333 595 2354 α
610 2325 723 2364 quibus
735 2335 797 2354 non
810 2326 988 2356 conveniat.
1033 2327 1128 2357 dend.
1151 2330 1190 2356 ut
1205 2331 1263 2357 aut
1280 2326 1487 2365 intelligatur
1501 2326 1644 2360 animus,
1661 2329 1733 2362 aut,

332 2365 366 2395 61
396 2364 587 2396 Patieneem
611 2367 885 2398 incommodorum.
913 2378 988 2405 esse,
1033 2369 1120 2409 quod
1129 2365 1732 2407 malimmego'tio,demonstrativeque

290 2405 495 2447 etficturum
509 2408 598 2448 essa]
626 2410 905 2440 Incommodormn
922 2420 990 2440 sus-
1033 2412 1162 2442 dicatur
1197 2412 1290 2451 cujus
1317 2411 1433 2441 formae
1463 2410 1559 2452 plura
1583 2409 1733 2449 exempla

289 2454 424 2488 pectum
446 2454 497 2480 est
517 2450 770 2492 Oudendorpio3
795 2453 847 2491 qui
866 2453 901 2482 in
923 2462 990 2482 uno
1033 2460 1132 2493 sunt3
1162 2454 1256 2493 idque
1271 2453 1462 2493 exquisitius
1478 2452 1611 2491 vulgato
1627 2456 1687 2481 est.

290 2491 399 2521 codice
426 2492 459 2521 id
482 2493 517 2522 in
546 2494 694 2533 marg-ine
722 2495 819 2525 modo
858 2497 989 2536 reperit.
1075 2498 1115 2527 63
1138 2497 1188 2529 Et
1215 2498 1295 2527 satis
1321 2493 1654 2533 videmur—dixisse]
1674 2494 1734 2527 ,Sic

290 2532 369 2563 Non
382 2533 547 2573 displicet:
565 2545 643 2566 nam
656 2537 734 2567 alias
747 2537 880 2567 verbum
889 2538 987 2568 Pati·
1034 2539 1113 2569 Mss.
1127 2540 1236 2580 plures
1256 2550 1306 2579 ap.
1321 2537 1405 2568 Oud.
1424 2537 1511 2568 Cass.
1530 2537 1593 2566 Gu.
1615 2538 1645 2567 Q.
1659 2536 1730 2566 edd.

290 2585 346 2605 ens
361 2576 395 2605 in
406 2576 466 2606 tali
479 2578 627 2608 oratione
642 2579 727 2609 nude
741 2580 887 2619 ponitur.
901 2580 989 2611 Tum
1033 2586 1113 2611 vett.
1129 2583 1189 2612 nisi
1213 2582 1298 2620 quod
1312 2585 1342 2610 et
1363 2581 1397 2610 in
1420 2579 1579 2619 principio
1602 2578 1734 2618 reliqui-

288 2617 397 2657 recepi
421 2617 562 2648 alterum
590 2630 654 2650 esse
685 2626 759 2662 post
777 2621 942 2661 ficturum
971 2634 988 2654 e
1032 2634 1104 2654 mus
1118 2629 1251 2654 auctore
1264 2624 1326 2654 Ms.
1343 2632 1408 2653 uno
1421 2621 1511 2653 Leid.
1525 2627 1559 2653 et
1572 2621 1618 2651 sic
1632 2620 1733 2651 edidit

290 2659 371 2689 Mss.
387 2659 487 2690 Gron.
502 2661 587 2691 Oud.
611 2663 701 2694 Cass.
723 2664 786 2694 Gu.
806 2667 829 2694 1.
851 2667 881 2696 Ξῖ.
897 2669 931 2695 et
945 2666 989 2695 vi-
1031 2666 1148 2697 Lamb.
1173 2665 1294 2707 Vulgo,
1314 2670 1345 2696 ec
1367 2665 1460 2704 satie,
1484 2670 1521 2697 ut
1540 2664 1734 2696 videmur-

291 2701 388 2731 detur
415 2701 476 2732 hoc
504 2702 575 2733 loco
603 2705 726 2745 aliquid
753 2707 904 2740 efficaciae
931 2707 989 2740 ha·
1032 2709 1185 2741 dacianus.

290 2743 366 2776 bere
380 2745 531 2785 repetitio
547 2747 626 2787 ejus,
