1945 3235
725 130 999 170 BRUTUS.
1500 133 1578 172 477

147 234 302 290 inquit.
379 233 435 276 Et
479 249 578 276 vero
619 233 690 276 hic
734 235 896 291 Scipio,
938 232 1103 287 collega
1143 247 1277 284 meus,
1322 232 1428 274 mihi
1477 247 1578 274 sane

149 292 258 333 bene
288 304 331 333 et
357 293 473 348 loqui
505 293 688 343 videtur,
711 303 754 333 et
786 293 941 333 dicere.
1002 289 1153 339 Recte,
1184 290 1579 345 inquam,judicaS,

147 348 295 390 Brute.
357 349 527 392 Etenim
550 350 672 390 istius
695 364 829 405 genus
851 358 916 389 est
945 362 999 388 ex
1032 347 1165 402 ipsius
1197 345 1418 401 sapientiae
1442 348 1578 404 stirpe

147 416 411 461 generatum.
473 407 586 447 Nam
608 416 651 447 et
672 407 725 447 de
745 407 913 447 duobus
932 405 1021 445 avis
1038 405 1132 459 jam
1148 403 1352 452 diximus,
1372 404 1577 459 Scipione

145 473 189 504 et
212 464 388 516 Crasso;
419 461 462 504 et
483 465 535 505 de
567 463 702 504 tribus
737 463 921 519 proaviS,
946 462 1002 509 Q.
1027 460 1223 511 Metello,
1246 459 1369 514 cujus
1391 470 1575 514 quatuor

143 520 235 572 filii,
260 521 310 562 P.
334 522 550 577 Scipione,
571 520 644 575 qui
675 534 729 560 ex
760 520 983 561 dominatu
1005 519 1073 560 Ti.
1098 516 1285 560 Gracchi
1308 517 1500 572 privatus
1531 519 1575 558 in

143 576 383 620 libertatem
406 578 714 633 rempublicam
740 578 988 631 vindicavit,
1011 577 1068 624 Q.
1087 575 1282 617 Scaevola
1303 588 1479 629 augure,
1501 575 1573 629 qui

144 635 562 691 peritissimusjuris',
577 634 776 690 idemque
797 636 1006 691 percomis
1028 643 1093 675 est
1111 633 1298 674 habitus.
1349 631 1448 673 Jam
1467 631 1661 673 duo-213

142 707 236 733 rum
260 694 494 733 abavorum
526 707 654 747 quam
690 703 754 733 est
781 693 943 734 illustre
974 706 1147 742 nomen,
1184 690 1233 731 P.
1254 689 1468 745 SciponiS,
1499 689 1573 743 qui

143 750 208 790 bis
230 749 379 791 consul
409 748 506 800 fuit,
529 750 602 805 qui
635 760 700 790 est
731 750 964 791 Corculum
1000 749 1155 800 dietus,
1188 747 1359 788 alterius
1379 746 1573 787 omnium

142 807 460 862 sapientissimi,
490 806 541 847 C.
567 807 715 849 Laelii?
749 807 788 849 O
815 821 1081 865 generosam,
1118 805 1272 861 inquit,
1305 805 1496 861 stirpem,
1529 814 1572 844 et

140 872 345 919 tanquam
376 864 420 905 in
453 878 582 905 unam
615 865 810 906 arborem
844 865 966 922 plura
997 878 1168 921 genera,
1190 863 1250 904 sic
1281 862 1326 902 in
1348 862 1474 902 istam
1495 858 1704 902 d0,p.184.

138 934 258 962 mum
290 925 332 952 30
345 922 577 963 multorum
610 922 782 964 insitam
813 933 942 979 atque
974 922 1258 963 illuminatam
1291 910 1612 976 sapientiam!²·

140 977 348 1020 Similiter
380 980 513 1036 igitur
549 980 757 1036 suspicor,
788 984 855 1033 (ut
892 979 1163 1022 conferamus
1201 992 1332 1034 parva
1369 977 1571 1033 magnis‚)
1585 975 1656 1033 59

140 1035 359 1088 Curionis,
396 1037 475 1078 etsi
506 1037 693 1093 pupillus
721 1038 893 1079 relictus
929 1049 1006 1089 est,
1041 1037 1180 1093 patrio
1211 1035 1341 1076 fuisse
1372 1035 1571 1076 instituto

136 1108 246 1150 puro
268 1109 461 1136 sermone
484 1095 766 1136 assuefactam
785 1096 983 1137 domum:
1015 1104 1059 1136 et
1080 1109 1131 1135 eo
1149 1093 1287 1149 magis
1308 1092 1389 1133 hoc
1405 1092 1574 1147 judico,

137 1152 253 1206 quod
276 1153 491 1193 neminem
513 1167 566 1193 ex
590 1152 640 1193 iis
663 1153 849 1207 quidem,
864 1154 937 1208 qui
960 1153 1103 1208 aliquo
1121 1152 1164 1191 in
1186 1165 1364 1192 numero
1388 1151 1576 1199 fuerunt,

138 1210 326 1265 cognovi
349 1210 392 1250 in
415 1211 532 1251 omni
556 1224 710 1266 genere
741 1210 1016 1252 honestarum
1047 1210 1203 1251 artium
1226 1218 1312 1249 tam
1335 1208 1575 1258 indoctum,

141 1276 228 1307 tam
251 1268 414 1309 rudem.
477 1267 654 1308 Nullum
688 1266 756 1308 ille
787 1269 962 1324 po'etam
994 1277 1186 1318 noverat,
1217 1265 1380 1307 nullum
1410 1265 1661 1321 legerat214

137 1333 365 1377 oratorem,
401 1325 558 1366 nullam
590 1326 842 1367 memoriam
876 1325 1144 1382 antiquitatis
1184 1323 1439 1379 collegerat:
1486 1338 1574 1364 non

137 1382 360 1438 publicum
380 1383 470 1438 jus,
503 1397 590 1424 non
630 1383 845 1438 privatum
879 1393 922 1425 et
950 1383 1075 1425 civile
1105 1390 1391 1438 cognoverat:
1423 1395 1575 1436 quam-

136 1454 266 1495 quam
290 1440 331 1481 id
354 1441 527 1495 quidem
550 1440 633 1481 fuit
654 1440 784 1481 etiam
818 1442 862 1482 in
893 1442 1001 1493 aliis,
1024 1451 1066 1482 et
1087 1439 1256 1496 magnis
1282 1438 1457 1494 quidem
1479 1453 1575 1479 ora-

138 1498 318 1549 toribus,
340 1513 447 1553 quos
472 1513 623 1555 parum
653 1497 719 1538 his
744 1499 975 1541 instructos
998 1499 1160 1539 artibus
1184 1497 1385 1547 vidimus,
1407 1505 1456 1536 ut
1479 1495 1575 1536 Sul-

136 1554 314 1610 picium,
337 1565 385 1596 ut
414 1555 670 1596 Antonium.
731 1555 814 1597 Sed
848 1557 878 1596 ii
902 1567 1045 1597 tamen
1066 1569 1200 1596 unum
1230 1553 1333 1595 illud
1355 1553 1576 1595 habebant

132 1612 304 1654 dicendi
326 1628 434 1668 opus
456 1612 746 1655 elaboratum:
779 1614 908 1669 idque
929 1629 1029 1655 cum
1060 1623 1277 1654 constaret
1297 1626 1352 1652 ex
1383 1611 1573 1667 quinque

133 1670 370 1711 notissimis
402 1671 611 1727 partibus,
644 1685 770 1712 nemo
804 1673 848 1712 in
881 1671 1023 1727 aliqua
1053 1681 1173 1727 parte
1206 1684 1350 1710 earum
1393 1670 1571 1710 omnino

132 1727 243 1768 nihil
264 1737 446 1783 poterat.
478 1728 521 1769 in
552 1743 822 1784 quacumque
844 1729 960 1770 enim
982 1743 1067 1769 una
1087 1730 1123 1758 3¹
1141 1728 1266 1784 plane
1297 1726 1570 1778 claudicaret,

134 1793 280 1825 orator
297 1799 491 1827 essenon
518 1795 676 1842 posset.
739 1787 823 1828 Sed
847 1796 990 1828 tamen
1013 1785 1119 1827 alius
1151 1786 1195 1826 in
1227 1784 1310 1825 alia
1331 1774 1659 1826 excellebat21⁵

134 1842 299 1899 magis:
332 1844 584 1900 reperiebat,
598 1843 702 1899 quid
723 1844 808 1885 dici
832 1859 942 1900 opus
963 1853 1088 1895 esset,
1110 1852 1153 1884 et
1173 1845 1214 1873 32
1227 1841 1445 1897 quomodo
1462 1857 1571 1898 prae-

134 1900 289 1955 parari,
311 1908 354 1940 et
375 1916 462 1957 quo
484 1901 578 1943 loco
601 1901 757 1944 locari:
790 1902 1082 1958 memoriaque
1101 1915 1151 1941 ea
1176 1899 1572 1956 comprehendebat

132 1956 375 2000 Antonius:
407 1959 645 2000 excellebat
667 1968 812 2000 autem
843 1960 1038 2002 actione:
1071 1967 1278 2013 erantque
1299 1958 1337 1998 ei
1369 1956 1570 2012 quaedam

131 2029 187 2056 ex
221 2015 287 2056 his
325 2016 445 2071 paria
481 2031 580 2058 cum
624 2016 794 2067 Crasso,
835 2017 1036 2072 quaedam
1077 2016 1208 2056 etiam
1250 2016 1483 2070 superiora.
1526 2024 1572 2055 at

133 2072 277 2114 Crassi
310 2074 449 2129 magis
484 2074 676 2116 enitebat
708 2074 861 2115 oratio.
923 2074 1017 2116 Nec
1051 2088 1151 2115 vero
1191 2072 1400 2129 Sulpicio,
1429 2086 1570 2127 neque

130 2129 276 2172 Cottae
299 2130 441 2172 dicere
460 2147 702 2188 possumus,
724 2146 863 2187 neque
893 2132 1094 2188 cuiquam
1126 2131 1241 2171 bono
1272 2130 1448 2179 oratori,
1479 2143 1569 2171 rem

129 2186 259 2228 ullam
277 2202 332 2229 ex
351 2188 432 2230 illis
455 2190 644 2246 quinque
663 2189 857 2246 partibus
876 2189 1001 2245 plane
1019 2200 1148 2245 atque
1166 2188 1344 2229 omnino
1367 2187 1567 2230 defuisse.

131 2244 286 2301 Itaque
316 2245 359 2286 in
383 2246 574 2289 Curione
609 2248 692 2289 hoc
723 2247 942 2288 verissime
968 2246 1157 2303 judicari
1190 2254 1349 2302 potest,
1377 2244 1495 2287 nulla
1524 2235 1656 2286 ΜΞΝ

130 2317 217 2344 una
244 2303 382 2360 magis
416 2315 629 2348 oratorem
661 2305 968 2357 commendari,
1007 2319 1134 2360 quam
1165 2304 1393 2344 verborum
1431 2301 1571 2358 splen·

169 2463 210 2492 30
233 2463 413 2493 multorum
436 2463 570 2494 insitam
592 2468 689 2503 atque
705 2463 828 2493 illumz'-
872 2463 1035 2494 claudere.
1081 2462 1209 2492 Horum
1227 2461 1399 2492 verborum
1425 2462 1573 2493 confusio

128 2507 246 2534 natam
280 2505 366 2545 sap]
405 2505 640 2537 inluminatam
673 2505 828 2535 vitiosum
871 2511 904 2535 et
924 2505 1001 2535 alibi
1021 2506 1055 2535 in
1077 2505 1126 2535 his
1149 2505 1240 2536 libris
1263 2503 1435 2536 rhetoricis
1456 2510 1572 2536 notata

130 2553 211 2581 esse,
226 2547 260 2576 in
275 2556 314 2576 eo
336 2549 560 2579 consentiunt.
603 2547 690 2589 Quid
715 2548 827 2577 reseri-
869 2552 930 2579 est.

130 2585 286 2625 bendum,
300 2598 367 2620 non
388 2591 483 2621 facile
505 2591 604 2622 dicas.
649 2590 829 2621 Lambinus
913 2592 954 2621 3<2
969 2589 1120 2629 quomodo
1129 2587 1333 2629 proepurari]
1358 2588 1411 2619 Sic
1424 2588 1496 2619 dedi
1511 2599 1570 2629 pro

130 2630 314 2669 corrigebat
335 2633 547 2665 imminutam
560 2647 568 2663 ,-
598 2633 684 2673 quod
710 2632 830 2662 durum

130 2671 245 2711 utiquc
266 2680 327 2704 est.
383 2675 434 2705 An
450 2678 582 2707 illatam
596 2678 612 2706 ,7
635 2675 667 2706 id
691 2684 768 2704 sane
796 2678 830 2704 et

129 2712 242 2744 domui
254 2720 288 2745 et
302 2716 408 2747 arbori
423 2719 596 2756 convenit3
619 2717 736 2749 melius
744 2717 830 2746 forte

128 2755 308 2802 illigatam.
335 2759 398 2790 Sed
411 2760 493 2791 nihil
507 2761 658 2799 decemo,
675 2770 733 2791 nec
748 2759 829 2789 mihi

130 2805 198 2838 lpse
213 2799 388 2833 satisfacio-

172 2843 209 2871 31
220 2843 323 2881 plane
336 2844 551 2885 claudicaret]
571 2845 651 2876 Mss.
663 2844 727 2875 duo
738 2846 829 2875 clau-

129 2885 235 2917 deret:
255 2886 342 2926 quod
356 2892 406 2918 est
421 2888 615 2929 speciosum.
632 2897 661 2919 v.
678 2887 771 2920 Clav.
794 2888 829 2919 in

865 2641 1078 2672 praeparare:
1101 2631 1187 2671 quod
1209 2637 1303 2662 extra
1324 2631 1414 2662 hunc
1435 2636 1572 2662 contex-

872 2679 945 2705 tum
973 2680 1098 2704 rectum
1118 2679 1215 2710 esset,
1241 2684 1258 2704 e
1282 2674 1498 2713 grammatica
1522 2683 1573 2704 ra—

872 2717 980 2747 tione:
1004 2716 1070 2754 hic,
1087 2717 1141 2747 ubi
1156 2717 1269 2747 statim
1293 2717 1451 2755 sequitur,
1466 2720 1498 2746 et
1513 2726 1573 2755 quo

873 2760 937 2789 loeo
950 2760 1062 2796 locari,
1076 2769 1142 2789 non
1155 2761 1273 2795 locare,
1286 2763 1320 2788 et
1331 2759 1485 2798 praecedit
1495 2758 1571 2795 dim',

873 2802 965 2832 nullo
981 2801 1077 2831 modo
1100 2812 1214 2832 verum
1235 2806 1297 2837 est,
1313 2801 1369 2831 sed
1391 2801 1572 2831 necessario

872 2843 1100 2883 corrigendum
1123 2850 1195 2875 erat
1210 2843 1414 2884 proeparavi.
1438 2852 1479 2873 ne
1504 2842 1569 2874 tito

872 2886 1003 2926 quidem
1015 2887 1061 2917 sic
1074 2886 1245 2927 discrepet.
