1945 3235
357 136 439 173 536
840 134 919 172 ΑΒ
963 129 1319 171 TREBATIUM

361 254 429 280 res
457 238 637 294 aliquas,
668 245 734 280 est
764 236 1039 295 hujusmodi:
1084 237 1330 295 principum
1364 238 1595 279 commoda
1626 230 1811 294 majora,

229 313 261 348 p.
277 307 493 352 227.quarn
518 297 804 352 reliquorum;
836 299 1042 353 itemque,
1064 311 1161 353 quae
1180 294 1457 352 jucundiora,
1480 310 1577 351 quae
1613 294 1809 352 pluribus

321 355 566 410 ³·p1·obata,
594 369 692 409 quae
722 355 778 396 ab
808 356 976 412 optimo
1009 368 1182 410 quoque
1214 352 1402 394 laudata.
1461 351 1621 408 Atque,
1643 362 1691 394 ut
1712 351 1809 395 haec

318 397 349 443 2
366 414 411 453 in
433 413 759 468 comparatione
781 413 973 464 meliora,
997 413 1057 454 sic
1079 412 1306 461 deteriora,
1321 425 1418 465 quae
1443 410 1494 451 iis
1515 420 1616 452 sunt
1637 418 1810 452 contra-

300 478 348 516 71
366 471 442 511 ria.
506 469 680 512 Parium
703 480 846 512 autem
873 470 1142 526 comparatio
1164 472 1294 509 75nec
1316 467 1548 509 elationem
1565 467 1712 520 habet,
1730 481 1811 510 nec

366 527 714 581 submissionem.
747 538 811 569 est
832 528 947 568 enim
979 527 1171 583 aequalis.
1232 525 1379 567 Multa
1408 535 1554 567 autem
1576 533 1691 577 sunt,
1712 540 1812 581 quae

366 585 615 641 aequalitate
640 588 734 642 ipsa
768 594 1099 641 comparentur:
1132 599 1230 640 quae
1261 585 1323 625 ita
1355 583 1444 624 fere
1476 582 1811 626 concluduntur.

364 644 410 684 Si
443 643 624 684 consilio
650 644 807 698 juvare
837 644 954 684 cives
977 652 1021 682 et
1051 642 1231 692 auxilio,
1255 656 1380 697 aequa
1414 641 1457 682 in
1490 640 1614 682 laude
1647 655 1814 698 ponen-

363 702 466 742 dum
500 712 587 742 est:
624 700 715 756 pari
748 701 888 757 gioria
917 699 1078 741 debent
1109 713 1201 741 esse
1230 699 1276 749 ii,
1308 699 1382 754 qui
1413 699 1661 750 consulunt,
1692 706 1737 739 et
1766 698 1813 750 ii,

363 760 436 814 qui
460 758 715 799 defendunt.
736 759 778 791 76
791 767 850 810 at,
869 757 987 814 quod
1011 757 1214 814 primuni,
1237 765 1327 798 est:
1359 757 1475 811 quod
1507 757 1700 812 sequitur
1730 755 1815 812 igi-

364 827 448 856 tur.
522 814 724 857 Perfecta
769 826 834 857 est
873 815 1014 857 omnis
1057 823 1413 871 argumentorum
1455 813 1815 856 inveniendorum

363 874 619 930 pret-ceptio,
641 882 704 924 ut,
727 889 825 916 cum
853 873 1075 931 profectus
1095 872 1151 913 sis
1174 887 1199 913 a
1220 870 1488 922 definitione,
1511 885 1536 912 a
1566 870 1816 928 partitione,

365 946 390 972 a
411 931 651 982 notatione,
675 947 699 972 a
720 931 984 987 conjugatiS,
1007 947 1032 972 a
1054 943 1225 987 genere,
1247 945 1273 971 a
1293 928 1448 979 forma,
1470 944 1496 970 a
1517 928 1815 980 similitudine,

365 1005 390 1030 a
411 988 669 1040 differentia,
693 1004 718 1029 a
752 989 995 1040 contrariis,
1027 989 1082 1029 ab
1113 987 1347 1042 adjunctis,
1381 1001 1407 1026 a
1434 985 1818 1042 consequentibus,

366 1047 424 1088 ab
444 1048 818 1098 antecedentibus,
841 1063 865 1088 a
887 1045 1247 1103 repugnantibus,
1278 1060 1303 1085 a
1334 1043 1489 1096 causis,
1512 1044 1568 1086 ab
1589 1042 1772 1094 effectis,
1793 1058 1820 1085 a

367 1105 695 1162 comparatione
728 1106 957 1161 majorum,
980 1104 1212 1155 minorum,
1244 1102 1429 1159 parium,
1458 1101 1576 1143 nulla.
1608 1109 1819 1159 praeterea

367 1163 490 1203 sedes
512 1163 757 1219 argumenti
776 1162 1009 1218 quaerenda
1032 1162 1102 1203 sit.

288 1212 358 1267 19
430 1220 513 1262 Sed
544 1221 751 1276 quoniam
774 1221 835 1262 ita
856 1237 881 1262 a
902 1219 1119 1277 principio
1141 1218 1383 1268 divisimus,
1406 1226 1456 1259 ut
1484 1217 1591 1260 alios
1612 1216 1732 1259 locos
1753 1216 1819 1258 di-

307 1285 357 1323 7‘3
371 1292 564 1320 ceremus
588 1279 632 1319 in
662 1293 714 1319 eo
737 1278 847 1335 ipse,
876 1279 929 1320 de
951 1293 1038 1333 quo
1073 1276 1326 1333 ambigitur,
1359 1275 1540 1327 haerere,
1571 1275 1626 1317 de
1657 1275 1816 1331 quibus

369 1336 474 1377 satis
496 1346 561 1377 est
579 1336 761 1387 dictum,
784 1337 890 1377 alios
910 1335 1069 1377 assumi
1092 1335 1385 1385 extrinsecus3
1415 1334 1469 1375 de
1498 1334 1551 1375 iis
1582 1348 1723 1390 pauca
1750 1332 1818 1374 di·-

367 1409 542 1436 camus:
576 1394 656 1434 etsi
678 1409 730 1435 ea
752 1394 857 1435 nihil
881 1395 1061 1434 omnino
1083 1393 1137 1434 ad
1160 1401 1323 1434 vestras
1345 1391 1662 1448 disputationes
1685 1390 1819 1448 perti·

367 1462 498 1503 nent3
542 1452 615 1493 sed
647 1461 791 1492 tamen
836 1462 972 1492 totam
1009 1466 1100 1492 rem
1139 1449 1431 1507 perficiamUS,
1466 1447 1820 1505 quandoquidem

365 1510 600 1566 coepimus.
664 1509 817 1564 Neque
838 1509 953 1550 enim
978 1517 1025 1548 tu
1045 1509 1080 1549 is
1107 1522 1167 1558 es,
1190 1521 1316 1562 quem
1340 1506 1466 1557 nihil,
1484 1506 1562 1548 nisi
1581 1507 1656 1562 jus
1675 1505 1822 1557 civile,

366 1567 578 1609 delectet:
610 1576 655 1607 et
675 1567 883 1622 quoniam
913 1566 968 1607 ad
991 1575 1033 1606 te
1054 1565 1151 1607 haec
1170 1564 1232 1605 ita
1262 1564 1525 1615 scribuntur,
1546 1574 1597 1606 ut
1617 1563 1749 1605 etiam
1771 1564 1817 1605 in

313 1649 316 1657 ι
366 1624 549 1666 aliorum
569 1639 723 1666 manus
745 1625 832 1666 sint
854 1633 1050 1674 ventura,
1069 1623 1195 1665 detur
1216 1636 1361 1678 opera,
1383 1630 1433 1662 ut
1453 1620 1821 1678 quamplurimum

303 1693 354 1732 ¹73
369 1682 435 1734 iis,
458 1697 568 1738 quos
600 1692 719 1723 recta
751 1682 895 1724 studia
925 1681 1157 1732 delectant,
1181 1680 1382 1737 prodesse
1412 1679 1644 1736 possimus.
1705 1678 1820 1722 Haec

366 1755 472 1798 ergo
496 1742 833 1796 argumentatio,
861 1755 959 1796 quae
981 1739 1143 1780 dicitur
1164 1737 1267 1779 artis
1298 1752 1469 1793 expei·S,
1493 1737 1537 1778 in
1567 1736 1822 1779 testimonio

366 1799 512 1855 posita
532 1808 610 1839 est.
673 1797 992 1840 Testimonium
1015 1806 1160 1838 autem
1193 1810 1307 1836 nunc
1329 1794 1515 1837 dicimus
1537 1809 1680 1846 omne,
1702 1795 1820 1850 quod

364 1857 420 1898 ab
442 1856 586 1912 aliqua
608 1871 653 1897 re
673 1866 855 1898 externa
875 1855 1060 1897 sumitur
1077 1855 1130 1896 ad
1154 1852 1397 1895 faciendam
1417 1852 1563 1894 fidem.
1625 1852 1819 1894 Persona

363 1923 511 1956 autem
543 1929 630 1956 non
655 1914 984 1970 qualiscumque
1017 1912 1256 1954 testimonii
1287 1912 1457 1968 pondus
1486 1911 1645 1953 habet:
1678 1910 1732 1952 ad
1755 1911 1819 1952 fa-¹

363 1972 563 2014 ciendam
584 1972 701 2013 enim
724 1971 856 2014 fidem
886 1971 1123 2013 auctoritas
1145 1969 1376 2026 quaeritur:
1410 1969 1484 2009 sed
1507 1968 1816 2011 auctoritatem

363 2039 440 2072 aut
461 2039 615 2071 natura
636 2039 712 2071 aut
733 2038 904 2087 tempus
937 2028 1078 2070 affert.
1137 2030 1177 2062 77
1195 2027 1376 2069 Naturae
1399 2026 1634 2068 auctoritas
1665 2026 1710 2068 in
1737 2026 1821 2067 vir-

363 2097 459 2129 tute
481 2088 594 2129 inest
615 2088 827 2130 maxime:
861 2087 906 2128 in
928 2096 1125 2143 tempore
1155 2094 1301 2127 autem
1321 2084 1460 2127 multa
1492 2094 1608 2135 sunt,
1630 2099 1729 2140 quae
1752 2083 1817 2125 af-

364 2145 506 2188 ferant
524 2146 844 2196 auctoritatem,
862 2144 1101 2201 ingenium,
1123 2158 1243 2200 opes,
1263 2151 1383 2195 aetaS,
1401 2142 1591 2194 fortuna,
1604 2155 1687 2194 ars,
1703 2155 1821 2192 usus,

362 2204 613 2254 necessitas,
633 2204 862 2245 concursio
879 2203 1012 2244 etiam
1028 2215 1354 2257 nonnumquam
1370 2214 1512 2241 rerum
1525 2198 1820 2241 fortuitarum.

365 2261 482 2304 Nam
512 2269 557 2302 et
587 2261 854 2318 ingeniosos,
886 2269 931 2302 et
961 2259 1206 2318 opulentos,
1241 2268 1286 2300 et
1318 2257 1461 2300 aetatis
1498 2257 1640 2314 spatio
1663 2257 1823 2315 proba-

365 2329 448 2371 tos,
470 2319 644 2375 dignos,
663 2319 822 2375 quibus
839 2318 1054 2370 credatur,
1076 2325 1254 2375 putant:
1287 2331 1374 2357 non
1393 2325 1511 2359 recte
1532 2314 1728 2366 fortasse,
1749 2313 1822 2355 sed

363 2377 485 2434 vulgi
509 2377 660 2434 opinio
683 2378 842 2419 mutari
865 2377 943 2418 vix
967 2384 1126 2434 potest,
1149 2375 1203 2416 ad
1233 2388 1417 2429 eamque
1446 2373 1595 2416 omnia
1626 2371 1824 2428 dirigunt

363 2444 408 2476 et
440 2436 513 2492 qui
540 2435 762 2491 judicant,
798 2443 843 2476 et
874 2434 949 2491 qui
981 2433 1253 2476 existimant.
1315 2432 1406 2480 Qui
1439 2431 1556 2474 enim
1588 2430 1656 2472 his
1677 2430 1822 2481 rebus,

1114 2597 1177 2637 git,
1201 2599 1302 2636 atque
1322 2595 1386 2627 hoc
1409 2594 1603 2636 explicavit:
1632 2593 1825 2625 dialectieo·

1113 2649 1187 2670 rum
1208 2648 1299 2669 more
1323 2638 1465 2669 breviter
1487 2636 1617 2677 prolata
1630 2642 1680 2667 est
1695 2645 1821 2667 assum·

404 2602 444 2632 75
468 2608 526 2628 nec
541 2599 715 2630 clationem
737 2598 847 2638 habet]
872 2608 903 2628 v.
920 2597 1012 2628 Clzw.
1035 2597 1071 2629 in

362 2642 470 2672 elatio.
506 2641 566 2671 Ed.
584 2641 666 2671 Ven.
683 2642 811 2672 habeat.
836 2651 903 2671 non
918 2639 1017 2678 male,
1030 2645 1071 2671 ut

363 2686 405 2714 sit
421 2684 653 2724 praeeipientis.
683 2684 764 2714 Mox
778 2687 1011 2723 comparentur
1019 2682 1070 2713 ed.

362 2729 446 2758 Yon.
464 2737 521 2766 pro
536 2730 787 2766 comparantur,
802 2732 841 2756 ut
862 2727 929 2766 ipse
945 2724 1069 2755 dudum

361 2779 579 2800 correxeram.

404 2813 446 2845 76
469 2817 517 2849 at,
533 2811 790 2851 quodprimum,
810 2810 870 2849 esc]
897 2809 950 2840 Sic
965 2810 1068 2841 inter-

361 2854 464 2895 punxi
485 2854 608 2890 locum,
632 2854 686 2892 qui
710 2854 743 2883 in
761 2853 902 2892 vulgatis
925 2859 975 2882 est
998 2853 1068 2884 sine

361 2897 642 2938 interpunctione.
671 2896 831 2928 Boethius
848 2896 948 2927 etiam
965 2896 1009 2927 sie
1023 2895 1067 2927 le-

1112 2683 1162 2712 tio
1184 2686 1220 2713 et
1242 2680 1421 2712 conclusio.
1465 2680 1542 2717 Sed,
1555 2687 1594 2710 ut
1609 2679 1740 2720 opinor,
1754 2678 1821 2720 pri-

1114 2734 1207 2755 mum
1221 2724 1306 2765 quod
1319 2723 1436 2754 melius
1449 2722 1544 2753 absit.

1154 2770 1194 2801 77
1231 2766 1523 2797 Natum—inest
1545 2763 1705 2805 maxime]
1735 2763 1818 2796 Mss-

1111 2814 1178 2840 tres
1204 2809 1292 2850 apud
1316 2809 1495 2839 Gruterum
1532 2808 1694 2844 maxima,
1724 2806 1821 2846 idque

1111 2853 1180 2892 ipse
1202 2851 1335 2892 probat:
1360 2851 1406 2881 sic
1417 2855 1453 2881 et
1465 2850 1531 2882 Ms.
1545 2850 1585 2883 V.
1620 2850 1744 2882 Verum
1761 2858 1822 2891 pu·

1110 2900 1158 2927 tn.
1175 2894 1230 2926 ned
1246 2904 1364 2937 parurn
1380 2893 1491 2929 refert.
