1945 3235
578 114 764 181 LIBE‘R
790 141 1115 180 SECUNDUS.
1480 146 1550 182 193

126 262 266 290 rarum
305 263 475 305 quoque
513 248 873 290 constitutionum
909 247 1119 287 rationem
1151 254 1278 301 atque
1309 256 1549 302 praecepta3

121 319 172 346 ac
193 307 382 347 maxime
403 305 662 360 conjecturis
693 304 899 346 faciendis
923 304 1137 344 infirmare
1168 302 1284 353 illud,
1316 305 1430 358 quod
1451 319 1553 344 cum

119 377 185 414 eo,
200 364 313 418 quod
329 363 494 404 crimini
513 362 699 412 dabitur,
720 363 764 412 ii,
787 362 859 416 qui
872 362 1202 410 accusabuntur,
1222 361 1548 414 comparabunt.

124 418 172 461 Id
206 421 294 472 fiet,
317 421 350 461 si
382 428 455 460 aut
487 419 544 470 id,
575 420 691 474 quod
721 419 865 459 dicent
899 418 1143 459 defensores
1174 417 1367 457 futurum
1404 417 1546 468 fuisse,

120 477 201 518 nisi
226 478 266 518 id
301 476 461 518 factum
492 486 616 526 esset,
650 491 743 531 quo
769 476 820 521 de
854 475 970 516 facto
993 475 1210 530 judicium
1243 483 1321 524 est,
1356 473 1547 514 futurum

121 534 252 575 fuisse
273 534 522 589 negabitur:
554 543 628 573 aut
650 534 683 573 si
707 533 789 573 alia
810 533 987 584 ratione,
1007 542 1050 573 et
1068 532 1193 573 aliam
1213 532 1269 572 ob
1291 545 1477 581 causam,
1498 545 1547 574 ac

119 591 233 633 dicet
256 605 300 632 se
320 605 414 631 reus
437 590 602 641 fecisse,
625 590 989 631 demonstrabitur
1010 604 1101 630 esse
1123 589 1300 629 factum.
1362 587 1467 642 Ejus
1488 589 1543 628 rei

114 648 397 698 confirmatio,
419 656 463 688 et
493 648 595 688 item
616 648 830 689 contraria
851 648 903 688 de
923 648 1041 703 p'arte
1064 647 1296 687 infirmatio
1318 660 1372 686 ex
1395 645 1542 700 conje-

113 706 263 746 cturali
305 705 613 746 constitutione
654 714 859 746 sumetur.
927 705 1002 746 Sin
1044 713 1186 745 autem
1222 713 1339 745 certo
1369 702 1543 743 nomine

115 762 312 803 maleficii
346 763 570 803 vocabitur
610 762 652 802 in
679 762 911 817 judicium,
942 763 1053 805 sicut
1083 762 1127 802 in
1158 760 1237 801 hac
1266 775 1394 801 causa
1424 764 1543 812 (nam
1572 784 1600 791 π’

113 819 347 874 majestatis
381 820 641 871 arcessitur,)
674 819 926 860 definitione
954 829 1002 860 et.
1029 818 1292 860 definitionis
1317 817 1542 873 praeceptis
1654 866 1661 870 ἠ

113 877 173 916 nti
216 877 448 933 oportebit.
515 876 661 932 Atque
698 877 781 918 hoc
814 877 986 932 quidem
1025 876 1275 932 plerumque
1307 876 1349 915 in
1387 889 1541 930 genere
1554 866 1624 915 25

112 934 283 986 accidit,
306 935 404 975 86ut
431 943 475 975 et
497 936 746 990 conjectura
767 943 811 974 et
832 934 1083 975 definitione
1106 933 1311 974 utendum
1334 933 1403 973 sit.
1464 932 1541 973 Sin

112 991 223 1032 aliud
247 1006 418 1047 quoque
449 991 621 1048 aliquod
654 1006 786 1048 genus
810 992 986 1042 incidet,
1019 992 1110 1046 ejus
1134 991 1300 1047 generis
1324 999 1542 1046 praecepta

110 1048 259 1090 licebit
280 1049 364 1091 huc
394 1050 484 1104 pari
512 1050 677 1090 ratione
696 1049 937 1090 transferre.
969 1064 1067 1089 nain
1090 1048 1327 1089 accusatori
1352 1047 1540 1087 maxime

109 1116 173 1146 est
196 1106 239 1147 in
262 1106 345 1148 hoc
366 1107 685 1158 elaborandum,
708 1117 756 1147 ut
778 1106 820 1147 id
854 1106 995 1161 ipsum
1027 1106 1204 1156 factum,
1228 1115 1402 1160 propter
1423 1104 1539 1159 quod

109 1163 191 1204 sibi
214 1178 308 1204 reus
327 1164 504 1205 concedi
525 1173 649 1220 putat
666 1172 878 1221 oport-ere,
897 1178 1025 1218 quam
1048 1162 1240 1218 plurimis
1264 1162 1451 1201 infirmet
1474 1176 1538 1201 ra-

108 1220 313 1262 tionibus.
336 1222 449 1276 quod
473 1221 696 1272 facileest,
720 1222 753 1261 si
776 1220 905 1276 quam
929 1220 1121 1276 plurimis
1152 1218 1534 1261 constitutionibus

106 1280 147 1311 3⁷
160 1279 408 1334 aggreditur
430 1278 471 1319 id
495 1279 750 1334 improbare.
813 1277 913 1334 Ipsa
934 1288 1078 1318 autem
1109 1277 1390 1332 comparatio,
1414 1283 1595 1331 sepa-‘1⁶5

105 1343 196 1376 rata
214 1350 238 1376 a
256 1337 406 1376 ceteris
421 1337 648 1391 generibus
662 1336 1064 1385 controversiarum,
1081 1335 1141 1375 sic
1159 1349 1213 1375 ex
1238 1348 1312 1374 sua
1335 1334 1374 1374 vi
1390 1334 1534 1382 ‚consi-

105 1392 337 1445 derabitur‚
369 1394 401 1433 si
428 1393 546 1443 illud,
576 1393 692 1448 quod
723 1393 1057 1449 comparabitur,
1081 1401 1155 1433 aut
1174 1406 1258 1432 non
1291 1391 1545 1442 honestum,

104 1457 178 1490 aut
198 1464 285 1490 non
315 1451 432 1502 utile,
455 1459 528 1491 aut
559 1465 645 1491 non
668 1450 953 1491 necessarium
985 1450 1130 1500 fuisse,
1160 1458 1236 1489 aut
1266 1463 1352 1490 non
1393 1456 1536 1488 tanto-

103 1519 203 1562 pere
224 1507 343 1559 utile,
366 1517 440 1548 aut
461 1523 545 1549 non
572 1518 795 1563 tantopere
817 1508 1061 1558 honestum,
1093 1515 1177 1548 aut>
1199 1521 1287 1547 non
1310 1514 1536 1561 tantopere

102 1566 141 1596 38
155 1566 440 1606 necessarium
479 1566 856 1606 demonstrabitur.
935 1565 1105 1606 Deinde
1143 1572 1315 1620 oportet
1361 1578 1536 1611 accusa-

104 1625 254 1674 torem,
277 1622 394 1675 illud,
417 1623 531 1679 quod
555 1623 646 1679 ipse
676 1633 843 1679 arguat,
872 1623 926 1663 ab
958 1637 1023 1674 eo,
1043 1622 1158 1678 quod
1189 1621 1388 1662 defensor
1418 1635 1536 1661 com-

101 1685 238 1733 parat,
262 1695 469 1736 separare.
533 1680 583 1736 Id
605 1690 749 1721 autem
781 1680 933 1731 faciet,
957 1681 992 1720 si
1015 1679 1343 1729 demonstrabit,
1367 1693 1452 1718 non
1476 1678 1538 1718 ita

100 1735 191 1777 fieri
215 1737 364 1789 solere,
385 1752 524 1793 neque
546 1747 759 1794 oportere,
780 1751 919 1793 neque
939 1752 1031 1778 esse
1052 1738 1276 1788 rationem,
1299 1748 1429 1791 quare
1452 1735 1536 1776 hoc

99 1804 274 1850 propter
294 1794 377 1836 hoc
391 1795 480 1846 fiat,
495 1804 556 1846 ut,
575 1805 752 1851 propter
774 1796 956 1847 salutem
975 1786 1176 1846 militum,
1190 1808 1254 1845 ea,
1269 1808 1366 1848 quae
1387 1792 1534 1834 salutis

99 1864 227 1892 causa
259 1861 508 1908 comparata
537 1862 650 1904 sunt,
673 1853 869 1893 hostibus
891 1852 1128 1893 tradantur.
1181 1851 1339 1893 Postea
1359 1864 1536 1905 compa-

101 1921 194 1949 rare
225 1910 444 1965 oportebit
485 1925 584 1951 cum
623 1910 834 1951 beneficio
872 1909 1146 1960 maleficium,
1179 1917 1223 1949 et
1254 1908 1431 1949 omnino
1474 1906 1534 1958 id,

97 1965 213 2020 quod
233 1967 440 2022 arguitur,
454 1982 553 2009 cum
571 1982 637 2019 eo,
651 1967 766 2023 quod
783 1967 953 2008 factum-
965 1970 1005 2002 89
1018 1968 1072 2008 ab
1086 1966 1309 2009 defensore
1322 1964 1533 2015 laudatur,

98 2031 173 2062 aut
214 2022 460 2065 faciendum
493 2024 624 2066 fuisse
656 2024 1034 2075 demonstrabitur,
1074 2023 1347 2073 contendere,
1380 2031 1423 2062 et
1449 2022 1537 2066 hoc,

97 2082 387 2133 extenuando,
419 2082 621 2123 maleficii
651 2082 997 2138 magnitudinem
1030 2081 1156 2124 simul
1182 2080 1409 2136 adaugere.
1480 2078 1532 2120 Id

96 2136 188 2177 fieri
227 2139 401 2194 poterit,
433 2140 465 2181 si
509 2139 1156 2190 demonstrabitur,honestius,
1191 2138 1352 2188 utilius,
1391 2137 1530 2192 magis

96 2196 383 2238 necessarium
402 2201 446 2232 90
459 2196 590 2238 fuisse
608 2197 665 2249 id,
685 2197 801 2253 quod
825 2197 971 2238 vitarit
989 2211 1098 2247 reUS,
1122 2210 1251 2252 quam
1268 2194 1391 2246 lillud,
1414 2193 1530 2249 quod

91 2345 175 2374 rexit
197 2344 387 2376 Lambinus.
423 2347 531 2387 Vulgo
557 2348 698 2378 tractari
716 2356 788 2378 con-
832 2346 913 2386 tum]
932 2345 1011 2376 'vox
1026 2345 1145 2376 ultima
1167 2345 1257 2376 abest
1281 2354 1300 2373 a
1322 2343 1400 2373 Mss.
1418 2341 1530 2382 pleris-

93 2388 206 2416 veniet.
248 2388 412 2427 Oportebit
424 2391 594 2420 adlabere:
616 2390 700 2428 quod
717 2399 789 2420 sen-
833 2400 907 2429 qne,
923 2390 1022 2419 etiam
1039 2388 1169 2418 nostris.
1213 2386 1274 2416 Sed
1289 2396 1327 2416 ea
1342 2386 1450 2416 abesse
1464 2394 1532 2415 non

92 2436 164 2458 sum
179 2430 388 2461 commodum
405 2442 472 2462 non
495 2431 612 2468 habctg
636 2437 670 2461 et
685 2433 790 2462 mani—
833 2436 952 2472 potest.
968 2430 1051 2460 nihil
1066 2431 1153 2460 enim
1170 2435 1267 2465 esset,
1290 2428 1375 2457 unde
1393 2427 1530 2457 infiniti-

91 2470 171 2500 feste
186 2471 250 2502 ista
263 2477 342 2503 sunt
356 2474 594 2514 conjungenda.
604 2474 666 2504 ΜΞ.
683 2475 745 2505 Gu.
758 2477 784 2504 l.
828 2485 886 2504 vus
902 2473 1067 2513 penderet.
1083 2471 1258 2512 Sedsm'sse
1272 2471 1446 2500 delendum
1459 2474 1527 2499 est:

90 2515 230 2543 tractari
244 2516 390 2546 convenit
403 2522 434 2547 et
447 2526 494 2557 op.
829 2526 906 2547 nam
921 2516 1078 2553 anmjam
1101 2519 1151 2545 est
1173 2515 1245 2544 loco
1267 2522 1318 2550 e0‚
1342 2513 1396 2542 ubi
1414 2512 1527 2542 Cicero

115 2554 172 2600 ‘86
203 2555 246 2586 Ut
267 2561 299 2587 et
325 2559 509 2600 conjectura
531 2564 562 2590 et
584 2559 662 2600 def]
688 2559 785 2590 Addi-
829 2559 912 2589 solet
938 2567 1073 2598 ponere:
1108 2562 1168 2587 aut
1205 2565 1271 2586 non
1309 2554 1528 2585 necessarium

93 2590 198 2626 dimus
213 2602 244 2628 et
257 2608 274 2628 e
289 2599 367 2630 Mss.
589 2600 605 2610 “
830 2602 940 2636 fuisse,
955 2605 1013 2630 aut
1029 2601 1086 2629 ἃς.

133 2640 170 2671 87
199 2640 404 2678 Aggreditur
429 2644 467 2673 id
491 2644 605 2684 impr]
645 2645 696 2675 Sic
724 2653 784 2684 pro
870 2646 909 2677 89
925 2643 957 2672 A
969 2640 1131 2681 defensore
1146 2640 1331 2679 laeidatur]
1362 2639 1412 2669 Sic
1428 2638 1528 2668 edidi-

89 2679 175 2718 vulg.
214 2685 432 2720 agg-rediatur
467 2694 525 2716 aut
561 2688 785 2725 aggredietur.
828 2695 901 2716 mus
914 2695 972 2725 pro
988 2685 1177 2714 laudabitur
1190 2694 1206 2713 c
1216 2683 1278 2712 Gn.
1293 2685 1323 2714 ΞΖ.
1337 2681 1529 2721 respondere

90 2722 174 2760 quod
198 2728 248 2753 est
273 2724 307 2754 in
327 2726 397 2756 edd.
425 2737 474 2768 pr.
500 2728 660 2759 edidimus
682 2740 699 2759 e
722 2729 785 2758 ΜΞ.
829 2730 916 2759 enim
932 2727 1028 2756 dehet
1042 2726 1155 2766 priori,
1174 2726 1259 2764 quod
1274 2725 1442 2763 arguitur.

91 2763 179 2794 Cass.
195 2765 281 2804 qnod
295 2771 329 2797 et
344 2771 558 2807 grammatica
574 2772 657 2800 ratio
672 2779 787 2811 postu·
872 2774 912 2804 90
935 2769 1047 2800 fiisse
1075 2769 1110 2797 id
1133 2767 1240 2807 quod]
1281 2768 1332 2797 Sic·
1368 2766 1439 2796 dedi
1470 2775 1531 2805 pro

87 2805 145 2835 lat.
190 2807 301 2838 Facile
313 2815 371 2846 est,
386 2812 413 2840 si
432 2814 646 2850 aggreditur:
669 2820 787 2844 ceterae
830 2813 914 2843 illm!
927 2823 943 2840 c
961 2811 1023 2841 31³.
1042 2810 1132 2841 Leid.
1168 2810 1206 2840 In
1222 2810 1283 2840 Gu.
1302 2813 1328 2840 l.
1343 2814 1392 2838 est
1405 2807 1529 2848 j'nisse,

86 2847 245 2879 lectiones
261 2851 544 2893 requiruntfacile
558 2856 630 2885 erit.
828 2855 929 2894 quod:
953 2853 1038 2893 quod
1066 2853 1266 2893 praeferreni,
1301 2852 1327 2882 si
1353 2851 1388 2880 in
1425 2850 1529 2881 altero

127 2894 165 2920 83
181 2891 527 2934 :Vecesswiumfecisse
551 2897 784 2928 ‹Ienznnstrabi-
830 2907 897 2927 non
912 2903 995 2927 esset
1011 2896 1104 2927 illud.

143 2947 249 2975 VOL.
276 2948 306 2976 1.
805 2953 831 2979 Ο
