1945 3235
30 2920 33 2932 ν
23 2547 33 2903 ...Μ’-μβ-
24 2527 27 2537 -
23 2501 26 2511 -

603 112 796 162 LIBER
831 123 1161 161 SECUNDUS.
1562 124 1613 159 33

220 229 322 273 Duo
359 243 518 286 genera
546 236 646 269 sunt
676 227 929 268 vitiosarum
959 225 1411 282 argumentationum:
1460 241 1611 277 unum,
1630 213 1701 261 90

158 290 276 346 quod
311 290 364 330 ab
391 285 634 329 adversario
670 285 925 341 reprehendi
961 294 1130 340 potest3
1172 284 1302 338 idque
1336 284 1525 339 pertinet
1558 284 1671 324 ad31

149 346 359 388 “c-ausam:
392 345 588 394 alterum,
608 343 723 398 quod
749 343 920 383 tametsi
951 341 1229 398 nugatorium
1253 350 1333 391 cst,
1359 350 1501 382 tamen
1524 356 1612 382 non

159 404 329 461 indiget
341 406 381 437 77
393 400 753 457 reprehensionis.
779 403 892 446 Qua:
917 400 1129 454 sint‚quae
1154 398 1487 454 reprehensione
1510 413 1613 439 con·
1627 412 1657 442 p.
1678 403 1725 432 12.

159 462 294 506 futari
314 459 558 509 conveniat,
594 472 691 513 quae
725 458 857 498 tacite
878 457 1098 498 contemni
1133 466 1263 511 atque
1286 455 1412 495 vitari
1436 457 1527 496 sine
1551 470 1614 496 re-
1627 455 1655 475 ἃ·

159 519 460 576 prehensione,
483 519 522 550 78
537 515 620 556 nisi
653 515 855 570 exempla
887 515 1128 569 subjecero,
1163 511 1404 568 intelligere
1426 512 1616 554 dilucide

156 592 246 618 non
284 574 460 632 poteriS.
523 572 637 614 Hace
671 573 868 629 cognitio
895 573 1148 613 vitiosarum
1185 571 1616 626 argumentationum

159 634 376 690 duplicem
398 630 633 672 utilitatem
655 630 820 671 afferet.
855 645 954 671 nam
978 640 1021 670 et
1048 631 1181 670 vitare
1204 629 1247 670 in
1272 629 1616 684 argumentatio-

158 707 213 734 ne
235 690 389 732 vitium
411 688 679 739 admonebit,-
713 697 757 729 et
778 689 832 729 ab
856 688 949 728 aliis
974 703 1058 728 non
1083 688 1269 728 vitatum
1297 686 1527 727 commode
1550 700 1615 726 re-

157 747 422 806 prehendere
443 746 634 787 docebit.
669 745 891 792 Quoniam
915 746 1050 801 igitur
1072 745 1354 793 ostendimus,
1375 743 1615 799 perfectam

159 815 204 847 et
233 805 405 862 plenam
436 804 861 860 argumentationem
884 818 937 844 cx
963 803 1154 859 quinque
1179 803 1374 858 partibus
1399 811 1613 851 constare,

154 863 202 905 in
233 876 492 918 unaquaque
523 870 645 918 parte
683 861 1075 917 argumentationis
1110 875 1208 916 quae
1249 859 1355 900 vitia
1385 862 1425 893 79
1438 859 1614 900 vitanda

157 921 257 971 sint,
281 920 629 974 consideremus:
661 929 710 960 ut
731 929 775 960 ct
798 920 880 976 ipsi
911 919 965 960 ab
989 919 1055 959 his
1091 918 1207 960 vitiis
1235 917 1447 967 recedere,
1471 928 1514 957 et
1538 916 1613 957 ad·

153 979 442 1021 versariorum
475 978 875 1033 argumentationes
909 977 990 1018 hac
1015 975 1309 1033 praeceptione
1340 975 1383 1016 in
1406 975 1611 1015 omnibus

153 1036 351 1093 partibus
386 1045 567 1086 tentare,
596 1043 641 1076 et
673 1036 737 1076 ab.
759 1034 904 1090 aliqua
937 1047 1058 1090 parte
1084 1033 1346 1075 labefactare
1377 1033 1607 1089 possimus.

154 1093 390 1151 Expositio
414 1093 572 1134 vitiosa
593 1103 671 1144 est,
703 1107 802 1134 cum
824 1094 880 1134 ab
902 1092 1046 1148 aliqua
1067 1102 1142 1133 aut
1164 1107 1188 1132 a
1220 1090 1385 1146 majore
1410 1100 1531 1147 parte
1553 1091 1604 1131 ad
1617 1095 1668 1129 353

153 1167 305 1193 omnes
327 1151 551 1193 confertur
580 1151 638 1201 id,
662 1151 778 1206 quod
801 1165 888 1192 non
911 1151 1153 1191 necessario
1176 1159 1240 1189 est
1263 1149 1465 1189 omnibus
1486 1148 1608 1189 atti-i·-

153 1209 336 1262 butum3
367 1218 415 1249 u't
450 1209 483 1249 si
506 1209 601 1264 quis
631 1209 713 1249 hoc
736 1208 867 1249 modo
886 1218 1105 1264 exponat:
1140 1207 1320 1258 Omnes,
1342 1207 1417 1262 qui
1440 1206 1483 1246 in
1505 1221 1610 1262 pau-

152 1277 320 1324 pertate
343 1276 458 1318 sunt,
479 1266 648 1307 malunt
668 1265 884 1307 maleficio
908 1281 1058 1322 parare
1089 1265 1278 1315 divitias,
1308 1279 1439 1319 quam
1463 1263 1610 1304 officio

153 1334 452 1381 paupertatem
477 1325 602 1365 tueri.
664 1325 709 1365 Si
733 1325 830 1379 quis
849 1324 934 1366 hoc
956 1324 1088 1364 modo
1107 1323 1360 1379 exposuerit
1379 1336 1611 1378 argumen-

153 1384 380 1433 tationem,
416 1391 464 1422 ut
494 1396 580 1422 uon
612 1391 733 1423 curet
767 1396 974 1438 quaerere,
1010 1381 1147 1437 qualis
1179 1381 1288 1421 ratio
1323 1390 1397 1420 aut
1429 1379 1608 1420 rationis

151 1440 428 1482 confirmatio
459 1440 528 1491 sit,
560 1440 698 1496 ipsam
722 1440 849 1481 facile
872 1440 1234 1496 reprehendemus
1267 1438 1607 1494 expositionem,

150 1513 251 1539 cum
282 1498 574 1549 ostendemus,
610 1498 667 1548 id,
691 1498 807 1553 quod
838 1499 882 1539 in
915 1498 1068 1554 aliquo.
1093 1511 1281 1553 paupere
1311 1496 1512 1552 improbo
1535 1497 1605 1547 sit,

152 1556 197 1597 in
220 1571 369 1597 omnes
403 1570 613 1612 pauperes
636 1555 744 1597 falso
768 1566 811 1597 et
848 1556 1010 1613 injuria
1038 1554 1242 1597 conferri.
1305 1553 1416 1595 Item
1449 1554 1666 1595 vitiosass

150 1615 371 1670 expositio
403 1624 481 1665 est,
505 1629 604 1654 cum
626 1614 685 1665 id,
708 1614 825 1669 quod
859 1629 954 1655 raro
989 1614 1054 1665 fit,
1077 1614 1169 1654 fieri
1195 1612 1375 1654 omnino
1406 1621 1604 1667 negatur,

152 1670 238 1713 hoc
258 1672 414 1714 modo:
449 1671 592 1712 Nemo
612 1681 756 1728 potest
780 1687 867 1713 uno
890 1683 1084 1728 aspectu,
1107 1685 1247 1726 neque
1272 1671 1537 1726 praeteriens,
1563 1670 1606 1710 iu

147 1744 342 1771 amorem
365 1729 570 1770 incidere.
602 1745 702 1771 nam
729 1745 830 1771 cum
853 1745 1072 1771 nonnemo
1102 1729 1326 1770 devenerit
1349 1729 1391 1769 in
1415 1742 1606 1769 amorem

149 1801 238 1828 uno
252 1800 446 1843 aspectu,
460 1798 503 1828 et
523 1802 622 1828 cum
638 1788 708 1828 ille
722 1788 940 1830 neminem
954 1788 1113 1829 dixerit
1129 1787 1323 1837 omnino,
1340 1786 1448 1826 nihil
1461 1786 1608 1827 differt

150 1858 247 1885 raro
268 1846 308 1886 id
346 1845 453 1896 fieri,
477 1845 714 1886 dummodo
741 1846 973 1901 aliquando
997 1846 1089 1887 ficri
1121 1855 1195 1886 aut
1219 1859 1344 1900 posse
1364 1844 1456 1884 fieri
1481 1843 1607 1884 intel-

150 1901 325 1959 ligatur.
388 1902 501 1943 Item
538 1903 696 1944 vitiosa
716 1905 937 1960 expositio
960 1915 1039 1955 est,
1063 1918 1164 1945 cum
1197 1917 1348 1943 omnes
1371 1917 1436 1943 res
1460 1894 1687 1943 osten-21

150 1960 292 2001 dimus
316 1975 394 2001 nos
425 1958 665 2016 c'Ollegisse,
689 1971 732 2002 et
755 1963 942 2017 aliquam
975 1976 1065 2002 rem
1092 1961 1294 2002 idoneam
1317 1961 1604 2016 praeterfluus,

147 2017 233 2059 hoc
256 2019 412 2060 modo:
439 2019 660 2064 Quoniam
689 2020 823 2075 igitur
842 2020 1064 2060 hominem
1094 2020 1288 2059 occisum
1312 2028 1483 2059 constat
1498 2032 1605 2069 esse,-

147 2089 324 2117 necesse
346 2085 411 2116 est
430 2086 505 2117 aut
527 2092 553 2117 a
574 2077 870 2132 praedonibus,
891 2089 965 2118 aut
988 2079 1042 2117 ab
1066 2076 1255 2118 inimicis
1279 2077 1472 2117 occisum
1497 2090 1604 2127 esse,

148 2142 225 2174 aut
246 2134 322 2175 abs
347 2144 403 2185 te,
426 2149 555 2190 quem
582 2134 650 2175 ille
682 2135 883 2176 heredem
916 2144 1177 2176 testamento
1211 2131 1265 2175 ex
1290 2143 1412 2190 parte
1435 2136 1475 2165 80
1490 2133 1605 2175 fece-

145 2201 227 2233 rat.
277 2191 512 2233 Praedoncs
534 2192 604 2234 illo
628 2192 725 2233 loco
748 2208 971 2249 nunquam
995 2203 1095 2234 suut
1118 2192 1224 2234 visi:
1258 2192 1485 2233 inimicum
1507 2190 1603 2231 uul-

147 2247 236 2290 lum
269 2249 476 2291 habebat.
521 2250 792 2306 relinquitur,
828 2253 862 2292 si
900 2266 1039 2307 neque
1073 2266 1098 2291 a
1133 2250 1427 2306 praedonibus,
1462 2263 1603 2304 neque

147 2307 203 2348 ab
237 2308 427 2349 inimicis
457 2309 627 2350 occisus
657 2318 737 2362 est,
771 2310 980 2366 quoniam
1011 2309 1132 2350 alteri
1168 2323 1255 2350 noti
1277 2318 1415 2360 erant,
1445 2306 1603 2349 alteros

185 2436 226 2468 77
251 2432 547 2475 Reprehensionis]
564 2434 663 2475 Vulg.
678 2438 851 2476 reprehen-
894 2435 1021 2477 dor-pio.

141 2477 239 2508 sione.
284 2477 373 2508 Illud
395 2478 427 2508 J.
448 2479 550 2508 Gron.
574 2479 698 2519 reperit
720 2480 753 2509 in
771 2479 851 2511 Mss.
937 2483 978 2514 79
1010 2477 1158 2509 Vitanda
1179 2477 1274 2518 sina]
1311 2477 1374 2508 Pro
1397 2477 1488 2517 vulg.
1511 2481 1602 2517 sunt,

144 2518 266 2550 Medic.
311 2520 564 2561 Oudendorpius
587 2522 622 2551 in
641 2521 727 2559 aliis,
742 2531 801 2552 nos
817 2523 852 2553 in

144 2561 209 2592 Ms.
228 2563 320 2592 Cort.
343 2564 431 2602 quod
452 2570 516 2601 est,
532 2569 570 2594 ut
583 2565 768 2594 Gronovius
782 2575 852 2595 mo-

143 2605 232 2642 nuit,
247 2607 457 2636 consenticus
480 2606 713 2637 consuetudini
736 2613 850 2638 aucto-

143 2647 189 2677 ris
203 2649 238 2677 in
251 2648 408 2678 struendo
431 2650 529 2680 verbo
544 2651 704 2688 indigere.
748 2650 851 2680 Favet

143 2689 247 2719 etiam
274 2696 463 2730 contextus,
497 2702 572 2722 cum
597 2703 673 2723 uiox
694 2698 852 2732 sequatur

142 2734 397 2771 reprehensione.

187 2776 228 2807 78
252 2775 438 2807 AVisi—non
447 2777 597 2818 poteris]
624 2777 774 2809 Fecimus
790 2779 853 2809 nisi

143 2827 162 2847 e
174 2817 215 2853 η’,
230 2821 264 2847 et
279 2818 462 2850 addidimus
485 2831 551 2851 non
564 2830 582 2850 e
604 2820 686 2852 Mss.
710 2821 846 2861 optimis

140 2864 177 2889 et
188 2859 259 2889 edd.
273 2870 322 2899 pr.
335 2867 374 2891 ut
390 2865 481 2896 1474.
494 2863 584 2893 Med.
601 2865 692 2898 1474.
704 2870 738 2894 et
755 2867 846 2899 1498.

141 2905 241 2940 atque
267 2902 315 2933 ita
339 2904 490 2944 placebat
505 2906 636 2936 Graes-io
657 2911 692 2937 et
712 2906 847 2939 Ouden-

203 2958 312 2987 vol..
338 2960 370 2988 1.

895 2523 984 2562 quod
998 2522 1082 2552 ratio
1105 2521 1251 2561 primum
1268 2521 1393 2555 docuit.
1414 2526 1489 2562 post
1503 2532 1521 2552 e
1536 2521 1603 2552 ΜΞ.

897 2566 989 2595 Cort.
1005 2573 1040 2595 ct
1052 2563 1138 2604 apud
1146 2563 1297 2594 Oudend.
1310 2575 1328 2594 e
1343 2564 1421 2594 Mss.
1435 2564 1528 2595 Leid.
1542 2574 1601 2594 no-

893 2614 1003 2639 tatum
1019 2607 1134 2647 reperi.
1180 2606 1296 2646 Itaque
1312 2608 1429 2647 recepi.

936 2654 977 2682 80
1001 2649 1163 2688 Fecerat]
1190 2649 1301 2681 Etiam
1324 2650 1393 2679 sine
1426 2649 1518 2680 libris
1554 2650 1601 2681 sic

893 2692 1124 2732 corrigendum
1141 2698 1223 2722 crat.
1269 2691 1332 2722 Sed
1344 2698 1393 2722 est
1407 2693 1452 2722 sic
1469 2693 1502 2722 in
1519 2693 1600 2724 Mss.

895 2735 1089 2775 quibusdam
1104 2738 1138 2764 et
1150 2735 1364 2765 edd.0mnib.
1378 2736 1499 2769 (1475.›
1513 2736 1599 2768 Med.

902 2782 992 2814 1492.
1036 2776 1306 2817 vulg-simum&
1345 2778 1461 2808 Paullo
1477 2784 1551 2818 post
1566 2780 1602 2809 in.

891 2821 956 2852 Ms.
971 2821 1062 2852 Cort.
1077 2827 1128 2850 est
1141 2821 1268 2857 habuit,
1278 2819 1364 2860 quod
1374 2821 1491 2853 melius
1504 2826 1599 2862 puto,

890 2865 968 2904 quia
982 2864 1166 2906 perfectum
1183 2863 1351 2903 praecedit.

895 2963 923 2991 Β
