1914 3220
635 111 1082 171 PR‘AEFATIO.
1533 118 1584 170 ix

149 244 336 315 plures
373 245 520 316 iique
549 245 676 298 boni
703 246 1007 316 contigere:
1047 263 1147 298 nec
1179 246 1358 298 minus
1392 246 1446 299 in
1474 248 1585 301 edi-

157 329 240 393 tis,
283 350 348 383 ex
391 349 474 393 e0,
518 348 630 401 quo
656 330 926 392 vdiximuS,
961 348 1173 401 genere.
1251 329 1354 383 Sed
1400 340 1584 385 tamen

154 412 258 468 hoc
298 415 535 486 primum
565 413 868 486 exspectari
895 433 961 467 ac
1004 415 1258 486 postulari
1303 424 1498 485 potest,
1525 427 1588 469 ut

153 508 208 552 et
245 500 566 570 scriptorum
608 499 678 551 ab
720 498 834 551 aliis
879 500 1120 561 traditam,
1163 508 1217 552 et
1253 518 1471 552 suorum
1514 501 1585 553 le·-

152 583 356 636 ctiones
404 583 687 655 diligenter
725 584 986 646 conferat,
1026 585 1067 635 si
1107 584 1239 654 quid
1288 585 1342 636 in
1394 585 1455 637 iis
1497 585 1582 648 sit,

151 668 301 738 quod
331 666 603 721 Ciceronis
631 668 893 731 videatur,
922 669 1004 721 vel
1031 687 1099 721 ex
1137 687 1322 721 earum
1350 670 1582 741 vestigiis

150 770 275 805 vera
316 752 476 805 lectio
517 753 733 823 reperiri
778 753 972 823 possit:
1015 763 1151 816 tum,
1180 763 1242 806 ut
1280 755 1579 808 editionum
1653 808 1659 813 ,

149 837 356 899 seriem,
384 849 440 890 et
467 838 629 890 veluti
658 838 1033 908 genealogiam
1066 847 1379 909 cognoscat,
1407 849 1584 894 curet-

150 940 278 994 que,
320 931 382 974 ut
411 941 476 976 ea
512 924 760 975 universa
802 923 881 975 uti
920 923 1106 993 possit.
1184 923 1273 977 Ad
1310 941 1480 994 quam
1508 925 1585 977 fa-

147 1008 410 1061 cultatem
441 1009 660 1079 prodest
689 1009 880 1060 notitia
917 1008 1007 1071 illa
1035 1006 1236 1061 Critica
1262 1009 1583 1073 editionum,

149 1094 370 1164 qualem
392 1094 713 1146 recentiores
743 1091 926 1146 Critici
971 1094 1178 1145 tradere
1217 1094 1583 1160 instituerunt,

146 1196 356 1249 nosque
384 1179 437 1230 in
467 1178 803 1230 Fabricianae
836 1177 1191 1230 Bibliothecae
1219 1179 1400 1232 latinae
1429 1182 1586 1234 casti-

144 1264 364 1334 gatione
405 1263 617 1316 tradere
656 1282 686 1314 e
725 1263 900 1316 multa
937 1272 994 1316 et
1035 1263 1294 1316 diuturna
1336 1265 1586 1318 observa-

146 1348 292 1401 tione
319 1348 747 1401 elaboravimus:
789 1348 883 1401 sed
912 1357 1129 1419 oportet
1165 1350 1350 1412 etiam,
1378 1350 1421 1402 si
1448 1351 1583 1404 tales

140 1433 316 1504 copiae
355 1452 423 1486 ex
467 1442 702 1503 utroque
744 1451 939 1505 genere
977 1434 1340 1505 contigerunt,
1382 1435 1583 1500 videre,

142 1528 206 1571 ut
231 1518 291 1570 iis
321 1529 466 1571 recte
495 1537 558 1571 ac
581 1519 708 1571 satis
737 1518 1019 1590 diligenter
1037 1527 1224 1571 utatur
1250 1517 1500 1581 CriticuS‚
1522 1531 1585 1574 ut

141 1621 241 1656 nec
265 1604 366 1655 sibi
386 1603 529 1655 bona
555 1622 743 1656 eorum
765 1604 906 1656 elabi
928 1604 1071 1657 sinat
1088 1605 1415 1675 negligentia
1433 1624 1580 1659 usur-

140 1688 328 1759 pandi,
350 1707 448 1741 nec
476 1689 537 1740 iis
566 1689 618 1740 in
648 1689 895 1742 fraudem
917 1688 1211 1741 inducatur
1234 1707 1483 1760 perverso
1504 1691 1583 1743 fa-

137 1792 265 1826 vore
282 1774 336 1826 in
355 1773 578 1843 aliquod
599 1792 755 1826 exem
764 1773 933 1844 plum,
948 1775 1027 1826 vel
1051 1783 1270 1846 propter
1286 1775 1582 1840 raritatem,

137 1858 222 1910 vel
242 1857 373 1928 quia
394 1877 553 1910 suum
572 1868 669 1920 est,
687 1858 771 1910 vel
799 1859 905 1910 alia
925 1859 1082 1911 simili
1101 1860 1282 1912 causa.
1339 1859 1582 1914 Omnino

137 1952 323 1996 autem
362 1944 528 1995 debet
566 1961 725 1995 usum
754 1951 808 1995 et
833 1944 1156 2013 scriptorum
1196 1953 1252 1997 et
1277 1944 1581 2000 editionum

135 2037 396 2090 veterum,
430 2046 522 2098 per
543 2028 943 2080 observationes
965 2027 1308 2092 Criticorum‚
1338 2037 1456 2082 tum
1482 2049 1581 2084 suo

133 2112 301 2183 ipsius
345 2132 464 2175 usn,
506 2113 786 2184 cognitum
828 2113 1059 2166 habere:
1103 2132 1204 2166 nec
1246 2114 1424 2167 minus
1465 2116 1581 2168 vul-

132 2206 263 2268 gata
290 2195 505 2250 Criticae
534 2198 660 2249 artis
703 2207 999 2269 praecepta,
1028 2198 1097 2251 de
1137 2199 1353 2252 delectu
1395 2200 1581 2253 lectio-

132 2301 265 2335 num
295 2292 440 2335 recte
468 2282 750 2334 faciendo:
792 2283 860 2335 de
901 2300 1014 2353 quo
1042 2284 1217 2336 multa
1242 2285 1439 2342 dicere,
1467 2304 1576 2338 non

131 2377 212 2419 est
245 2367 399 2419 nobis
428 2385 662 2419 necesse.
743 2366 850 2419 Sed
879 2386 945 2420 ea
969 2368 1101 2419 nihil
1132 2370 1449 2441 proderunt,
1477 2371 1577 2423 nisi

131 2452 229 2523 qui
255 2452 534 2523 ingenium
557 2451 737 2514 solem,
761 2470 863 2503 usu
892 2462 947 2505 et
971 2454 1363 2507 exercitatione
1404 2455 1580 2509 multa

131 2538 341 2590 acuerit
379 2538 447 2590 ad
478 2538 736 2590 lectiones
777 2555 946 2599 veraS‚
988 2555 1083 2607 per
1123 2538 1382 2591 librorum
1420 2541 1587 2594 vesti--

129 2622 236 2693 gia,
278 2631 334 2675 et
385 2623 459 2675 rei
511 2622 679 2693 ipsius
724 2633 1128 2693 contextusque
1174 2623 1395 2687 indicia,
1445 2625 1576 2678 odo-

129 2706 343 2759 randaS.

202 2789 312 2844 Sed
336 2811 466 2845 2non
510 2791 697 2844 omnia
741 2810 836 2863 per
876 2793 1039 2846 libros
1081 2793 1259 2847 sanari
1290 2802 1568 2865 possunt:
