1945 3235
385 152 461 186 312
899 154 980 191 DE
1013 154 1295 192 ORATORE

360 300 374 310 .
393 251 462 302 sit,
486 263 559 293 aut
579 253 665 305 fiat,
688 255 932 298 futurumve
956 259 1024 308 sit,
1042 268 1271 313 qnaeratur,
1293 266 1365 299 aut
1383 256 1505 312 quale
1529 256 1599 306 sit,
1618 263 1691 296 aut
1711 252 1815 311 quid

312 300 381 348 Ως)
396 321 584 351 vocetur.
622 311 687 353 Ac
704 323 860 355 nostra¹
885 315 970 356 fere
988 331 1143 365 causae,
1163 332 1256 370 qua·
1272 315 1441 370 quidem
1462 324 1560 354 sunt
1578 312 1820 361 criminum,

312 372 381 405 105
395 365 643 423 plerumque
676 369 931 412 infitiatione
963 373 1264 413 defenduntur.
1333 372 1443 413 ham
1472 379 1516 411 et
1545 371 1595 410 (le
1628 369 1820 425 pecuniis

394 425 655 478 repetundis,
676 442 771 481 qua’
797 429 995 469 maxima*
1017 441 1129 479 sunt,
1147 429 1341 483 neganda
1363 428 1448 468 fere
1470 437 1568 467 sunt
1590 426 1756 466 omnia:
1779 432 1823 487 et

394 479 448 519 de
469 482 632 522 ambitu
657 498 750 524 raro
782 484 881 525 illud
905 486 1044 535 datur,
1068 498 1113 526 ut
1137 486 1271 541 possis
1305 485 1602 525 liberalitatem
1632 497 1681 523 ac
1706 482 1823 522 bem-

396 536 603 590 gnitatem
634 541 687 579 ab
711 542 874 581 ambitu
897 551 1024 596 atque
1049 543 1273 598 largitione
1296 543 1533 596 sejungere.
1564 540 1616 580 de
1647 537 1823 587 sicariis,

396 593 449 633 de
468 595 697 645 veneficiis,
719 597 771 637 de
793 598 1004 652 peculatu,
1030 599 1201 640 infitiari
1227 614 1396 640 necesse
1413 609 1490 639 est.
1536 597 1584 637 Id
1608 604 1671 636 est
1693 594 1826 658 igitur

398 663 532 703 genus
565 653 747 706 primum
778 669 998 695 causarum
1025 656 1064 695 in
1089 656 1281 710 judiciis,
1310 672 1362 697 ex
1398 652 1688 696 controversia
1705 651 1825 692 iacti.

402 706 449 746 ln
482 708 861 750 deliberationibus
893 712 1140 766 plerumque
1163 728 1215 753 ex
1240 713 1386 762 futuri,
1418 727 1510 752 raro
1533 711 1660 751 etiam
1683 723 1738 749 ex
1762 707 1827 748 in-

315 775 386 808 106
401 764 565 813 stantis,
599 775 670 805 aut
706 766 824 807 facti.
899 771 1024 824 Saepe
1058 779 1197 809 autem
1235 783 1298 809 res
1337 783 1437 816 non,
1471 769 1540 819 sit,
1573 779 1720 816 necne,
1753 764 1826 805 sed

400 821 535 874 qualis
567 822 635 872 sit,
659 824 888 877 quau-itur:
923 834 970 864 ut
992 840 1089 866 cum
1118 826 1164 865 L.
1188 825 1352 880 Opimii
1379 839 1546 865 eausam
1571 822 1829 864 defendebat

400 877 513 931 apud
548 880 768 933 populum,
790 881 990 921 audiente
1019 897 1101 932 mc,
1125 882 1335 923 C.Carbo
1365 882 1527 931 consul,
1563 880 1669 920 nihil
1690 879 1742 920 de
1774 878 1827 919 C.

355 934 588 974 atii-acciri
622 950 725 976 nece
760 938 961 992 negabat,
995 939 1066 979 sed
1100 939 1141 979 id
1166 939 1279 992 jure,
1304 953 1380 994 pro
1412 938 1547 978 salute
1578 936 1742 992 patriae,
1765 934 1830 976 fa-

398 999 516 1030 ctum
549 1005 640 1032 esse
670 993 865 1034 dicebat:
900 1005 946 1034 ut
976 995 1114 1036 eidem
1146 995 1335 1035 Carboni
1371 995 1543 1035 tribuno
1566 993 1717 1049 plebis,
1748 991 1830 1032 alia

398 1055 488 1086 tum
520 1059 662 1089 mente
705 1051 1012 1105 rempublicam
1046 1051 1301 1107 capessenti,
1335 1050 1385 1091 P.
1414 1051 1642 1092 Africanus
1678 1049 1730 1090 de
1759 1047 1826 1088 Ti.

398 1103 598 1145 Graccho
622 1106 919 1162 interroganti,
944 1108 1342 1164 responderat,jure
1365 1122 1522 1148 eaesum
1547 1106 1693 1147 videri.
1724 1104 1830 1147 Jure

397 1170 537 1201 antem
570 1163 714 1203 omnia
743 1163 1045 1216 defenduntur,
1079 1180 1175 1220 quae
1209 1175 1308 1205 sunt
1339 1165 1431 1219 ejus
1465 1164 1646 1220 generis,
1679 1171 1727 1203 ut
1757 1170 1833 1202 aut

397 1220 653 1272 oportuerit,
683 1231 757 1260 aut
786 1220 967 1272 licuerit,
999 1232 1073 1262 aut
1104 1236 1275 1263 necesse
1306 1222 1448 1271 fuerit,
1479 1230 1553 1261 aut
1584 1219 1830 1275 impruden-

261 1317 266 1321 ,
316 1287 383 1323 107
402 1275 474 1325 tia,
506 1287 579 1315 aut
600 1292 700 1316 casu
724 1276 838 1317 sacta
858 1294 948 1318 csse
971 1279 1209 1319 videantur.
1268 1278 1364 1320 dam
1383 1279 1485 1334 quid
1504 1287 1694 1326 vocetur,
1712 1290 1830 1330 quae-

400 1331 520 1381 ritur,
551 1347 664 1383 cum,
695 1348 781 1387 quo
813 1335 941 1375 verbo
972 1335 1075 1389 quid
1107 1335 1407 1391 appellandum
1439 1335 1493 1375 sit
1531 1333 1828 1376 contenditur:

400 1398 446 1428 ut
470 1388 574 1428 milii
596 1390 674 1444 ipsi
698 1405 794 1430 cum
820 1391 902 1432 hoc
926 1392 1118 1447 Sulpicio
1142 1392 1224 1432 fuit
1247 1393 1288 1432 in
1308 1391 1502 1432 Norbani
1518 1406 1646 1432 causa
1664 1403 1831 1431 summa

398 1446 634 1486 eontentio.
666 1446 864 1502 pleraque
884 1449 997 1488 enim
1023 1449 1075 1489 de
1098 1449 1162 1498 iis,
1182 1464 1278 1503 quae
1300 1449 1354 1488 ab
1386 1449 1468 1489 isto
1499 1447 1832 1502 objiciebantur,

401 1517 498 1542 cum
519 1503 759 1553 confiterer,
783 1515 922 1544 tamen
946 1506 1000 1545 ab
1023 1505 1094 1546 illo
1117 1509 1156 1537 85
1171 1506 1437 1560 majestatem
1460 1505 1671 1545 minutam
1702 1517 1832 1558 nega·—

404 1559 526 1600 bam:
559 1574 612 1599 ex
636 1574 721 1614 quo
747 1562 890 1611 verbo,
913 1562 1006 1615 lege
1028 1560 1226 1617 Apuleia,
1251 1571 1342 1602 tota
1364 1561 1433 1602 illa
1454 1575 1581 1602 eausa
1604 1560 1831 1616 pendebat.

319 1625 391 1658 1Οὸ
404 1614 547 1669 Atque
568 1616 609 1656 in
629 1615 712 1657 hoe
735 1632 890 1672 genere
912 1633 1137 1659 causarum
1161 1617 1352 1659 nonnulli
1377 1618 1650 1674 praecipiunt,
1673 1626 1720 1658 ut
1743 1630 1835 1656 ver-

404 1672 506 1712 bum
539 1672 656 1722 illud,
689 1675 803 1727 quod
835 1690 1006 1715 eausam
1043 1675 1162 1725 facit,
1196 1675 1385 1715 86lucide
1427 1675 1696 1728 breviterque
1730 1672 1835 1717 defi-

400 1729 507 1769 niat.
584 1730 714 1775 Quod
748 1731 852 1771 mihi
885 1732 1058 1786 quidem
1098 1747 1303 1788 perquam
1346 1731 1505 1786 puerile
1537 1730 1671 1772 videri
1712 1729 1834 1771 solet.

403 1785 486 1825 alia
507 1795 571 1826 est
592 1787 722 1837 enim,
752 1802 850 1828 cum
874 1788 984 1829 inter
1005 1789 1155 1829 doctos
1188 1789 1382 1829 homines
1413 1789 1464 1829 de
1486 1788 1537 1828 iis
1568 1787 1671 1843 ipsis
1695 1787 1834 1837 rebus,

403 1857 498 1896 quae
533 1854 752 1884 versantur
783 1845 824 1884 in
857 1846 1034 1894 artibus,
1066 1846 1323 1902 disputatur,
1355 1846 1583 1886 verborum
1613 1843 1833 1884 definitio:

404 1909 467 1949 nt,
489 1914 588 1940 cum
619 1901 839 1954 quaeritur,
861 1902 963 1956 quid
987 1903 1039 1942 sit
1059 1917 1139 1953 ars,
1162 1903 1265 1957 quid
1288 1903 1343 1942 sit
1366 1902 1449 1952 lex,
1468 1901 1570 1957 quid
1593 1902 1648 1942 sit
1665 1901 1833 1942 civitas.

409 1954 458 1995 ln
482 1958 636 2010 quibus
660 1957 742 1998 lioc
761 1959 958 2014 praecipit
981 1960 1088 1999 ratio
1110 1969 1238 2014 atque
1259 1959 1469 2009 doctrina,
1486 1967 1539 1998 ut
1562 1958 1623 1999 vis
1645 1958 1737 2013 ejus
1759 1957 1835 2007 rei,

407 2026 532 2066 quam
557 2014 749 2063 definias,
767 2015 826 2055 sic
847 2016 1126 2070 exprimatur,
1142 2026 1189 2056 ut
1203 2030 1339 2070 neque
1362 2016 1475 2056 absit
1495 2015 1743 2069 quidquam,
1763 2027 1837 2054 ne-

323 2075 396 2109 109
408 2084 489 2123 que
507 2071 703 2124 supersit.
736 2072 863 2116 Quod
884 2073 1055 2126 quidem
1080 2073 1121 2112 in
1146 2073 1216 2113 illa
1236 2087 1365 2113 eausa
1384 2086 1521 2126 neque
1539 2071 1752 2126 Sulpicius
1776 2069 1838 2110 fe-

407 2126 481 2176 cit,
502 2141 638 2180 neque
654 2141 735 2181 ego
760 2127 898 2168 facere
910 2139 1089 2169 conatus
1112 2144 1219 2169 sum.
1282 2129 1408 2178 Nam,
1428 2138 1635 2183 quantum
1660 2137 1838 2182 uterque

406 2184 602 2223 nostruin
637 2184 792 2238 potuit,
824 2186 941 2225 omni
985 2186 1111 2241 eopia
1140 2186 1308 2226 (licendi
1342 2186 1551 2235 dilatavit,
1589 2185 1691 2240 quid
1728 2192 1839 2225 esset

403 2240 675 2293 majestatem
698 2241 901 2282 minuere.
964 2241 1135 2283 Etenim
1157 2243 1352 2283 definitio
1374 2243 1557 2297 primum
1581 2240 1836 2297 reprehenso

407 2299 538 2336 verbo
563 2311 660 2346 uno,
681 2306 756 2337 aut
776 2298 937 2348 addito,
955 2310 1028 2339 aut
1049 2301 1209 2349 demto,
1224 2314 1337 2354 saepe
1360 2308 1639 2353 extorquetur
1660 2312 1683 2338 e
1702 2298 1836 2338 mani·

408 2353 511 2394 bus:
545 2353 697 2393 deinde
720 2368 873 2409 genere
898 2356 990 2411 ipso
1013 2355 1251 2397 doctrinam
1275 2355 1435 2397 redolet
1464 2355 1837 2396 exercitationem-

450 2493 489 2519 535
504 2490 706 2530 majestatem
723 2493 914 2532 minutam]
932 2494 1099 2525 Pearcium
1144 2504 1216 2525 nonv
1234 2494 1341 2534 potius
1363 2505 1437 2525 cum
1461 2493 1530 2525 edd.
1554 2503 1601 2534 pr.
1626 2493 1695 2523 sine
1722 2493 1838 2531 lucide,

408 2538 538 2561 secutus
553 2543 637 2570 suin,
653 2536 705 2574 qui
719 2536 764 2566 sic
788 2546 844 2576 pro
860 2537 1067 2567 imminutam
1084 2549 1100 2567 e
1145 2538 1282 2567 breviter
1293 2541 1427 2577 uterque
1440 2537 1455 2566 ἕ
1470 2537 1495 2566 si
1511 2542 1622 2566 tamen
1634 2540 1769 2575 uterque
1785 2543 1840 2565 ne-

410 2573 488 2602 Mss.
505 2581 645 2612 quatuor
660 2578 837 2617 rescripsit:
864 2587 920 2607 nee
939 2585 1007 2608 tam
1031 2589 1103 2618 pro·
1146 2589 1231 2609 ‹tesse
1246 2579 1298 2608 sit.
1336 2579 1459 2609 Isin-ide
1472 2578 1562 2608 abest
1576 2583 1610 2608 et
1624 2588 1643 2607 a
1657 2577 1721 2608 Ms.
1736 2577 1772 2607 E.
1784 2576 1839 2607 sed

409 2623 484 2654 prei-
517 2626 628 2645 eorum
667 2618 822 2649 libroruin
858 2621 1102 2658 auctoritatem,
1146 2622 1410 2659 etianiucerque:
1434 2627 1468 2650 et
1483 2629 1579 2658 quare
1595 2624 1728 2659 uterque
1742 2618 1839 2649 adda-

409 2657 524 2695 quibus
541 2658 602 2687 Ms.
620 2659 656 2688 E.
680 2660 816 2697 aceedit,
839 2670 936 2699 quam
951 2662 1036 2701 quod
1051 2663 1103 2694 Ci-
1147 2668 1214 2700 tur,
1227 2673 1293 2693 non
1310 2662 1414 2699 video,
1431 2671 1506 2692 eum
1520 2661 1551 2691 id
1564 2661 1711 2702 nuspiam
1728 2661 1762 2690 in
1775 2660 1838 2691 hoe

410 2708 484 2727 cero
508 2709 634 2738 semper
658 2702 803 2732 minuere
825 2702 904 2743 maj.
929 2704 1019 2741 dicit,
1037 2714 1103 2735 non
1146 2710 1308 2745 praeeepto
1319 2704 1388 2734 flat.
1434 2704 1472 2734 ln
1495 2704 1629 2743 definiat
1651 2703 1711 2733 in‘t.
1735 2707 1839 2740 actor,

410 2741 615 2771 imminuere.
1149 2752 1272 2783 orator,
1288 2746 1341 2785 qui
1355 2745 1442 2776 dicit.
1486 2745 1519 2776 Si
1543 2755 1637 2785 quem
1652 2750 1764 2775 tamen
1778 2744 1841 2775 hoc

455 2783 494 2811 86
511 2784 614 2813 lucide
626 2785 822 2824 breviterque
836 2786 984 2826 definiat]
1011 2788 1106 2817 Pear-
1150 2788 1306 2825 offendat,
1325 2788 1410 2826 quod
1425 2788 1558 2827 definiat
1582 2789 1629 2818 ita
1651 2785 1735 2818 uude
1749 2786 1842 2828 poni-

412 2824 479 2853 rins
501 2825 601 2854 edidit
625 2826 822 2867 bret-iterque
844 2831 996 2867 uterque:
1022 2830 1108 2869 quod
1150 2834 1217 2869 tur,
1233 2830 1320 2870 legat
1333 2829 1520 2872 definiatur.

412 2877 472 2904 ego
487 2866 736 2898 sicenmimmm
757 2878 823 2899 non
841 2879 995 2909 agnosco.
1041 2872 1108 2902 (jur
