<?xml version="1.0" encoding="UTF-8"?>
<!DOCTYPE html PUBLIC "-//W3C//DTD XHTML 1.0 Transitional//EN"
    "http://www.w3.org/TR/xhtml1/DTD/xhtml1-transitional.dtd">
<html xmlns="http://www.w3.org/1999/xhtml" xml:lang="en" lang="en">
 <head>
  <title>
</title>
<meta http-equiv="Content-Type" content="text/html;charset=utf-8" />
  <meta name='ocr-system' content='tesseract 3.04.00' />
  <meta name='ocr-capabilities' content='ocr_page ocr_carea ocr_par ocr_line ocrx_word'/>
</head>
<body>
  <div class='ocr_page' id='page_1' title='image "./operaomnia01ciceuoft_0560.png"; bbox 0 0 1945 3235; ppageno 0'>
   <div class='ocr_carea' id='block_1_1' title="bbox 357 107 1229 147">
    <p class='ocr_par' dir='ltr' id='par_1_1' title="bbox 357 107 1229 147">
     <span class='ocr_line' id='line_1_1' title="bbox 357 107 1229 147; baseline -0.001 -1"><span class='ocrx_word' id='word_1_1' title='bbox 357 110 438 146; x_wconf 72' lang='lat'>488</span> <span class='ocrx_word' id='word_1_2' title='bbox 948 107 1229 147; x_wconf 80' lang='lat' dir='ltr'>BRUTUS.</span> 
     </span>
    </p>
   </div>
   <div class='ocr_carea' id='block_1_2' title="bbox 274 209 1819 2218">
    <p class='ocr_par' dir='ltr' id='par_1_2' title="bbox 274 209 1819 2218">
     <span class='ocr_line' id='line_1_2' title="bbox 360 209 1809 268; baseline -0.001 -15"><span class='ocrx_word' id='word_1_3' title='bbox 360 211 405 253; x_wconf 88' lang='lat' dir='ltr'>in</span> <span class='ocrx_word' id='word_1_4' title='bbox 436 211 547 252; x_wconf 89' lang='lat' dir='ltr'>libro</span> <span class='ocrx_word' id='word_1_5' title='bbox 567 210 744 262; x_wconf 78' lang='lat' dir='ltr'>dixerit,</span> <span class='ocrx_word' id='word_1_6' title='bbox 768 212 994 253; x_wconf 87' lang='lat' dir='ltr'>verborum</span> <span class='ocrx_word' id='word_1_7' title='bbox 1021 213 1235 255; x_wconf 83' lang='lat' dir='ltr'>delectum</span> <span class='ocrx_word' id='word_1_8' title='bbox 1258 211 1471 268; x_wconf 84' lang='lat' dir='ltr'>originem</span> <span class='ocrx_word' id='word_1_9' title='bbox 1493 225 1583 252; x_wconf 87' lang='lat' dir='ltr'>esse</span> <span class='ocrx_word' id='word_1_10' title='bbox 1605 209 1809 266; x_wconf 88' lang='lat' dir='ltr'>eloquen-</span> 
     </span>
     <span class='ocr_line' id='line_1_3' title="bbox 363 267 1807 324; baseline 0 -16"><span class='ocrx_word' id='word_1_11' title='bbox 363 268 463 319; x_wconf 65' lang='lat' dir='ltr'>tia-,3</span> <span class='ocrx_word' id='word_1_12' title='bbox 497 269 794 324; x_wconf 85' lang='lat' dir='ltr'>tribueritque,</span> <span class='ocrx_word' id='word_1_13' title='bbox 828 270 885 310; x_wconf 89' lang='lat' dir='ltr'>mi</span> <span class='ocrx_word' id='word_1_14' title='bbox 916 269 1075 318; x_wconf 81' lang='lat' dir='ltr'>Brute,</span> <span class='ocrx_word' id='word_1_15' title='bbox 1110 270 1210 312; x_wconf 85' lang='lat' dir='ltr'>huic</span> <span class='ocrx_word' id='word_1_16' title='bbox 1244 279 1406 320; x_wconf 89' lang='lat' dir='ltr'>nostro,</span> <span class='ocrx_word' id='word_1_17' title='bbox 1436 268 1509 323; x_wconf 93' lang='lat' dir='ltr'>qui</span> <span class='ocrx_word' id='word_1_18' title='bbox 1543 281 1613 309; x_wconf 87' lang='lat' dir='ltr'>me</span> <span class='ocrx_word' id='word_1_19' title='bbox 1649 267 1702 308; x_wconf 90' lang='lat' dir='ltr'>de</span> <span class='ocrx_word' id='word_1_20' title='bbox 1733 267 1807 308; x_wconf 89' lang='lat' dir='ltr'>illo</span> 
     </span>
     <span class='ocr_line' id='line_1_4' title="bbox 361 323 1811 382; baseline -0.001 -16"><span class='ocrx_word' id='word_1_21' title='bbox 361 325 529 375; x_wconf 85' lang='lat' dir='ltr'>maluit,</span> <span class='ocrx_word' id='word_1_22' title='bbox 551 341 678 381; x_wconf 83' lang='lat' dir='ltr'>quam</span> <span class='ocrx_word' id='word_1_23' title='bbox 712 341 755 368; x_wconf 88' lang='lat' dir='ltr'>se</span> <span class='ocrx_word' id='word_1_24' title='bbox 786 327 941 378; x_wconf 80' lang='lat' dir='ltr'><strong>dicere,</strong></span> <span class='ocrx_word' id='word_1_25' title='bbox 970 327 1136 368; x_wconf 78' lang='lat' dir='ltr'>laudem</span> <span class='ocrx_word' id='word_1_26' title='bbox 1169 326 1455 382; x_wconf 83' lang='lat' dir='ltr'>singularem:</span> <span class='ocrx_word' id='word_1_27' title='bbox 1488 330 1607 379; x_wconf 83' lang='lat' dir='ltr'>(nam</span> <span class='ocrx_word' id='word_1_28' title='bbox 1638 323 1811 380; x_wconf 83' lang='lat' dir='ltr'>scripsit</span> 
     </span>
     <span class='ocr_line' id='line_1_5' title="bbox 360 380 1808 438; baseline -0.001 -14"><span class='ocrx_word' id='word_1_29' title='bbox 360 382 429 424; x_wconf 87' lang='lat' dir='ltr'>his</span> <span class='ocrx_word' id='word_1_30' title='bbox 461 384 616 435; x_wconf 86' lang='lat' dir='ltr'>verbis,</span> <span class='ocrx_word' id='word_1_31' title='bbox 637 399 737 425; x_wconf 86' lang='lat' dir='ltr'>curn</span> <span class='ocrx_word' id='word_1_32' title='bbox 769 384 884 425; x_wconf 81' lang='lat' dir='ltr'>hunc</span> <span class='ocrx_word' id='word_1_33' title='bbox 916 385 1089 425; x_wconf 86' lang='lat' dir='ltr'>nominc</span> <span class='ocrx_word' id='word_1_34' title='bbox 1120 394 1230 424; x_wconf 84' lang='lat' dir='ltr'>esset</span> <span class='ocrx_word' id='word_1_35' title='bbox 1259 383 1440 425; x_wconf 81' lang='lat' dir='ltr'>affatus:</span> <span class='ocrx_word' id='word_1_36' title='bbox 1472 398 1535 433; x_wconf 82' lang='lat' dir='ltr'>ac,</span> <span class='ocrx_word' id='word_1_37' title='bbox 1565 381 1598 422; x_wconf 83' lang='lat' dir='ltr'>si</span> <span class='ocrx_word' id='word_1_38' title='bbox 1627 380 1808 438; x_wconf 78' lang='lat' dir='ltr'>cogitata</span> 
     </span>
     <span class='ocr_line' id='line_1_6' title="bbox 354 437 1809 497; baseline -0.002 -16"><span class='ocrx_word' id='word_1_39' title='bbox 354 439 554 497; x_wconf 74' lang='lat' dir='ltr'>proeclore</span> <span class='ocrx_word' id='word_1_40' title='bbox 574 443 614 473; x_wconf 75' lang='lat'>156</span> <span class='ocrx_word' id='word_1_41' title='bbox 627 440 760 496; x_wconf 73' lang='lat' dir='ltr'>eloqui</span> <span class='ocrx_word' id='word_1_42' title='bbox 782 449 825 482; x_wconf 78' lang='grc' dir='ltr'>ιιι</span> <span class='ocrx_word' id='word_1_43' title='bbox 851 449 1024 495; x_wconf 70' lang='lat' dir='ltr'>possent,</span> <span class='ocrx_word' id='word_1_44' title='bbox 1047 440 1234 482; x_wconf 79' lang='lat' dir='ltr'><em>nonnulli</em></span> <span class='ocrx_word' id='word_1_45' title='bbox 1262 440 1394 482; x_wconf 77' lang='lat' dir='ltr'>studio</span> <span class='ocrx_word' id='word_1_46' title='bbox 1417 447 1452 481; x_wconf 73' lang='lat' dir='ltr'>el</span> <span class='ocrx_word' id='word_1_47' title='bbox 1482 454 1556 481; x_wconf 77' lang='lat' dir='ltr'>usu</span> <span class='ocrx_word' id='word_1_48' title='bbox 1576 437 1809 480; x_wconf 82' lang='lat' dir='ltr'>elaborave-</span> 
     </span>
     <span class='ocr_line' id='line_1_7' title="bbox 362 493 1810 555; baseline -0.002 -17"><span class='ocrx_word' id='word_1_49' title='bbox 362 504 474 547; x_wconf 83' lang='lat' dir='ltr'>runt,</span> <span class='ocrx_word' id='word_1_50' title='bbox 496 499 608 555; x_wconf 59' lang='lat' dir='ltr'>cujus</span> <span class='ocrx_word' id='word_1_51' title='bbox 630 506 668 540; x_wconf 84' lang='lat' dir='ltr'>te</span> <span class='ocrx_word' id='word_1_52' title='bbox 687 513 798 552; x_wconf 64' lang='lat' dir='ltr'>pst-ne</span> <span class='ocrx_word' id='word_1_53' title='bbox 826 497 1051 553; x_wconf 79' lang='lat' dir='ltr'><em>principem</em></span> <span class='ocrx_word' id='word_1_54' title='bbox 1072 499 1194 553; x_wconf 79' lang='lat' dir='ltr'>copice</span> <span class='ocrx_word' id='word_1_55' title='bbox 1216 506 1338 555; x_wconf 73' lang='lat' dir='ltr'>atque</span> <span class='ocrx_word' id='word_1_56' title='bbox 1359 497 1620 547; x_wconf 77' lang='lat' dir='ltr'>inventorem,</span> <span class='ocrx_word' id='word_1_57' title='bbox 1645 495 1742 537; x_wconf 84' lang='lat' dir='ltr'>bene</span> <span class='ocrx_word' id='word_1_58' title='bbox 1761 493 1810 536; x_wconf 85' lang='lat' dir='ltr'>de</span> 
     </span>
     <span class='ocr_line' id='line_1_8' title="bbox 362 552 1811 612; baseline -0.002 -16"><span class='ocrx_word' id='word_1_59' title='bbox 362 556 524 596; x_wconf 77' lang='lat' dir='ltr'>nomine</span> <span class='ocrx_word' id='word_1_60' title='bbox 555 572 602 596; x_wconf 77' lang='lat' dir='ltr'>ac</span> <span class='ocrx_word' id='word_1_61' title='bbox 641 556 844 612; x_wconf 76' lang='lat' dir='ltr'><em>dignitate</em></span> <span class='ocrx_word' id='word_1_62' title='bbox 872 554 1016 611; x_wconf 78' lang='lat' dir='ltr'>populi</span> <span class='ocrx_word' id='word_1_63' title='bbox 1051 554 1232 597; x_wconf 74' lang='lat' dir='ltr'>Romani</span> <span class='ocrx_word' id='word_1_64' title='bbox 1263 555 1449 596; x_wconf 72' lang='lat' dir='ltr'>meritum</span> <span class='ocrx_word' id='word_1_65' title='bbox 1477 569 1553 596; x_wconf 85' lang='lat' dir='ltr'>esse</span> <span class='ocrx_word' id='word_1_66' title='bbox 1581 552 1811 601; x_wconf 73' lang='lat' dir='ltr'>existimare</span> 
     </span>
     <span class='ocr_line' id='line_1_9' title="bbox 363 611 1811 667; baseline -0.001 -15"><span class='ocrx_word' id='word_1_67' title='bbox 363 612 590 663; x_wconf 78' lang='lat' dir='ltr'>debcmns:)</span> <span class='ocrx_word' id='word_1_68' title='bbox 622 613 737 654; x_wconf 84' lang='lat' dir='ltr'>hunc</span> <span class='ocrx_word' id='word_1_69' title='bbox 761 611 930 652; x_wconf 73' lang='lat' dir='ltr'>facilem</span> <span class='ocrx_word' id='word_1_70' title='bbox 953 622 996 653; x_wconf 87' lang='lat' dir='ltr'>et</span> <span class='ocrx_word' id='word_1_71' title='bbox 1021 613 1322 667; x_wconf 86' lang='lat' dir='ltr'>quotidianum</span> <span class='ocrx_word' id='word_1_72' title='bbox 1354 613 1524 654; x_wconf 87' lang='lat' dir='ltr'>novisse</span> <span class='ocrx_word' id='word_1_73' title='bbox 1554 623 1811 661; x_wconf 88' lang='lat' dir='ltr'>sermonem,</span> 
     </span>
     <span class='ocr_line' id='line_1_10' title="bbox 281 663 1812 725; baseline -0.003 -14"><span class='ocrx_word' id='word_1_74' title='bbox 281 663 530 718; x_wconf 68' lang='lat' dir='ltr'>73⁶3nunc</span> <span class='ocrx_word' id='word_1_75' title='bbox 564 685 639 725; x_wconf 87' lang='lat' dir='ltr'>pro</span> <span class='ocrx_word' id='word_1_76' title='bbox 673 669 823 710; x_wconf 81' lang='lat' dir='ltr'>relicto</span> <span class='ocrx_word' id='word_1_77' title='bbox 856 679 920 710; x_wconf 88' lang='lat' dir='ltr'>est</span> <span class='ocrx_word' id='word_1_78' title='bbox 959 669 1222 711; x_wconf 82' lang='lat' dir='ltr'>habendum.</span> <span class='ocrx_word' id='word_1_79' title='bbox 1279 670 1389 712; x_wconf 85' lang='lat' dir='ltr'>Tum</span> <span class='ocrx_word' id='word_1_80' title='bbox 1428 670 1603 720; x_wconf 84' lang='lat' dir='ltr'>Brutus,</span> <span class='ocrx_word' id='word_1_81' title='bbox 1641 666 1812 718; x_wconf 89' lang='lat' dir='ltr'>Amice,</span> 
     </span>
     <span class='ocr_line' id='line_1_11' title="bbox 276 726 1810 783; baseline -0.003 -13"><span class='ocrx_word' id='word_1_82' title='bbox 276 736 354 770; x_wconf 79' lang='lat'>254</span> <span class='ocrx_word' id='word_1_83' title='bbox 368 726 552 777; x_wconf 83' lang='lat' dir='ltr'>hercule,</span> <span class='ocrx_word' id='word_1_84' title='bbox 587 727 742 782; x_wconf 87' lang='lat' dir='ltr'>inquit,</span> <span class='ocrx_word' id='word_1_85' title='bbox 763 736 808 767; x_wconf 82' lang='lat' dir='ltr'>et</span> <span class='ocrx_word' id='word_1_86' title='bbox 839 726 1071 783; x_wconf 81' lang='lat' dir='ltr'>magnifice</span> <span class='ocrx_word' id='word_1_87' title='bbox 1099 736 1141 767; x_wconf 91' lang='lat' dir='ltr'>te</span> <span class='ocrx_word' id='word_1_88' title='bbox 1171 727 1390 768; x_wconf 86' lang='lat' dir='ltr'>laudatum</span> <span class='ocrx_word' id='word_1_89' title='bbox 1424 736 1544 783; x_wconf 88' lang='lat' dir='ltr'>puto,</span> <span class='ocrx_word' id='word_1_90' title='bbox 1567 739 1695 782; x_wconf 91' lang='lat' dir='ltr'>quem</span> <span class='ocrx_word' id='word_1_91' title='bbox 1722 738 1810 765; x_wconf 88' lang='lat' dir='ltr'>non</span> 
     </span>
     <span class='ocr_line' id='line_1_12' title="bbox 365 784 1815 840; baseline -0.002 -15"><span class='ocrx_word' id='word_1_92' title='bbox 365 784 502 825; x_wconf 87' lang='lat' dir='ltr'>solum</span> <span class='ocrx_word' id='word_1_93' title='bbox 527 785 765 840; x_wconf 81' lang='lat' dir='ltr'>principem</span> <span class='ocrx_word' id='word_1_94' title='bbox 789 793 918 839; x_wconf 89' lang='lat' dir='ltr'>atque</span> <span class='ocrx_word' id='word_1_95' title='bbox 950 784 1217 825; x_wconf 91' lang='lat' dir='ltr'>inventorem</span> <span class='ocrx_word' id='word_1_96' title='bbox 1239 785 1379 840; x_wconf 84' lang='lat' dir='ltr'>copiae</span> <span class='ocrx_word' id='word_1_97' title='bbox 1406 784 1581 834; x_wconf 85' lang='lat' dir='ltr'>dixerit,</span> <span class='ocrx_word' id='word_1_98' title='bbox 1602 797 1700 838; x_wconf 85' lang='lat' dir='ltr'>quae</span> <span class='ocrx_word' id='word_1_99' title='bbox 1722 789 1815 824; x_wconf 86' lang='lat' dir='ltr'>erat</span> 
     </span>
     <span class='ocr_line' id='line_1_13' title="bbox 364 839 1812 897; baseline -0.001 -16"><span class='ocrx_word' id='word_1_100' title='bbox 364 855 526 897; x_wconf 80' lang='lat' dir='ltr'>magna</span> <span class='ocrx_word' id='word_1_101' title='bbox 546 841 652 892; x_wconf 85' lang='lat' dir='ltr'>laus,</span> <span class='ocrx_word' id='word_1_102' title='bbox 675 842 747 882; x_wconf 85' lang='lat' dir='ltr'>sed</span> <span class='ocrx_word' id='word_1_103' title='bbox 770 842 899 882; x_wconf 86' lang='lat' dir='ltr'>etiam</span> <span class='ocrx_word' id='word_1_104' title='bbox 925 842 1032 882; x_wconf 91' lang='lat' dir='ltr'>bene</span> <span class='ocrx_word' id='word_1_105' title='bbox 1054 842 1254 882; x_wconf 88' lang='lat' dir='ltr'>meritum</span> <span class='ocrx_word' id='word_1_106' title='bbox 1275 842 1327 882; x_wconf 93' lang='lat' dir='ltr'>de</span> <span class='ocrx_word' id='word_1_107' title='bbox 1350 841 1498 897; x_wconf 90' lang='lat' dir='ltr'>populi</span> <span class='ocrx_word' id='word_1_108' title='bbox 1524 839 1710 882; x_wconf 84' lang='lat' dir='ltr'>Romani</span> <span class='ocrx_word' id='word_1_109' title='bbox 1732 853 1812 880; x_wconf 90' lang='lat' dir='ltr'>no-</span> 
     </span>
     <span class='ocr_line' id='line_1_14' title="bbox 365 895 1814 954; baseline 0 -16"><span class='ocrx_word' id='word_1_110' title='bbox 365 898 481 939; x_wconf 86' lang='lat' dir='ltr'>mine</span> <span class='ocrx_word' id='word_1_111' title='bbox 505 908 549 939; x_wconf 87' lang='lat' dir='ltr'>et</span> <span class='ocrx_word' id='word_1_112' title='bbox 577 899 806 954; x_wconf 78' lang='lat' dir='ltr'>dignitate.</span> <span class='ocrx_word' id='word_1_113' title='bbox 829 913 915 954; x_wconf 86' lang='lat' dir='ltr'>quo</span> <span class='ocrx_word' id='word_1_114' title='bbox 937 899 1053 939; x_wconf 87' lang='lat' dir='ltr'>enim</span> <span class='ocrx_word' id='word_1_115' title='bbox 1086 914 1172 940; x_wconf 90' lang='lat' dir='ltr'>uno</span> <span class='ocrx_word' id='word_1_116' title='bbox 1197 899 1474 940; x_wconf 85' lang='lat' dir='ltr'>vincebamur</span> <span class='ocrx_word' id='word_1_117' title='bbox 1504 913 1530 939; x_wconf 86' lang='lat' dir='ltr'>a</span> <span class='ocrx_word' id='word_1_118' title='bbox 1552 897 1667 939; x_wconf 81' lang='lat' dir='ltr'>victa</span> <span class='ocrx_word' id='word_1_119' title='bbox 1687 895 1814 938; x_wconf 86' lang='lat' dir='ltr'>Grae-</span> 
     </span>
     <span class='ocr_line' id='line_1_15' title="bbox 365 953 1814 1011; baseline -0.001 -14"><span class='ocrx_word' id='word_1_120' title='bbox 365 955 447 1006; x_wconf 86' lang='lat' dir='ltr'>cia,</span> <span class='ocrx_word' id='word_1_121' title='bbox 470 956 510 997; x_wconf 90' lang='lat' dir='ltr'>id</span> <span class='ocrx_word' id='word_1_122' title='bbox 543 965 618 997; x_wconf 85' lang='lat' dir='ltr'>aut</span> <span class='ocrx_word' id='word_1_123' title='bbox 638 965 834 1011; x_wconf 86' lang='lat' dir='ltr'>ereptum</span> <span class='ocrx_word' id='word_1_124' title='bbox 865 955 946 997; x_wconf 90' lang='lat' dir='ltr'>illis</span> <span class='ocrx_word' id='word_1_125' title='bbox 969 966 1048 1005; x_wconf 86' lang='lat' dir='ltr'>est,</span> <span class='ocrx_word' id='word_1_126' title='bbox 1071 966 1145 997; x_wconf 90' lang='lat' dir='ltr'>aut</span> <span class='ocrx_word' id='word_1_127' title='bbox 1165 965 1281 998; x_wconf 91' lang='lat' dir='ltr'>certe</span> <span class='ocrx_word' id='word_1_128' title='bbox 1313 956 1438 997; x_wconf 92' lang='lat' dir='ltr'>nobis</span> <span class='ocrx_word' id='word_1_129' title='bbox 1459 970 1559 997; x_wconf 90' lang='lat' dir='ltr'>cum</span> <span class='ocrx_word' id='word_1_130' title='bbox 1589 953 1673 996; x_wconf 85' lang='lat' dir='ltr'>illis</span> <span class='ocrx_word' id='word_1_131' title='bbox 1693 968 1814 996; x_wconf 89' lang='lat' dir='ltr'>com-</span> 
     </span>
     <span class='ocr_line' id='line_1_16' title="bbox 274 1011 1814 1070; baseline -0.003 -13"><span class='ocrx_word' id='word_1_132' title='bbox 274 1013 649 1060; x_wconf 70' lang='lat' dir='ltr'>255mu11icati11n.</span> <span class='ocrx_word' id='word_1_133' title='bbox 700 1013 829 1055; x_wconf 84' lang='lat' dir='ltr'>Hanc</span> <span class='ocrx_word' id='word_1_134' title='bbox 851 1023 1010 1064; x_wconf 87' lang='lat' dir='ltr'>autem,</span> <span class='ocrx_word' id='word_1_135' title='bbox 1032 1014 1188 1069; x_wconf 86' lang='lat' dir='ltr'>inquit,</span> <span class='ocrx_word' id='word_1_136' title='bbox 1211 1013 1409 1070; x_wconf 82' lang='lat' dir='ltr'>gloriam,</span> <span class='ocrx_word' id='word_1_137' title='bbox 1431 1011 1814 1066; x_wconf 81' lang='lat' dir='ltr'>testimoniumque</span> 
     </span>
     <span class='ocr_line' id='line_1_17' title="bbox 366 1068 1814 1127; baseline -0.001 -16"><span class='ocrx_word' id='word_1_138' title='bbox 366 1069 566 1122; x_wconf 80' lang='lat' dir='ltr'>Caesaris,</span> <span class='ocrx_word' id='word_1_139' title='bbox 602 1072 641 1102; x_wconf 71' lang='grc'>68</span> <span class='ocrx_word' id='word_1_140' title='bbox 658 1080 744 1112; x_wconf 82' lang='lat' dir='ltr'>tuae</span> <span class='ocrx_word' id='word_1_141' title='bbox 784 1070 958 1126; x_wconf 91' lang='lat' dir='ltr'>quidem</span> <span class='ocrx_word' id='word_1_142' title='bbox 996 1070 1302 1127; x_wconf 83' lang='lat' dir='ltr'>supplicationi</span> <span class='ocrx_word' id='word_1_143' title='bbox 1340 1085 1443 1122; x_wconf 89' lang='lat' dir='ltr'>non,</span> <span class='ocrx_word' id='word_1_144' title='bbox 1477 1070 1549 1111; x_wconf 92' lang='lat' dir='ltr'>sed</span> <span class='ocrx_word' id='word_1_145' title='bbox 1582 1068 1814 1124; x_wconf 89' lang='lat' dir='ltr'>triumphis</span> 
     </span>
     <span class='ocr_line' id='line_1_18' title="bbox 362 1125 1813 1185; baseline 0.001 -16"><span class='ocrx_word' id='word_1_146' title='bbox 362 1127 598 1169; x_wconf 85' lang='lat' dir='ltr'>multorum</span> <span class='ocrx_word' id='word_1_147' title='bbox 637 1141 871 1184; x_wconf 81' lang='lat' dir='ltr'>antepono.</span> <span class='ocrx_word' id='word_1_148' title='bbox 934 1128 990 1169; x_wconf 85' lang='lat' dir='ltr'>Et</span> <span class='ocrx_word' id='word_1_149' title='bbox 1030 1138 1146 1169; x_wconf 87' lang='lat' dir='ltr'>recte</span> <span class='ocrx_word' id='word_1_150' title='bbox 1185 1128 1375 1184; x_wconf 88' lang='lat' dir='ltr'>quidem,</span> <span class='ocrx_word' id='word_1_151' title='bbox 1416 1128 1609 1185; x_wconf 83' lang='lat' dir='ltr'>inquam,</span> <span class='ocrx_word' id='word_1_152' title='bbox 1651 1125 1813 1170; x_wconf 82' lang='lat' dir='ltr'>Brute:</span> 
     </span>
     <span class='ocr_line' id='line_1_19' title="bbox 361 1183 1815 1241; baseline -0.001 -16"><span class='ocrx_word' id='word_1_153' title='bbox 361 1185 493 1226; x_wconf 88' lang='lat' dir='ltr'>modo</span> <span class='ocrx_word' id='word_1_154' title='bbox 527 1186 583 1226; x_wconf 87' lang='lat' dir='ltr'>sit</span> <span class='ocrx_word' id='word_1_155' title='bbox 615 1185 699 1227; x_wconf 86' lang='lat' dir='ltr'>hoc</span> <span class='ocrx_word' id='word_1_156' title='bbox 732 1185 916 1227; x_wconf 84' lang='lat' dir='ltr'>Caesaris</span> <span class='ocrx_word' id='word_1_157' title='bbox 950 1185 1124 1241; x_wconf 82' lang='lat' dir='ltr'>judicii,</span> <span class='ocrx_word' id='word_1_158' title='bbox 1153 1201 1240 1226; x_wconf 91' lang='lat' dir='ltr'>non</span> <span class='ocrx_word' id='word_1_159' title='bbox 1274 1185 1579 1227; x_wconf 83' lang='lat' dir='ltr'>benivolentiae</span> <span class='ocrx_word' id='word_1_160' title='bbox 1619 1183 1815 1224; x_wconf 87' lang='lat' dir='ltr'>testimo-</span> 
     </span>
     <span class='ocr_line' id='line_1_20' title="bbox 360 1239 1815 1299; baseline -0.001 -16"><span class='ocrx_word' id='word_1_161' title='bbox 360 1243 498 1284; x_wconf 87' lang='lat' dir='ltr'>nium.</span> <span class='ocrx_word' id='word_1_162' title='bbox 529 1243 624 1299; x_wconf 90' lang='lat' dir='ltr'>plus</span> <span class='ocrx_word' id='word_1_163' title='bbox 647 1243 762 1284; x_wconf 90' lang='lat' dir='ltr'>enim</span> <span class='ocrx_word' id='word_1_164' title='bbox 784 1253 901 1284; x_wconf 87' lang='lat' dir='ltr'>certe</span> <span class='ocrx_word' id='word_1_165' title='bbox 930 1243 1077 1284; x_wconf 84' lang='lat' dir='ltr'>attulit</span> <span class='ocrx_word' id='word_1_166' title='bbox 1108 1243 1211 1284; x_wconf 85' lang='lat' dir='ltr'>huic</span> <span class='ocrx_word' id='word_1_167' title='bbox 1243 1242 1405 1299; x_wconf 91' lang='lat' dir='ltr'>populo</span> <span class='ocrx_word' id='word_1_168' title='bbox 1433 1241 1675 1299; x_wconf 80' lang='lat' dir='ltr'>dignitatiS,</span> <span class='ocrx_word' id='word_1_169' title='bbox 1697 1239 1815 1297; x_wconf 87' lang='lat' dir='ltr'>quis-</span> 
     </span>
     <span class='ocr_line' id='line_1_21' title="bbox 361 1298 1814 1356; baseline -0.001 -15"><span class='ocrx_word' id='word_1_170' title='bbox 361 1300 458 1355; x_wconf 82' lang='lat' dir='ltr'>quis</span> <span class='ocrx_word' id='word_1_171' title='bbox 480 1311 546 1341; x_wconf 85' lang='lat' dir='ltr'>est</span> <span class='ocrx_word' id='word_1_172' title='bbox 576 1300 660 1351; x_wconf 89' lang='lat' dir='ltr'>ille,</span> <span class='ocrx_word' id='word_1_173' title='bbox 684 1301 719 1341; x_wconf 87' lang='lat' dir='ltr'>si</span> <span class='ocrx_word' id='word_1_174' title='bbox 742 1301 871 1341; x_wconf 90' lang='lat' dir='ltr'>modo</span> <span class='ocrx_word' id='word_1_175' title='bbox 894 1311 959 1342; x_wconf 88' lang='lat' dir='ltr'>est</span> <span class='ocrx_word' id='word_1_176' title='bbox 993 1300 1161 1356; x_wconf 90' lang='lat' dir='ltr'>aliquis,</span> <span class='ocrx_word' id='word_1_177' title='bbox 1184 1301 1257 1355; x_wconf 87' lang='lat' dir='ltr'>qui</span> <span class='ocrx_word' id='word_1_178' title='bbox 1289 1315 1376 1342; x_wconf 92' lang='lat' dir='ltr'>non</span> <span class='ocrx_word' id='word_1_179' title='bbox 1410 1299 1641 1341; x_wconf 88' lang='lat' dir='ltr'>illustravit</span> <span class='ocrx_word' id='word_1_180' title='bbox 1667 1298 1814 1349; x_wconf 92' lang='lat' dir='ltr'>modo,</span> 
     </span>
     <span class='ocr_line' id='line_1_22' title="bbox 362 1355 1814 1413; baseline -0.001 -16"><span class='ocrx_word' id='word_1_181' title='bbox 362 1357 434 1398; x_wconf 91' lang='lat' dir='ltr'>sed</span> <span class='ocrx_word' id='word_1_182' title='bbox 459 1358 589 1399; x_wconf 83' lang='lat' dir='ltr'>etiam</span> <span class='ocrx_word' id='word_1_183' title='bbox 614 1358 766 1413; x_wconf 85' lang='lat' dir='ltr'>genuit</span> <span class='ocrx_word' id='word_1_184' title='bbox 789 1358 830 1398; x_wconf 89' lang='lat' dir='ltr'>in</span> <span class='ocrx_word' id='word_1_185' title='bbox 855 1358 936 1399; x_wconf 85' lang='lat' dir='ltr'>hac</span> <span class='ocrx_word' id='word_1_186' title='bbox 960 1359 1064 1399; x_wconf 88' lang='lat' dir='ltr'>urbe</span> <span class='ocrx_word' id='word_1_187' title='bbox 1085 1357 1257 1399; x_wconf 88' lang='lat' dir='ltr'>dicendi</span> <span class='ocrx_word' id='word_1_188' title='bbox 1280 1358 1467 1413; x_wconf 86' lang='lat' dir='ltr'>copiam,</span> <span class='ocrx_word' id='word_1_189' title='bbox 1490 1371 1620 1413; x_wconf 87' lang='lat' dir='ltr'>quam</span> <span class='ocrx_word' id='word_1_190' title='bbox 1641 1355 1718 1407; x_wconf 87' lang='lat' dir='ltr'>illi,</span> <span class='ocrx_word' id='word_1_191' title='bbox 1738 1355 1814 1411; x_wconf 91' lang='lat' dir='ltr'>qui</span> 
     </span>
     <span class='ocr_line' id='line_1_23' title="bbox 366 1413 1817 1471; baseline 0 -17"><span class='ocrx_word' id='word_1_192' title='bbox 366 1413 575 1470; x_wconf 81' lang='lat' dir='ltr'>Ligurum</span> <span class='ocrx_word' id='word_1_193' title='bbox 599 1415 773 1456; x_wconf 83' lang='lat' dir='ltr'>castella</span> <span class='ocrx_word' id='word_1_194' title='bbox 794 1424 1180 1471; x_wconf 80' lang='lat' dir='ltr'>expugnaverunt:</span> <span class='ocrx_word' id='word_1_195' title='bbox 1213 1429 1266 1456; x_wconf 82' lang='lat' dir='ltr'>ex</span> <span class='ocrx_word' id='word_1_196' title='bbox 1291 1414 1448 1469; x_wconf 84' lang='lat' dir='ltr'>quibus</span> <span class='ocrx_word' id='word_1_197' title='bbox 1475 1414 1744 1471; x_wconf 76' lang='lat' dir='ltr'>multisunt,</span> <span class='ocrx_word' id='word_1_198' title='bbox 1769 1421 1817 1455; x_wconf 86' lang='lat' dir='ltr'>ut</span> 
     </span>
     <span class='ocr_line' id='line_1_24' title="bbox 274 1470 1814 1528; baseline -0.004 -11"><span class='ocrx_word' id='word_1_199' title='bbox 274 1480 353 1517; x_wconf 73' lang='lat'>256</span> <span class='ocrx_word' id='word_1_200' title='bbox 367 1472 500 1523; x_wconf 85' lang='lat' dir='ltr'>scitis,</span> <span class='ocrx_word' id='word_1_201' title='bbox 526 1472 750 1528; x_wconf 85' lang='lat' dir='ltr'>triumphi.</span> <span class='ocrx_word' id='word_1_202' title='bbox 812 1473 970 1514; x_wconf 89' lang='lat' dir='ltr'>Verum</span> <span class='ocrx_word' id='word_1_203' title='bbox 1002 1472 1177 1527; x_wconf 88' lang='lat' dir='ltr'>quidem</span> <span class='ocrx_word' id='word_1_204' title='bbox 1211 1471 1245 1513; x_wconf 85' lang='lat' dir='ltr'>si</span> <span class='ocrx_word' id='word_1_205' title='bbox 1277 1472 1424 1513; x_wconf 83' lang='lat' dir='ltr'>audire</span> <span class='ocrx_word' id='word_1_206' title='bbox 1449 1471 1661 1522; x_wconf 88' lang='lat' dir='ltr'>volumus,</span> <span class='ocrx_word' id='word_1_207' title='bbox 1682 1470 1814 1512; x_wconf 62' lang='lat' dir='ltr'>omis-2</span> 
     </span>
     <span class='ocr_line' id='line_1_25' title="bbox 364 1528 1816 1585; baseline -0.001 -16"><span class='ocrx_word' id='word_1_208' title='bbox 364 1529 420 1570; x_wconf 86' lang='lat' dir='ltr'>sis</span> <span class='ocrx_word' id='word_1_209' title='bbox 445 1530 525 1569; x_wconf 86' lang='lat' dir='ltr'>illis</span> <span class='ocrx_word' id='word_1_210' title='bbox 549 1530 706 1570; x_wconf 76' lang='lat' dir='ltr'>divinis</span> <span class='ocrx_word' id='word_1_211' title='bbox 729 1529 934 1580; x_wconf 84' lang='lat' dir='ltr'>consiliis,</span> <span class='ocrx_word' id='word_1_212' title='bbox 957 1531 1114 1584; x_wconf 89' lang='lat' dir='ltr'>quibus</span> <span class='ocrx_word' id='word_1_213' title='bbox 1139 1543 1255 1585; x_wconf 86' lang='lat' dir='ltr'>saepe</span> <span class='ocrx_word' id='word_1_214' title='bbox 1276 1529 1514 1570; x_wconf 86' lang='lat' dir='ltr'>constituta</span> <span class='ocrx_word' id='word_1_215' title='bbox 1534 1538 1600 1569; x_wconf 86' lang='lat' dir='ltr'>est</span> <span class='ocrx_word' id='word_1_216' title='bbox 1630 1528 1816 1584; x_wconf 89' lang='lat' dir='ltr'>impera-</span> 
     </span>
     <span class='ocr_line' id='line_1_26' title="bbox 363 1585 1814 1642; baseline 0 -16"><span class='ocrx_word' id='word_1_217' title='bbox 363 1595 507 1627; x_wconf 87' lang='lat' dir='ltr'>torum</span> <span class='ocrx_word' id='word_1_218' title='bbox 537 1587 748 1642; x_wconf 82' lang='lat' dir='ltr'>sapientia</span> <span class='ocrx_word' id='word_1_219' title='bbox 777 1586 888 1627; x_wconf 80' lang='lat' dir='ltr'>salus</span> <span class='ocrx_word' id='word_1_220' title='bbox 918 1586 1108 1627; x_wconf 88' lang='lat' dir='ltr'>civitatis</span> <span class='ocrx_word' id='word_1_221' title='bbox 1141 1597 1217 1628; x_wconf 86' lang='lat' dir='ltr'>aut</span> <span class='ocrx_word' id='word_1_222' title='bbox 1252 1586 1366 1636; x_wconf 88' lang='lat' dir='ltr'>belli,</span> <span class='ocrx_word' id='word_1_223' title='bbox 1398 1595 1473 1631; x_wconf 84' lang='lat' dir='ltr'>aut</span> <span class='ocrx_word' id='word_1_224' title='bbox 1501 1585 1645 1637; x_wconf 83' lang='lat' dir='ltr'>domi3</span> <span class='ocrx_word' id='word_1_225' title='bbox 1675 1585 1814 1626; x_wconf 87' lang='lat' dir='ltr'>multo</span> 
     </span>
     <span class='ocr_line' id='line_1_27' title="bbox 360 1642 1817 1700; baseline 0.001 -17"><span class='ocrx_word' id='word_1_226' title='bbox 360 1644 501 1699; x_wconf 80' lang='lat' dir='ltr'>magis</span> <span class='ocrx_word' id='word_1_227' title='bbox 535 1655 680 1686; x_wconf 85' lang='lat' dir='ltr'>orator</span> <span class='ocrx_word' id='word_1_228' title='bbox 711 1653 891 1700; x_wconf 67' lang='lat' dir='ltr'>praestat</span> <span class='ocrx_word' id='word_1_229' title='bbox 925 1644 1102 1685; x_wconf 87' lang='lat' dir='ltr'>minutis</span> <span class='ocrx_word' id='word_1_230' title='bbox 1138 1643 1486 1699; x_wconf 77' lang='lat' dir='ltr'>imperatoribus,</span> <span class='ocrx_word' id='word_1_231' title='bbox 1545 1642 1608 1684; x_wconf 86' lang='lat' dir='ltr'>At</span> <span class='ocrx_word' id='word_1_232' title='bbox 1640 1643 1817 1699; x_wconf 86' lang='lat' dir='ltr'>prodest</span> 
     </span>
     <span class='ocr_line' id='line_1_28' title="bbox 361 1701 1816 1758; baseline -0.001 -17"><span class='ocrx_word' id='word_1_233' title='bbox 361 1701 458 1758; x_wconf 81' lang='lat' dir='ltr'>plus</span> <span class='ocrx_word' id='word_1_234' title='bbox 492 1701 741 1757; x_wconf 83' lang='lat' dir='ltr'>imperator.</span> <span class='ocrx_word' id='word_1_235' title='bbox 803 1702 914 1748; x_wconf 80' lang='lat' dir='ltr'>Quis</span> <span class='ocrx_word' id='word_1_236' title='bbox 948 1704 1106 1758; x_wconf 84' lang='lat' dir='ltr'>negat?</span> <span class='ocrx_word' id='word_1_237' title='bbox 1138 1702 1211 1742; x_wconf 90' lang='lat' dir='ltr'>sed</span> <span class='ocrx_word' id='word_1_238' title='bbox 1245 1711 1414 1752; x_wconf 75' lang='lat' dir='ltr'>tamen„</span> <span class='ocrx_word' id='word_1_239' title='bbox 1440 1705 1548 1753; x_wconf 90' lang='lat' dir='ltr'>(non</span> <span class='ocrx_word' id='word_1_240' title='bbox 1584 1709 1732 1741; x_wconf 89' lang='lat' dir='ltr'>metuo</span> <span class='ocrx_word' id='word_1_241' title='bbox 1761 1713 1816 1741; x_wconf 88' lang='lat' dir='ltr'>ne</span> 
     </span>
     <span class='ocr_line' id='line_1_29' title="bbox 360 1756 1816 1815; baseline 0 -17"><span class='ocrx_word' id='word_1_242' title='bbox 360 1758 470 1799; x_wconf 84' lang='lat' dir='ltr'>mihi</span> <span class='ocrx_word' id='word_1_243' title='bbox 501 1758 772 1800; x_wconf 73' lang='lat' dir='ltr'>acclametis:</span> <span class='ocrx_word' id='word_1_244' title='bbox 804 1768 868 1799; x_wconf 90' lang='lat' dir='ltr'>est</span> <span class='ocrx_word' id='word_1_245' title='bbox 897 1769 1042 1800; x_wconf 80' lang='lat' dir='ltr'>autem</span> <span class='ocrx_word' id='word_1_246' title='bbox 1074 1759 1189 1815; x_wconf 91' lang='lat' dir='ltr'>quod</span> <span class='ocrx_word' id='word_1_247' title='bbox 1221 1759 1394 1810; x_wconf 86' lang='lat' dir='ltr'>sentias,</span> <span class='ocrx_word' id='word_1_248' title='bbox 1417 1757 1589 1799; x_wconf 89' lang='lat' dir='ltr'>dicendi</span> <span class='ocrx_word' id='word_1_249' title='bbox 1618 1757 1726 1799; x_wconf 90' lang='lat' dir='ltr'>liber</span> <span class='ocrx_word' id='word_1_250' title='bbox 1751 1756 1816 1798; x_wconf 90' lang='lat' dir='ltr'>lo-</span> 
     </span>
     <span class='ocr_line' id='line_1_30' title="bbox 361 1815 1819 1872; baseline 0 -16"><span class='ocrx_word' id='word_1_251' title='bbox 361 1830 438 1856; x_wconf 91' lang='lat' dir='ltr'>cus</span> <span class='ocrx_word' id='word_1_252' title='bbox 454 1817 483 1863; x_wconf 70' lang='grc' dir='ltr'>ι)</span> <span class='ocrx_word' id='word_1_253' title='bbox 515 1816 661 1856; x_wconf 79' lang='lat' dir='ltr'>malim</span> <span class='ocrx_word' id='word_1_254' title='bbox 683 1816 790 1857; x_wconf 85' lang='lat' dir='ltr'>mihi</span> <span class='ocrx_word' id='word_1_255' title='bbox 817 1817 865 1857; x_wconf 91' lang='lat' dir='ltr'>L.</span> <span class='ocrx_word' id='word_1_256' title='bbox 881 1815 1025 1857; x_wconf 85' lang='lat' dir='ltr'>Crassi</span> <span class='ocrx_word' id='word_1_257' title='bbox 1051 1831 1178 1857; x_wconf 87' lang='lat' dir='ltr'>unam</span> <span class='ocrx_word' id='word_1_258' title='bbox 1203 1831 1280 1872; x_wconf 89' lang='lat' dir='ltr'>pro</span> <span class='ocrx_word' id='word_1_259' title='bbox 1305 1816 1384 1857; x_wconf 79' lang='grc' dir='ltr'>Μ’.</span> <span class='ocrx_word' id='word_1_260' title='bbox 1409 1815 1544 1857; x_wconf 92' lang='lat' dir='ltr'>Curio</span> <span class='ocrx_word' id='word_1_261' title='bbox 1565 1815 1819 1866; x_wconf 86' lang='lat' dir='ltr'>dictionem,</span> 
     </span>
     <span class='ocr_line' id='line_1_31' title="bbox 363 1871 1817 1930; baseline 0 -17"><span class='ocrx_word' id='word_1_262' title='bbox 363 1887 494 1928; x_wconf 83' lang='lat' dir='ltr'>quam</span> <span class='ocrx_word' id='word_1_263' title='bbox 528 1873 782 1920; x_wconf 75' lang='lat' dir='ltr'>castellanos</span> <span class='ocrx_word' id='word_1_264' title='bbox 818 1874 1060 1929; x_wconf 85' lang='lat' dir='ltr'>triumphos</span> <span class='ocrx_word' id='word_1_265' title='bbox 1096 1874 1217 1915; x_wconf 90' lang='lat' dir='ltr'>duos.</span> <span class='ocrx_word' id='word_1_266' title='bbox 1278 1873 1339 1915; x_wconf 88' lang='lat' dir='ltr'>At</span> <span class='ocrx_word' id='word_1_267' title='bbox 1375 1873 1468 1930; x_wconf 90' lang='lat' dir='ltr'>plus</span> <span class='ocrx_word' id='word_1_268' title='bbox 1502 1871 1700 1914; x_wconf 85' lang='lat' dir='ltr'>interfuit</span> <span class='ocrx_word' id='word_1_269' title='bbox 1735 1872 1817 1914; x_wconf 85' lang='lat' dir='ltr'>rei-</span> 
     </span>
     <span class='ocr_line' id='line_1_32' title="bbox 365 1929 1818 1987; baseline 0 -16"><span class='ocrx_word' id='word_1_270' title='bbox 365 1931 569 1985; x_wconf 75' lang='lat' dir='ltr'>publicae,</span> <span class='ocrx_word' id='word_1_271' title='bbox 591 1931 814 1972; x_wconf 77' lang='lat' dir='ltr'>castellum</span> <span class='ocrx_word' id='word_1_272' title='bbox 841 1932 938 1987; x_wconf 84' lang='lat' dir='ltr'>capi</span> <span class='ocrx_word' id='word_1_273' title='bbox 973 1932 1198 1987; x_wconf 81' lang='lat' dir='ltr'>Ligurum,</span> <span class='ocrx_word' id='word_1_274' title='bbox 1220 1946 1349 1986; x_wconf 88' lang='lat' dir='ltr'>quam</span> <span class='ocrx_word' id='word_1_275' title='bbox 1384 1932 1491 1972; x_wconf 89' lang='lat' dir='ltr'>bene</span> <span class='ocrx_word' id='word_1_276' title='bbox 1521 1929 1694 1972; x_wconf 89' lang='lat' dir='ltr'>defendi</span> <span class='ocrx_word' id='word_1_277' title='bbox 1716 1944 1818 1971; x_wconf 85' lang='lat' dir='ltr'>cau-</span> 
     </span>
     <span class='ocr_line' id='line_1_33' title="bbox 277 1987 1819 2043; baseline -0.001 -14"><span class='ocrx_word' id='word_1_278' title='bbox 277 1997 355 2034; x_wconf 69' lang='lat'>257</span> <span class='ocrx_word' id='word_1_279' title='bbox 369 2002 459 2028; x_wconf 79' lang='lat' dir='ltr'>sam</span> <span class='ocrx_word' id='word_1_280' title='bbox 484 1988 563 2029; x_wconf 82' lang='lat' dir='ltr'>M’.</span> <span class='ocrx_word' id='word_1_281' title='bbox 589 1988 726 2041; x_wconf 86' lang='lat' dir='ltr'>Curii.</span> <span class='ocrx_word' id='word_1_282' title='bbox 770 1988 928 2030; x_wconf 89' lang='lat' dir='ltr'>Credo.</span> <span class='ocrx_word' id='word_1_283' title='bbox 979 1989 1063 2030; x_wconf 88' lang='lat' dir='ltr'>Sed</span> <span class='ocrx_word' id='word_1_284' title='bbox 1087 1987 1419 2030; x_wconf 86' lang='lat' dir='ltr'>Atheniensium</span> <span class='ocrx_word' id='word_1_285' title='bbox 1441 2002 1614 2043; x_wconf 91' lang='lat' dir='ltr'>quoque</span> <span class='ocrx_word' id='word_1_286' title='bbox 1636 1987 1731 2043; x_wconf 89' lang='lat' dir='ltr'>plus</span> <span class='ocrx_word' id='word_1_287' title='bbox 1752 1987 1819 2028; x_wconf 86' lang='lat' dir='ltr'>in-</span> 
     </span>
     <span class='ocr_line' id='line_1_34' title="bbox 326 2044 1818 2102; baseline 0.001 -18"><span class='ocrx_word' id='word_1_288' title='bbox 326 2045 358 2076; x_wconf 87' lang='lat' dir='ltr'>b·</span> <span class='ocrx_word' id='word_1_289' title='bbox 372 2046 520 2086; x_wconf 87' lang='lat' dir='ltr'>terfuit</span> <span class='ocrx_word' id='word_1_290' title='bbox 544 2045 667 2087; x_wconf 83' lang='lat' dir='ltr'>firma</span> <span class='ocrx_word' id='word_1_291' title='bbox 688 2055 803 2086; x_wconf 85' lang='lat' dir='ltr'>tecta</span> <span class='ocrx_word' id='word_1_292' title='bbox 828 2046 871 2086; x_wconf 88' lang='lat' dir='ltr'>iu</span> <span class='ocrx_word' id='word_1_293' title='bbox 900 2046 1130 2087; x_wconf 88' lang='lat' dir='ltr'>domiciliis</span> <span class='ocrx_word' id='word_1_294' title='bbox 1160 2046 1330 2097; x_wconf 87' lang='lat' dir='ltr'>habere,</span> <span class='ocrx_word' id='word_1_295' title='bbox 1353 2059 1483 2102; x_wconf 85' lang='lat' dir='ltr'>quam</span> <span class='ocrx_word' id='word_1_296' title='bbox 1513 2045 1730 2087; x_wconf 88' lang='lat' dir='ltr'>Minervae</span> <span class='ocrx_word' id='word_1_297' title='bbox 1761 2044 1818 2085; x_wconf 89' lang='lat' dir='ltr'>si-</span> 
     </span>
     <span class='ocr_line' id='line_1_35' title="bbox 368 2101 1818 2159; baseline 0.001 -17"><span class='ocrx_word' id='word_1_298' title='bbox 368 2117 503 2158; x_wconf 84' lang='lat' dir='ltr'>gnum</span> <span class='ocrx_word' id='word_1_299' title='bbox 526 2117 579 2144; x_wconf 79' lang='lat' dir='ltr'>ex</span> <span class='ocrx_word' id='word_1_300' title='bbox 603 2104 733 2144; x_wconf 88' lang='lat' dir='ltr'>ebore</span> <span class='ocrx_word' id='word_1_301' title='bbox 763 2102 1097 2159; x_wconf 81' lang='lat' dir='ltr'>pulcerrimum3</span> <span class='ocrx_word' id='word_1_302' title='bbox 1129 2113 1272 2157; x_wconf 78' lang='lat' dir='ltr'>tamen</span> <span class='ocrx_word' id='word_1_303' title='bbox 1297 2118 1379 2159; x_wconf 82' lang='lat' dir='ltr'>ego</span> <span class='ocrx_word' id='word_1_304' title='bbox 1402 2118 1470 2144; x_wconf 87' lang='lat' dir='ltr'>me</span> <span class='ocrx_word' id='word_1_305' title='bbox 1502 2101 1704 2144; x_wconf 87' lang='lat' dir='ltr'>Phidiam</span> <span class='ocrx_word' id='word_1_306' title='bbox 1726 2116 1818 2143; x_wconf 87' lang='lat' dir='ltr'>esse</span> 
     </span>
     <span class='ocr_line' id='line_1_36' title="bbox 364 2159 1818 2218; baseline 0 -18"><span class='ocrx_word' id='word_1_307' title='bbox 364 2159 552 2212; x_wconf 84' lang='lat' dir='ltr'>mallem,</span> <span class='ocrx_word' id='word_1_308' title='bbox 574 2175 706 2216; x_wconf 80' lang='lat' dir='ltr'>quam</span> <span class='ocrx_word' id='word_1_309' title='bbox 728 2161 795 2201; x_wconf 89' lang='lat' dir='ltr'>vel</span> <span class='ocrx_word' id='word_1_310' title='bbox 817 2162 1032 2218; x_wconf 88' lang='lat' dir='ltr'>optimum</span> <span class='ocrx_word' id='word_1_311' title='bbox 1055 2160 1227 2202; x_wconf 78' lang='lat' dir='ltr'>fabrum</span> <span class='ocrx_word' id='word_1_312' title='bbox 1251 2161 1500 2217; x_wconf 81' lang='lat' dir='ltr'>tignarium.</span> <span class='ocrx_word' id='word_1_313' title='bbox 1546 2160 1693 2207; x_wconf 84' lang='lat' dir='ltr'>Quare</span> <span class='ocrx_word' id='word_1_314' title='bbox 1714 2173 1818 2212; x_wconf 87' lang='lat' dir='ltr'>non,</span> 
     </span>
    </p>
   </div>
   <div class='ocr_carea' id='block_1_3' title="bbox 364 2305 1071 2727">
    <p class='ocr_par' dir='ltr' id='par_1_3' title="bbox 364 2305 1071 2682">
     <span class='ocr_line' id='line_1_37' title="bbox 405 2305 1069 2347; baseline 0.003 -12"><span class='ocrx_word' id='word_1_315' title='bbox 405 2307 447 2337; x_wconf 79' lang='lat'>66</span> <span class='ocrx_word' id='word_1_316' title='bbox 470 2307 573 2346; x_wconf 77' lang='lat' dir='ltr'>eloqui</span> <span class='ocrx_word' id='word_1_317' title='bbox 587 2311 624 2335; x_wconf 79' lang='lat' dir='ltr'>ut</span> <span class='ocrx_word' id='word_1_318' title='bbox 641 2306 785 2347; x_wconf 75' lang='lat' dir='ltr'>possent]</span> <span class='ocrx_word' id='word_1_319' title='bbox 810 2306 926 2337; x_wconf 86' lang='lat' dir='ltr'>Addidi</span> <span class='ocrx_word' id='word_1_320' title='bbox 952 2306 1006 2337; x_wconf 83' lang='lat' dir='ltr'>hic</span> <span class='ocrx_word' id='word_1_321' title='bbox 1030 2305 1069 2337; x_wconf 91' lang='lat' dir='ltr'>de</span> 
     </span>
     <span class='ocr_line' id='line_1_38' title="bbox 364 2349 1068 2389; baseline 0 -10"><span class='ocrx_word' id='word_1_322' title='bbox 364 2358 438 2379; x_wconf 81' lang='lat' dir='ltr'>mco</span> <span class='ocrx_word' id='word_1_323' title='bbox 448 2349 575 2386; x_wconf 80' lang='lat' dir='ltr'>jndicio</span> <span class='ocrx_word' id='word_1_324' title='bbox 588 2353 638 2384; x_wconf 82' lang='lat' dir='ltr'>ut,</span> <span class='ocrx_word' id='word_1_325' title='bbox 654 2349 741 2387; x_wconf 82' lang='lat' dir='ltr'>quod</span> <span class='ocrx_word' id='word_1_326' title='bbox 755 2358 882 2385; x_wconf 87' lang='lat' dir='ltr'>omnes,</span> <span class='ocrx_word' id='word_1_327' title='bbox 896 2349 945 2379; x_wconf 81' lang='lat' dir='ltr'>uti</span> <span class='ocrx_word' id='word_1_328' title='bbox 961 2358 1068 2389; x_wconf 82' lang='lat' dir='ltr'>spero,</span> 
     </span>
     <span class='ocr_line' id='line_1_39' title="bbox 365 2391 1070 2430; baseline 0.004 -11"><span class='ocrx_word' id='word_1_329' title='bbox 365 2398 545 2430; x_wconf 76' lang='lat' dir='ltr'>agnoscent</span> <span class='ocrx_word' id='word_1_330' title='bbox 561 2391 741 2421; x_wconf 72' lang='lat' dir='ltr'>necessario</span> <span class='ocrx_word' id='word_1_331' title='bbox 759 2391 941 2422; x_wconf 83' lang='lat' dir='ltr'>addendum</span> <span class='ocrx_word' id='word_1_332' title='bbox 958 2391 1070 2429; x_wconf 78' lang='lat' dir='ltr'>fuisse,</span> 
     </span>
     <span class='ocr_line' id='line_1_40' title="bbox 365 2433 1071 2474; baseline 0.003 -12"><span class='ocrx_word' id='word_1_333' title='bbox 365 2439 495 2463; x_wconf 70' lang='lat' dir='ltr'>textum</span> <span class='ocrx_word' id='word_1_334' title='bbox 509 2433 685 2474; x_wconf 74' lang='lat' dir='ltr'>diligenter</span> <span class='ocrx_word' id='word_1_335' title='bbox 700 2433 840 2464; x_wconf 79' lang='lat' dir='ltr'>edituro.</span> <span class='ocrx_word' id='word_1_336' title='bbox 878 2433 1071 2464; x_wconf 85' lang='lat' dir='ltr'>Mirandum</span> 
     </span>
     <span class='ocr_line' id='line_1_41' title="bbox 365 2475 1068 2515; baseline 0.001 -11"><span class='ocrx_word' id='word_1_337' title='bbox 365 2480 428 2515; x_wconf 86' lang='lat' dir='ltr'>est,</span> <span class='ocrx_word' id='word_1_338' title='bbox 458 2480 528 2505; x_wconf 73' lang='lat' dir='ltr'>tam</span> <span class='ocrx_word' id='word_1_339' title='bbox 555 2475 668 2505; x_wconf 80' lang='lat' dir='ltr'>doctos</span> <span class='ocrx_word' id='word_1_340' title='bbox 695 2480 730 2506; x_wconf 85' lang='lat' dir='ltr'>et</span> <span class='ocrx_word' id='word_1_341' title='bbox 759 2481 873 2506; x_wconf 84' lang='lat' dir='ltr'>acutos</span> <span class='ocrx_word' id='word_1_342' title='bbox 901 2476 1068 2506; x_wconf 82' lang='lat' dir='ltr'>Ciceronis</span> 
     </span>
     <span class='ocr_line' id='line_1_42' title="bbox 364 2516 1067 2555; baseline 0.003 -9"><span class='ocrx_word' id='word_1_343' title='bbox 364 2522 562 2555; x_wconf 67' lang='lat' dir='ltr'>tractatores</span> <span class='ocrx_word' id='word_1_344' title='bbox 579 2528 643 2548; x_wconf 86' lang='lat' dir='ltr'>non</span> <span class='ocrx_word' id='word_1_345' title='bbox 657 2516 783 2554; x_wconf 70' lang='lat' dir='ltr'>vidisse,</span> <span class='ocrx_word' id='word_1_346' title='bbox 801 2529 865 2548; x_wconf 82' lang='lat' dir='ltr'>non</span> <span class='ocrx_word' id='word_1_347' title='bbox 882 2519 1067 2549; x_wconf 81' lang='lat' dir='ltr'>correxisse.</span> 
     </span>
     <span class='ocr_line' id='line_1_43' title="bbox 366 2558 1071 2600; baseline 0.001 -11"><span class='ocrx_word' id='word_1_348' title='bbox 366 2558 595 2589; x_wconf 72' lang='lat' dir='ltr'>Sed-verum</span> <span class='ocrx_word' id='word_1_349' title='bbox 619 2560 657 2589; x_wconf 62' lang='lat' dir='ltr'>de</span> <span class='ocrx_word' id='word_1_350' title='bbox 674 2559 733 2590; x_wconf 84' lang='lat' dir='ltr'>hac</span> <span class='ocrx_word' id='word_1_351' title='bbox 757 2571 790 2590; x_wconf 89' lang='lat' dir='ltr'>re</span> <span class='ocrx_word' id='word_1_352' title='bbox 813 2561 960 2600; x_wconf 85' lang='lat' dir='ltr'>proprius</span> <span class='ocrx_word' id='word_1_353' title='bbox 980 2560 1071 2590; x_wconf 86' lang='lat' dir='ltr'>locus</span> 
     </span>
     <span class='ocr_line' id='line_1_44' title="bbox 367 2601 1070 2643; baseline 0.004 -13"><span class='ocrx_word' id='word_1_354' title='bbox 367 2601 461 2631; x_wconf 84' lang='lat' dir='ltr'>nobis</span> <span class='ocrx_word' id='word_1_355' title='bbox 483 2601 665 2631; x_wconf 58' lang='lat' dir='ltr'>destinatus</span> <span class='ocrx_word' id='word_1_356' title='bbox 682 2606 732 2631; x_wconf 76' lang='lat' dir='ltr'>cst</span> <span class='ocrx_word' id='word_1_357' title='bbox 754 2603 880 2634; x_wconf 85' lang='lat' dir='ltr'>dicendi</span> <span class='ocrx_word' id='word_1_358' title='bbox 896 2603 932 2633; x_wconf 84' lang='lat' dir='ltr'>iu</span> <span class='ocrx_word' id='word_1_359' title='bbox 957 2603 1070 2643; x_wconf 79' lang='lat' dir='ltr'>praefa-</span> 
     </span>
     <span class='ocr_line' id='line_1_45' title="bbox 366 2643 748 2682; baseline 0.003 -9"><span class='ocrx_word' id='word_1_360' title='bbox 366 2644 458 2673; x_wconf 79' lang='lat' dir='ltr'>tione</span> <span class='ocrx_word' id='word_1_361' title='bbox 474 2643 569 2682; x_wconf 83' lang='lat' dir='ltr'>hujus</span> <span class='ocrx_word' id='word_1_362' title='bbox 585 2643 748 2674; x_wconf 73' lang='lat' dir='ltr'>editionis.</span> 
     </span>
    </p>

    <p class='ocr_par' dir='ltr' id='par_1_4' title="bbox 409 2685 1069 2727">
     <span class='ocr_line' id='line_1_46' title="bbox 409 2685 1069 2727; baseline 0.003 -11"><span class='ocrx_word' id='word_1_363' title='bbox 409 2685 448 2719; x_wconf 76' lang='lat'>67</span> <span class='ocrx_word' id='word_1_364' title='bbox 471 2695 560 2715; x_wconf 79' lang='lat' dir='ltr'>nunc</span> <span class='ocrx_word' id='word_1_365' title='bbox 575 2695 638 2725; x_wconf 78' lang='lat' dir='ltr'>pro</span> <span class='ocrx_word' id='word_1_366' title='bbox 662 2687 772 2716; x_wconf 76' lang='lat' dir='ltr'>relicto</span> <span class='ocrx_word' id='word_1_367' title='bbox 795 2691 839 2716; x_wconf 72' lang='lat' dir='ltr'>cst</span> <span class='ocrx_word' id='word_1_368' title='bbox 856 2687 1069 2727; x_wconf 70' lang='lat' dir='ltr'>habendum]</span> 
     </span>
    </p>
   </div>
   <div class='ocr_carea' id='block_1_4' title="bbox 1113 2305 1820 2728">
    <p class='ocr_par' dir='ltr' id='par_1_5' title="bbox 1113 2305 1817 2466">
     <span class='ocr_line' id='line_1_47' title="bbox 1114 2305 1817 2344; baseline 0 -8"><span class='ocrx_word' id='word_1_369' title='bbox 1114 2305 1167 2337; x_wconf 84' lang='lat' dir='ltr'>Ita</span> <span class='ocrx_word' id='word_1_370' title='bbox 1183 2316 1295 2337; x_wconf 75' lang='lat' dir='ltr'>sensus</span> <span class='ocrx_word' id='word_1_371' title='bbox 1308 2308 1387 2338; x_wconf 80' lang='lat' dir='ltr'>erit:</span> <span class='ocrx_word' id='word_1_372' title='bbox 1407 2316 1474 2338; x_wconf 91' lang='lat' dir='ltr'>non</span> <span class='ocrx_word' id='word_1_373' title='bbox 1487 2311 1536 2337; x_wconf 87' lang='lat' dir='ltr'>est</span> <span class='ocrx_word' id='word_1_374' title='bbox 1549 2305 1817 2344; x_wconf 78' lang='lat' dir='ltr'>existimandum,</span> 
     </span>
     <span class='ocr_line' id='line_1_48' title="bbox 1114 2347 1817 2389; baseline -0.001 -10"><span class='ocrx_word' id='word_1_375' title='bbox 1114 2359 1216 2387; x_wconf 76' lang='lat' dir='ltr'>genus</span> <span class='ocrx_word' id='word_1_376' title='bbox 1232 2350 1294 2380; x_wconf 89' lang='lat' dir='ltr'>hoc</span> <span class='ocrx_word' id='word_1_377' title='bbox 1312 2350 1472 2381; x_wconf 89' lang='lat' dir='ltr'>sermonis</span> <span class='ocrx_word' id='word_1_378' title='bbox 1487 2359 1554 2380; x_wconf 84' lang='lat' dir='ltr'>esse</span> <span class='ocrx_word' id='word_1_379' title='bbox 1571 2347 1817 2389; x_wconf 83' lang='lat' dir='ltr'>negligendum,</span> 
     </span>
     <span class='ocr_line' id='line_1_49' title="bbox 1113 2389 1817 2432; baseline 0 -10"><span class='ocrx_word' id='word_1_380' title='bbox 1113 2397 1172 2422; x_wconf 82' lang='lat' dir='ltr'>aut</span> <span class='ocrx_word' id='word_1_381' title='bbox 1200 2392 1333 2432; x_wconf 83' lang='lat' dir='ltr'>negligi.</span> <span class='ocrx_word' id='word_1_382' title='bbox 1380 2392 1450 2431; x_wconf 83' lang='lat' dir='ltr'>Ego</span> <span class='ocrx_word' id='word_1_383' title='bbox 1479 2391 1562 2422; x_wconf 85' lang='lat' dir='ltr'>nihil</span> <span class='ocrx_word' id='word_1_384' title='bbox 1588 2391 1704 2428; x_wconf 83' lang='lat' dir='ltr'>habeo,</span> <span class='ocrx_word' id='word_1_385' title='bbox 1730 2389 1817 2430; x_wconf 88' lang='lat' dir='ltr'>quod</span> 
     </span>
     <span class='ocr_line' id='line_1_50' title="bbox 1114 2433 1424 2466; baseline -0.006 0"><span class='ocrx_word' id='word_1_386' title='bbox 1114 2433 1187 2466; x_wconf 82' lang='lat' dir='ltr'>loeo</span> <span class='ocrx_word' id='word_1_387' title='bbox 1202 2434 1278 2465; x_wconf 89' lang='lat' dir='ltr'>huic</span> <span class='ocrx_word' id='word_1_388' title='bbox 1294 2435 1424 2465; x_wconf 86' lang='lat' dir='ltr'>faciam.</span> 
     </span>
    </p>

    <p class='ocr_par' dir='ltr' id='par_1_6' title="bbox 1114 2475 1820 2728">
     <span class='ocr_line' id='line_1_51' title="bbox 1154 2475 1815 2516; baseline 0.002 -10"><span class='ocrx_word' id='word_1_389' title='bbox 1154 2476 1194 2507; x_wconf 76' lang='lat'>68</span> <span class='ocrx_word' id='word_1_390' title='bbox 1218 2481 1282 2507; x_wconf 79' lang='lat' dir='ltr'>tuoe</span> <span class='ocrx_word' id='word_1_391' title='bbox 1302 2477 1432 2516; x_wconf 82' lang='lat' dir='ltr'>quidem</span> <span class='ocrx_word' id='word_1_392' title='bbox 1447 2477 1551 2515; x_wconf 85' lang='lat' dir='ltr'>suppl.</span> <span class='ocrx_word' id='word_1_393' title='bbox 1574 2485 1650 2512; x_wconf 82' lang='lat' dir='ltr'>non,</span> <span class='ocrx_word' id='word_1_394' title='bbox 1662 2475 1720 2506; x_wconf 81' lang='lat' dir='ltr'>sed</span> <span class='ocrx_word' id='word_1_395' title='bbox 1738 2475 1815 2516; x_wconf 64' lang='grc' dir='ltr'>δια]</span> 
     </span>
     <span class='ocr_line' id='line_1_52' title="bbox 1114 2517 1820 2558; baseline 0.001 -10"><span class='ocrx_word' id='word_1_396' title='bbox 1114 2518 1195 2549; x_wconf 82' lang='lat' dir='ltr'>Edd.</span> <span class='ocrx_word' id='word_1_397' title='bbox 1211 2529 1260 2558; x_wconf 88' lang='lat' dir='ltr'>pr.</span> <span class='ocrx_word' id='word_1_398' title='bbox 1276 2519 1401 2549; x_wconf 87' lang='lat' dir='ltr'>habent</span> <span class='ocrx_word' id='word_1_399' title='bbox 1417 2528 1481 2549; x_wconf 79' lang='lat' dir='ltr'>non</span> <span class='ocrx_word' id='word_1_400' title='bbox 1493 2520 1595 2548; x_wconf 71' lang='lat' dir='ltr'>solent</span> <span class='ocrx_word' id='word_1_401' title='bbox 1607 2531 1616 2548; x_wconf 86' lang='lat'>.-</span> <span class='ocrx_word' id='word_1_402' title='bbox 1639 2517 1725 2558; x_wconf 88' lang='lat' dir='ltr'>quod</span> <span class='ocrx_word' id='word_1_403' title='bbox 1740 2518 1820 2550; x_wconf 79' lang='lat' dir='ltr'>alie&#39;-</span> 
     </span>
     <span class='ocr_line' id='line_1_53' title="bbox 1116 2560 1818 2602; baseline -0.001 -12"><span class='ocrx_word' id='word_1_404' title='bbox 1116 2571 1196 2591; x_wconf 85' lang='lat' dir='ltr'>num</span> <span class='ocrx_word' id='word_1_405' title='bbox 1211 2566 1244 2591; x_wconf 86' lang='lat' dir='ltr'>et</span> <span class='ocrx_word' id='word_1_406' title='bbox 1259 2561 1499 2602; x_wconf 77' lang='lat' dir='ltr'>interpolatum</span> <span class='ocrx_word' id='word_1_407' title='bbox 1518 2569 1600 2597; x_wconf 85' lang='lat' dir='ltr'>esse,</span> <span class='ocrx_word' id='word_1_408' title='bbox 1616 2560 1721 2600; x_wconf 86' lang='lat' dir='ltr'>quivis</span> <span class='ocrx_word' id='word_1_409' title='bbox 1743 2570 1818 2592; x_wconf 67' lang='lat' dir='ltr'>sen-</span> 
     </span>
     <span class='ocr_line' id='line_1_54' title="bbox 1115 2603 1820 2643; baseline 0.004 -11"><span class='ocrx_word' id='word_1_410' title='bbox 1115 2603 1189 2635; x_wconf 82' lang='lat' dir='ltr'>tiat.</span> <span class='ocrx_word' id='word_1_411' title='bbox 1235 2603 1346 2634; x_wconf 83' lang='lat' dir='ltr'>Rivius</span> <span class='ocrx_word' id='word_1_412' title='bbox 1373 2613 1391 2634; x_wconf 90' lang='lat' dir='ltr'>e</span> <span class='ocrx_word' id='word_1_413' title='bbox 1419 2603 1484 2634; x_wconf 90' lang='lat' dir='ltr'>Ms.</span> <span class='ocrx_word' id='word_1_414' title='bbox 1512 2605 1649 2643; x_wconf 83' lang='lat' dir='ltr'>antiquo</span> <span class='ocrx_word' id='word_1_415' title='bbox 1677 2603 1820 2643; x_wconf 80' lang='lat' dir='ltr'>protulit</span> 
     </span>
     <span class='ocr_line' id='line_1_55' title="bbox 1114 2644 1818 2685; baseline 0.001 -10"><span class='ocrx_word' id='word_1_416' title='bbox 1114 2655 1190 2684; x_wconf 76' lang='lat' dir='ltr'>non,</span> <span class='ocrx_word' id='word_1_417' title='bbox 1215 2645 1323 2676; x_wconf 80' lang='lat' dir='ltr'>deleto</span> <span class='ocrx_word' id='word_1_418' title='bbox 1335 2647 1458 2676; x_wconf 80' lang='lat' dir='ltr'>solum.-</span> <span class='ocrx_word' id='word_1_419' title='bbox 1481 2645 1568 2685; x_wconf 82' lang='lat' dir='ltr'>quod</span> <span class='ocrx_word' id='word_1_420' title='bbox 1582 2646 1616 2676; x_wconf 90' lang='lat' dir='ltr'>in</span> <span class='ocrx_word' id='word_1_421' title='bbox 1641 2644 1712 2676; x_wconf 87' lang='lat' dir='ltr'>edd.</span> <span class='ocrx_word' id='word_1_422' title='bbox 1729 2655 1818 2676; x_wconf 82' lang='lat' dir='ltr'>rece-</span> 
     </span>
     <span class='ocr_line' id='line_1_56' title="bbox 1115 2687 1818 2728; baseline 0.001 -11"><span class='ocrx_word' id='word_1_423' title='bbox 1115 2692 1222 2727; x_wconf 84' lang='lat' dir='ltr'>ptum.</span> <span class='ocrx_word' id='word_1_424' title='bbox 1266 2687 1328 2718; x_wconf 83' lang='lat' dir='ltr'>Sed</span> <span class='ocrx_word' id='word_1_425' title='bbox 1350 2698 1414 2718; x_wconf 87' lang='lat' dir='ltr'>non</span> <span class='ocrx_word' id='word_1_426' title='bbox 1428 2695 1509 2728; x_wconf 83' lang='lat' dir='ltr'>puto</span> <span class='ocrx_word' id='word_1_427' title='bbox 1524 2697 1592 2718; x_wconf 85' lang='lat' dir='ltr'>esse</span> <span class='ocrx_word' id='word_1_428' title='bbox 1607 2687 1715 2719; x_wconf 86' lang='lat' dir='ltr'>alieno</span> <span class='ocrx_word' id='word_1_429' title='bbox 1729 2687 1818 2725; x_wconf 89' lang='lat' dir='ltr'>loco,</span> 
     </span>
    </p>
   </div>
   <div class='ocr_carea' id='block_1_5' title="bbox 363 2727 1820 2896">
    <p class='ocr_par' dir='ltr' id='par_1_7' title="bbox 363 2727 1820 2896">
     <span class='ocr_line' id='line_1_57' title="bbox 364 2727 1818 2770; baseline 0.001 -12"><span class='ocrx_word' id='word_1_430' title='bbox 364 2727 491 2758; x_wconf 81' lang='lat' dir='ltr'>Locum</span> <span class='ocrx_word' id='word_1_431' title='bbox 508 2727 596 2757; x_wconf 78' lang='lat' dir='ltr'>hune</span> <span class='ocrx_word' id='word_1_432' title='bbox 608 2737 722 2757; x_wconf 78' lang='lat' dir='ltr'>ornnes</span> <span class='ocrx_word' id='word_1_433' title='bbox 736 2728 889 2758; x_wconf 72' lang='lat' dir='ltr'>vitiosum</span> <span class='ocrx_word' id='word_1_434' title='bbox 899 2729 1066 2768; x_wconf 86' lang='lat' dir='ltr'>judicant,</span> <span class='ocrx_word' id='word_1_435' title='bbox 1111 2729 1400 2768; x_wconf 75' lang='lat' dir='ltr'>scribendumque:</span> <span class='ocrx_word' id='word_1_436' title='bbox 1425 2740 1490 2765; x_wconf 74' lang='lat' dir='ltr'>non</span> <span class='ocrx_word' id='word_1_437' title='bbox 1511 2735 1576 2762; x_wconf 79' lang='lat' dir='ltr'>tuoe</span> <span class='ocrx_word' id='word_1_438' title='bbox 1589 2731 1717 2770; x_wconf 71' lang='lat' dir='ltr'>quidem</span> <span class='ocrx_word' id='word_1_439' title='bbox 1739 2739 1818 2770; x_wconf 75' lang='lat' dir='ltr'>mp-</span> 
     </span>
     <span class='ocr_line' id='line_1_58' title="bbox 366 2769 1817 2812; baseline 0.004 -15"><span class='ocrx_word' id='word_1_440' title='bbox 366 2770 515 2810; x_wconf 56' lang='lat' dir='ltr'>varicque</span> <span class='ocrx_word' id='word_1_441' title='bbox 531 2775 674 2800; x_wconf 77' lang='lat' dir='ltr'>tentant.</span> <span class='ocrx_word' id='word_1_442' title='bbox 699 2769 814 2800; x_wconf 67' lang='lat' dir='ltr'>Laxnb.</span> <span class='ocrx_word' id='word_1_443' title='bbox 829 2780 891 2800; x_wconf 76' lang='lat' dir='ltr'>uon</span> <span class='ocrx_word' id='word_1_444' title='bbox 902 2782 963 2811; x_wconf 76' lang='lat' dir='ltr'>pro</span> <span class='ocrx_word' id='word_1_445' title='bbox 979 2772 1068 2807; x_wconf 58' lang='lat' dir='ltr'>dene·</span> <span class='ocrx_word' id='word_1_446' title='bbox 1107 2773 1291 2811; x_wconf 76' lang='lat' dir='ltr'>plicationz&#39;,</span> <span class='ocrx_word' id='word_1_447' title='bbox 1305 2773 1360 2802; x_wconf 75' lang='lat' dir='ltr'>sed</span> <span class='ocrx_word' id='word_1_448' title='bbox 1375 2769 1418 2803; x_wconf 63' lang='lat' dir='ltr'>tr.</span> <span class='ocrx_word' id='word_1_449' title='bbox 1437 2783 1480 2803; x_wconf 85' lang='lat' dir='ltr'>m.</span> <span class='ocrx_word' id='word_1_450' title='bbox 1499 2782 1531 2804; x_wconf 83' lang='lat' dir='ltr'>a.</span> <span class='ocrx_word' id='word_1_451' title='bbox 1553 2772 1640 2812; x_wconf 85' lang='lat' dir='ltr'>quod</span> <span class='ocrx_word' id='word_1_452' title='bbox 1654 2778 1708 2803; x_wconf 85' lang='lat' dir='ltr'>est</span> <span class='ocrx_word' id='word_1_453' title='bbox 1716 2771 1817 2812; x_wconf 79' lang='lat' dir='ltr'>plane</span> 
     </span>
     <span class='ocr_line' id='line_1_59' title="bbox 365 2811 1820 2855; baseline 0.004 -15"><span class='ocrx_word' id='word_1_454' title='bbox 365 2813 448 2842; x_wconf 76' lang='lat' dir='ltr'>licto.</span> <span class='ocrx_word' id='word_1_455' title='bbox 495 2811 697 2842; x_wconf 68' lang='lat' dir='ltr'>Alemannus</span> <span class='ocrx_word' id='word_1_456' title='bbox 712 2822 816 2852; x_wconf 57' lang='lat' dir='ltr'>nupt-r</span> <span class='ocrx_word' id='word_1_457' title='bbox 831 2822 910 2842; x_wconf 75' lang='lat' dir='ltr'>num</span> <span class='ocrx_word' id='word_1_458' title='bbox 920 2824 983 2853; x_wconf 78' lang='lat' dir='ltr'>pro</span> <span class='ocrx_word' id='word_1_459' title='bbox 996 2815 1026 2843; x_wconf 83' lang='lat' dir='ltr'>d.</span> <span class='ocrx_word' id='word_1_460' title='bbox 1041 2825 1068 2845; x_wconf 84' lang='lat' dir='ltr'>e.</span> <span class='ocrx_word' id='word_1_461' title='bbox 1111 2818 1145 2844; x_wconf 84' lang='lat' dir='ltr'>et</span> <span class='ocrx_word' id='word_1_462' title='bbox 1159 2819 1326 2844; x_wconf 82' lang='lat' dir='ltr'>structura</span> <span class='ocrx_word' id='word_1_463' title='bbox 1349 2818 1382 2844; x_wconf 79' lang='lat' dir='ltr'>et</span> <span class='ocrx_word' id='word_1_464' title='bbox 1396 2824 1492 2845; x_wconf 89' lang='lat' dir='ltr'>sensu</span> <span class='ocrx_word' id='word_1_465' title='bbox 1514 2815 1657 2855; x_wconf 78' lang='lat' dir='ltr'>elegans.</span> <span class='ocrx_word' id='word_1_466' title='bbox 1678 2813 1820 2846; x_wconf 70' lang='lat' dir='ltr'>mirifice</span> 
     </span>
     <span class='ocr_line' id='line_1_60' title="bbox 363 2852 1720 2896; baseline 0.004 -12"><span class='ocrx_word' id='word_1_467' title='bbox 363 2852 548 2887; x_wconf 72' lang='lat' dir='ltr'>Iu&#39;zbendum</span> <span class='ocrx_word' id='word_1_468' title='bbox 560 2855 577 2884; x_wconf 76' lang='lat'><em>?</em></span> <span class='ocrx_word' id='word_1_469' title='bbox 610 2854 698 2896; x_wconf 81' lang='lat' dir='ltr'>quod</span> <span class='ocrx_word' id='word_1_470' title='bbox 718 2854 779 2896; x_wconf 33' lang='lat' dir='ltr'>‚illo</span> <span class='ocrx_word' id='word_1_471' title='bbox 808 2855 910 2887; x_wconf 82' lang='lat' dir='ltr'>etiam</span> <span class='ocrx_word' id='word_1_472' title='bbox 938 2856 1067 2890; x_wconf 78' lang='lat' dir='ltr'>melius.</span> <span class='ocrx_word' id='word_1_473' title='bbox 1111 2856 1202 2888; x_wconf 83' lang='lat' dir='ltr'>enim</span> <span class='ocrx_word' id='word_1_474' title='bbox 1217 2855 1387 2890; x_wconf 83' lang='lat' dir='ltr'>blanditur</span> <span class='ocrx_word' id='word_1_475' title='bbox 1401 2857 1565 2894; x_wconf 76' lang='lat' dir='ltr'>Ciceroni.</span> <span class='ocrx_word' id='word_1_476' title='bbox 1639 2857 1642 2859; x_wconf 82' lang='grc'><strong>’</strong></span> <span class='ocrx_word' id='word_1_477' title='bbox 1717 2856 1720 2858; x_wconf 69' lang='grc'>’</span> 
     </span>
    </p>
   </div>
  </div>
 </body>
</html>
