1945 3235
373 141 452 176 546
952 134 1235 174 ORATOR.
1292 171 1295 174 .

327 255 361 285 b.
377 255 481 291 sem,
503 241 833 284 concurrissent.
895 239 960 282 Ex
991 254 1043 282 eo
1064 247 1130 281 est
1158 251 1324 288 mecum,
1345 243 1389 278 et
1419 242 1570 277 tecum:
1597 249 1701 288 non,
1721 248 1815 277 cum

377 312 452 348 me,
474 307 517 339 et
537 313 626 340 cum
647 306 699 351 te,
722 307 768 339 ut
788 307 899 340 esset
929 298 1067 339 simile
1094 296 1174 337 illis
1196 294 1412 344 vobiscum,
1433 302 1563 348 atque
1592 293 1812 334 nobiscum.

294 352 524 410 46Atque
553 356 682 398 etiam
713 371 739 397 a
768 355 1024 411 quibusdam
1057 368 1150 396 sero
1165 353 1259 409 jam
1282 350 1534 393 emendatur
1563 349 1814 405 antiquitas,

291 430 364 464 155
377 414 449 468 qui
483 413 577 455 haec
607 414 938 470 reprehendunt.
959 416 994 443 2¹
1011 426 1108 454 nam
1141 425 1218 467 pro
1238 408 1355 450 deum
1384 414 1507 463 atque
1531 406 1816 461 hominumfi·

375 470 478 521 dem,
499 471 661 513 deorum
684 472 818 512 aiunt.
881 470 948 510 lta
969 471 1111 511 credo.
1145 471 1227 510 hoc
1258 466 1318 508 illi
1348 465 1623 521 nesciebant:
1654 479 1710 507 an
1739 464 1817 528 da?

375 529 451 569 bat
486 530 596 570 hanc
630 529 846 569 licentiam
880 527 1175 568 consuetudo?
1226 525 1377 580 Itaque
1410 522 1524 564 idem
1557 522 1704 580 poeta,
1739 535 1814 577 qui

373 585 620 627 inusitatius
641 593 917 626 contraxerat

537 642 682 684 Patris
702 642 779 683 mei
800 639 1106 697 meumfactum
1119 638 1264 695 pudet,
1284 654 1362 696 pro
1391 651 1566 680 meorum
1573 634 1815 693 factorum.-

374 709 432 751 et,
470 700 656 742 Texitur:
694 699 863 741 exitium
897 712 1062 740 eramen
1092 697 1218 752 rapit,
1346 711 1422 752 pro
1453 694 1688 757 exitiorum:
1725 705 1816 734 non

374 758 496 808 dicit,
518 757 703 808 liberum,
734 766 782 797 ut
813 756 1004 813 plerique
1033 755 1263 810 loquimur,
1284 768 1398 805 cum,
1423 751 1602 808 Cupidos
1629 750 1818 802 lzbemm,

374 825 462 866 aut,
486 813 540 855 Iu
562 813 734 856 liberum
755 813 855 866 loco,
877 814 1075 864 dicimus,
1098 811 1186 863 sed,
1210 820 1256 852 ut
1278 810 1348 851 isti
1371 811 1535 862 volunt,

478 889 603 937 Neque
622 894 723 925 tuum
741 900 911 937 umquam
931 889 968 923 in
984 887 1162 935 gremium
1180 885 1332 921 extollas
1352 884 1543 920 liberorum
1560 895 1602 920 ex
1617 887 1652 919 te
1665 892 1791 931 genus,

376 955 433 999 Et
454 956 583 1008 idem,

477 1031 645 1079 Namque
661 1031 857 1079 AEsculapi
877 1030 1067 1067 liberorum

374 1101 413 1128 22
426 1097 486 1139 At
508 1098 578 1139 ille
600 1099 705 1140 alter
727 1099 770 1140 in
795 1098 976 1155 Chryse,
1000 1113 1086 1140 non
1109 1098 1262 1151 solum,

479 1173 592 1216 Cives,
612 1175 756 1222 antiqui
774 1175 883 1210 amici
901 1172 1080 1220 majorum
1097 1186 1226 1217 meum,

374 1240 491 1297 quod
511 1251 603 1282 erat
624 1242 846 1293 usitatum,
869 1242 941 1283 sed
963 1241 1110 1283 durius
1131 1242 1278 1293 etiam,

481 1316 689 1358 Consilium,
710 1318 917 1366 augurium,
936 1321 1046 1366 atque
1063 1321 1184 1353 extum
1203 1318 1427 1366 interpretes.

376 1382 584 1440 Idemque
605 1386 761 1443 pergit,

435 1457 663 1515 Postquam
696 1458 935 1516 prodigium
976 1456 1237 1515 horriferum,
1270 1465 1508 1515 portentum
1539 1473 1692 1515 pavos:
1720 1471 1820 1514 quae

374 1531 463 1557 non
487 1531 587 1557 sane
608 1526 708 1557 sunt
729 1516 772 1557 in
795 1516 996 1557 omnibus
1028 1517 1190 1556 neutris
1213 1516 1385 1557 usitata.
1446 1516 1540 1558 Nec
1560 1516 1676 1558 enim
1698 1516 1822 1557 dixe-

375 1574 456 1615 rim
479 1583 566 1614 tam
590 1572 785 1625 libenter,
807 1588 965 1615 armum
974 1572 1209 1630 judicium:
1239 1574 1319 1614 etsi
1340 1585 1405 1615 est
1426 1574 1540 1630 apud
1561 1574 1761 1625 eundem,

483 1648 635 1684 Nihilne
651 1649 701 1684 ad
719 1653 754 1685 te
771 1649 815 1684 de
822 1647 967 1695 judicio
985 1659 1127 1684 armum
1143 1648 1308 1684 accidit?
1335 1659 1451 1698 quam
1468 1659 1663 1684 armorum.

296 1720 369 1756 156
381 1716 481 1759 Jam
502 1720 571 1769 (ut
589 1715 795 1758 censoriae
817 1716 976 1758 tabulae
997 1713 1452 1773 loquuntur)fubrum,
1473 1724 1517 1758 et
1538 1730 1726 1772 procum,
1746 1730 1824 1758 au·

380 1774 461 1816 deo
483 1774 639 1825 dicere,
669 1789 755 1815 non
773 1772 1016 1831 fabrorum,
1037 1784 1081 1815 et
1103 1788 1335 1829 proc-orum.
1397 1773 1631 1830 planeque,
1651 1772 1824 1816 duorum

378 1832 559 1874 virorum
566 1831 791 1889 judicium,
814 1841 903 1882 aut,
921 1831 1228 1873 triumvirorum
1245 1830 1501 1887 capitalium,
1521 1842 1611 1884 aut,
1627 1830 1825 1875 decemvi-

377 1904 517 1931 rorum
566 1892 606 1920 23
616 1889 758 1932 litibus
782 1888 1038 1946 judicandiS,
1077 1889 1176 1931 dico
1216 1904 1468 1945 numquam.
1533 1888 1670 1945 Atqui
1708 1888 1827 1931 dixit

377 1945 555 1996 Accius,
593 1946 718 1989 Video
755 1946 952 2002 sepulcra,
985 1946 1065 1988 dua
1102 1945 1274 1988 duorum
1309 1962 1536 2003 corporum.
1599 1947 1823 2003 Idemque,

485 2003 646 2046 Mulier
667 2020 749 2047 una
770 2005 893 2048 ducem
914 2005 1061 2046 virum.
1093 2004 1211 2052 Quid
1234 2019 1381 2046 verum
1404 2005 1473 2056 sit,
1496 2005 1717 2063 intelligo:
1749 2004 1824 2047 sed

379 2060 483 2102 alias
517 2062 578 2104 ita
608 2063 774 2119 loquor,
805 2071 849 2104 ut
885 2076 1136 2104 concessum
1165 2070 1245 2113 est,
1275 2071 1324 2103 ut
1355 2062 1454 2115 hoc,
1476 2063 1544 2105 vel
1567 2062 1687 2105 Proh.
1705 2062 1825 2104 deum

379 2117 486 2170 dico,
509 2120 590 2172 vel,
613 2120 732 2162 Proh
750 2120 938 2162 deorum:
970 2120 1087 2172 alias,
1120 2129 1167 2161 ut
1195 2134 1368 2161 necesse
1388 2131 1468 2174 est,
1489 2134 1587 2162 cum
1612 2120 1739 2163 trium
1759 2121 1824 2163 vi-

381 2189 487 2228 rum,
510 2192 595 2218 non
618 2177 820 2220 virorum.-
851 2193 949 2219 cum
967 2177 1190 2219 sestertium
1204 2192 1425 2229 nummum,
1443 2193 1530 2221 non
1548 2193 1826 2221 nummorum.-

300 2235 371 2291 47
384 2234 499 2288 quod
531 2235 574 2276 in
607 2235 672 2276 his
695 2236 961 2278 consuetudo
983 2235 1100 2277 varia
1120 2250 1206 2277 non
1228 2244 1307 2277 est.
1368 2235 1503 2288 Quid,
1523 2237 1640 2292 quod
1671 2236 1733 2279 sic
1762 2236 1827 2278 lo·-

299 2309 373 2347 157
385 2291 474 2346 qui,
503 2306 624 2343 nosse,
638 2293 860 2350 judicasse,
883 2301 1054 2335 vetant:
1086 2293 1252 2344 novisse,
1277 2294 1452 2349 jubent,
1482 2302 1527 2335 et
1544 2292 1825 2351 judicavisse?

383 2350 504 2404 quasi
543 2365 642 2391 vero
680 2352 935 2403 nesciamus,
974 2351 1017 2392 in
1053 2350 1137 2392 hoc
1175 2365 1331 2408 genere
1352 2360 1396 2392 et
1435 2351 1610 2408 plenum
1644 2352 1823 2393 verbum

382 2417 498 2448 recte
519 2408 620 2459 dici,
643 2417 686 2449 et
708 2409 984 2450 imminutum
1007 2408 1178 2450 usitate.
1238 2407 1392 2465 Itaque
1415 2419 1643 2464 utrumque
1662 2407 1826 2450 Teren-

381 2463 482 2516 tius,
517 2464 625 2517 Elzo,
655 2473 701 2508 tu
728 2474 945 2524 cognatum
975 2473 1090 2508 tuum
1128 2481 1210 2507 non
1246 2465 1504 2509 ηοναεῖῑ--
1548 2466 1656 2508 Post
1693 2466 1824 2518 idem,

423 2590 459 2620 21
485 2598 563 2620 nam
574 2599 637 2629 pro
651 2590 748 2621 deum
762 2594 860 2631 atque
872 2591 1081 2632 hom.fidem‚
1124 2590 1238 2632 priori,
1251 2600 1318 2621 non
1330 2590 1436 2621 simile
1449 2594 1508 2621 aut
1521 2592 1747 2631 conjunctum.

381 2630 515 2660 deorum
531 2632 641 2671 aiunt]
669 2633 751 2670 Pro,
764 2643 830 2664 non
845 2635 952 2673 proh!
979 2640 1017 2663 ut
1033 2639 1083 2664 est
1168 2636 1208 2663 23
1231 2634 1341 2664 litibus
1349 2632 1472 2674 judicu]
1498 2633 1651 2665 Muretus
1665 2634 1726 2669 ait,
1741 2643 1775 2664 se
1790 2633 1825 2665 in

382 2673 417 2704 in
440 2673 512 2703 aliis
535 2675 702 2715 exemplis.
718 2676 751 2705 in
768 2678 867 2716 proh,
885 2686 948 2716 pro
963 2676 1082 2706 adden·
1125 2675 1190 2706 Ms.
1207 2676 1361 2715 reperisse
1373 2676 1525 2706 stlitibus.
1555 2676 1593 2707 In
1611 2677 1698 2716 quo?
1722 2685 1826 2716 quan.

381 2715 459 2745 dum
475 2721 577 2746 esst-t:
602 2717 686 2755 quod
702 2727 766 2748 non
783 2719 864 2749 bene
877 2724 1019 2749 sonaret.
1126 2717 1167 2747 do
1182 2718 1329 2758 scripto?
1354 2718 1413 2748 8εο.
1439 2717 1504 2748 Hie
1518 2719 1553 2749 in
1570 2719 1650 2750 Mss.
1667 2727 1735 2749 non
1753 2728 1825 2750 ma-

424 2761 464 2788 22
486 2759 532 2789 At
546 2759 602 2788 ille
616 2760 716 2799 alter]
742 2761 794 2790 Sic
815 2760 885 2791 dedi
903 2771 961 2800 pro
975 2765 1007 2791 et
1029 2761 1085 2790 ille
1127 2769 1229 2800 gnum
1257 2765 1463 2791 momentum
1490 2766 1552 2792 est.
1598 2761 1669 2792 Nec
1695 2760 1825 2792 Cicero·

381 2810 414 2830 α.
439 2805 476 2830 ut
491 2808 729 2832 commemorat
750 2802 873 2833 Victor.
892 2803 986 2840 xlx,
1003 2805 1032 2834 ΕΖ.
1050 2807 1083 2833 et
1127 2802 1177 2832 nis
1200 2807 1298 2833 aetate
1321 2802 1474 2834 dicebant
1490 2804 1644 2836 stlitibus.
1667 2802 1827 2845 Antiqua-

380 2843 479 2873 estin
503 2843 567 2874 Ms.
593 2844 663 2875 Vit.
680 2844 751 2875 edd.
775 2844 858 2875 ven.
881 2845 969 2875 Med.
993 2845 1083 2885 Lips.
1127 2846 1166 2876 rii
1183 2845 1241 2876 illa.
1254 2845 1413 2876 correctio
1427 2848 1488 2876 est.

382 2884 434 2916 Fr.
451 2885 576 2927 Gryph.
599 2886 658 2918 διο.
700 2887 789 2919 Nam
811 2892 861 2918 est
883 2887 1045 2918 diversum
1065 2899 1085 2918 a
1131 2926 1134 2927 ⁷
