1945 3235
314 108 402 141 410.
839 103 922 142 DE
947 103 1240 141 oRA-Tossr,

314 207 551 264 angustii53
583 214 683 264 post
703 215 846 250 autem
882 209 1111 252 delectatio
1139 208 1476 265 jucunditasque
1512 207 1760 250 celebravit.

313 278 415 306 nain
439 275 487 306 ut
509 266 639 306 vestis
659 264 831 323 frigoris
865 267 1105 324 depellendi
1134 282 1264 309 causa
1292 275 1459 323 reperta
1489 266 1645 323 primo,
1663 274 1763 322 post

316 322 513 364 adhiberi
536 332 686 379 coepta
714 334 778 365 est
808 324 861 365 ad
892 335 1090 366 ornatum
1121 325 1251 366 etiam
1275 324 1468 380 corporis
1501 332 1545 364 et
1573 323 1762 380 dignita-

318 390 432 423 tern:
464 381 525 422 sic
543 381 662 422 verbi
681 382 904 423 translatio
922 382 1118 424 instituta
1135 391 1200 424 est
1223 381 1381 437 inopiae
1404 396 1546 432 causa,
1566 379 1766 436 frequen-

319 447 410 480 tata
428 438 741 480 delectationis.
809 439 919 480 Nam
940 455 1145 496 genmzare
1162 440 1274 491 vites,
1297 439 1495 480 [utentem
1517 453 1593 479 esse
1609 438 1653 479 in
1674 437 1764 479 lter-

320 496 394 547 bis,
416 495 529 537 Icelus
548 503 708 552 Segetae,
735 496 866 537 ctiam
897 497 1046 538 rustici
1073 498 1238 539 dicunt.
1269 497 1384 553 quod
1416 497 1531 537 enim
1558 495 1763 537 declarari

321 554 395 595 vix
419 555 550 595 verbo
575 554 750 609 proprio
782 563 939 609 potest,
964 555 1003 595 id
1030 555 1233 596 translato
1259 570 1359 596 cum
1380 563 1446 595 est
1467 554 1648 605 dictum,
1671 552 1767 594 illu-

321 621 430 653 strat
450 611 507 662 id,
532 611 647 666 quod
665 610 849 667 intelligi
874 612 1086 664 volumus,
1109 613 1145 668 ej
1156 628 1201 654 us
1225 613 1300 663 rei,
1319 627 1448 667 quam
1471 611 1611 653 alieno
1634 612 1766 652 verbo

235 679 309 718 156
324 669 562 727 posuimus,
584 668 838 710 similitudo.
900 668 1017 725 Ergo
1047 669 1115 711 hae
1146 670 1460 720 translationes,
1478 668 1651 725 ssssquasi
1673 683 1768 709 mu-

325 727 539 769 tuationes
563 735 678 777 sunt,
700 741 815 777 cum,
838 727 954 782 quod
978 741 1065 768 non
1097 726 1271 778 habeas,
1293 727 1463 768 aliunde
1486 741 1641 768 sumas.
1675 725 1768 767 Illae

324 784 468 843 paullo
492 783 756 834 audaciores,
778 798 876 839 quae
911 799 997 826 non
1029 784 1221 840 inopiam
1255 785 1464 835 indicant,
1486 784 1559 825 sed
1581 783 1769 825 orationi

326 842 564 899 splendoris
596 841 758 896 aliquid
788 852 1030 883 arcessunt:
1062 857 1244 897 quarum
1277 857 1374 898 ego,
1407 842 1513 897 quid
1540 842 1662 883 vobis
1689 850 1772 883 aut

240 897 573 951 39inveniendi
603 901 830 949 rationem,
857 908 932 940 aut
958 914 1116 956 genera
1147 902 1334 956 ponam?
1383 898 1686 941 Similitudinis
1706 908 1772 940 est

238 969 313 1007 157
326 958 379 1000 ad
403 959 581 999 verbum
600 971 734 997 unum
756 966 981 998 contracta
1003 957 1205 1009 brevitas,
1228 957 1343 1013 quod
1368 957 1545 998 verbum
1564 957 1608 998 in
1630 957 1769 998 alieno

324 1017 434 1066 loco,
458 1025 678 1069 tamquam
711 1014 755 1055 in
787 1029 878 1066 suo,
911 1015 1117 1071 positum,
1141 1015 1174 1056 si
1200 1015 1465 1071 agnoscitur,
1493 1013 1703 1067 delectat3
1735 1014 1770 1055 si

324 1073 463 1115 simile
493 1072 602 1113 nihil
629 1072 779 1124 habet,
804 1073 1071 1129 repudiatur.
1134 1073 1218 1114 Sed
1251 1088 1302 1114 ea
1333 1071 1554 1114 transferri
1584 1082 1771 1130 oportet,

323 1147 421 1188 quae
443 1142 520 1173 aut
540 1130 764 1172 clariorem
789 1129 955 1172 faciunt
977 1146 1081 1182 rem,
1106 1141 1152 1172 ut
1174 1130 1245 1172 illa
1266 1131 1437 1172 omnia:

689 1205 913 1242 Inhorrescit
931 1218 1042 1248 mare,
1281 1231 1291 1241 .

432 1259 599 1295 Tenebrae
617 1259 934 1306 conduplicantur,
955 1261 1140 1307 noctisque
1157 1263 1193 1294 et
1210 1259 1370 1295 nimbum
1388 1261 1540 1295 occoecut
1556 1258 1695 1306 nigror²

426 1312 591 1349 Flamma
610 1313 704 1347 inter
719 1311 825 1347 nubes
843 1316 1020 1351 coruscat,
1038 1312 1161 1347 coelum
1176 1313 1315 1347 tonitru
1334 1313 1537 1350 contremit,

431 1365 580 1400 Grando
599 1365 709 1399 mista
724 1364 829 1399 imbri
849 1365 1017 1415 largifluo
1035 1365 1155 1400 subita
1170 1365 1407 1412 proecipitaus
1425 1366 1524 1400 cadit
1538 1378 1551 1399 .·

431 1417 599 1465 Undique
616 1428 736 1452 omnes
761 1418 860 1452 venti
878 1422 1082 1466 erumpunt,
1100 1418 1184 1453 saevi
1199 1418 1359 1453 existunt
1378 1418 1536 1454 turbines
1548 1430 1561 1451 .-

425 1470 545 1506 Fervit
562 1473 651 1505 aestu
664 1469 818 1517 pelagus
830 1485 842 1505 .-

327 1537 474 1579 omnia
493 1536 596 1588 fere,
617 1551 704 1593 quo
731 1545 874 1577 essent
896 1535 1090 1588 clariora,
1114 1535 1331 1577 translatis
1353 1551 1429 1593 per
1449 1537 1776 1592 similitudinem

241 1613 314 1647 153
330 1595 470 1636 verbis
488 1595 607 1636 dicta
629 1603 751 1635 sunt:
783 1602 858 1634 aut
879 1609 964 1650 quo
988 1594 1258 1651 significetur
1289 1594 1426 1650 magis
1459 1609 1525 1636 res
1557 1605 1664 1648 tota,
1687 1597 1777 1638 sive

327 1652 433 1694 facti
466 1652 664 1707 alicujus,
698 1652 787 1692 sive
820 1652 1005 1703 consilii,
1045 1662 1093 1693 ut
1128 1652 1212 1704 ille,
1243 1653 1317 1708 qui
1350 1652 1641 1695 occultantem
1673 1669 1777 1695 con-

327 1711 456 1761 sulto,
479 1725 531 1752 ne
550 1711 607 1762 id,
630 1709 746 1766 quod
779 1721 994 1765 ageretur,
1018 1709 1203 1767 intelligi
1226 1720 1386 1766 posset,
1408 1710 1577 1752 duobus
1599 1711 1778 1753 transla-

326 1770 382 1810 tis
404 1769 544 1810 verbis
567 1767 851 1809 similitudine
874 1769 967 1824 ipsa
985 1768 1162 1819 indicat,

433 1843 735 1892 Quandoquidem
762 1841 801 1874 ⁴27
818 1845 885 1878 iste
904 1844 1149 1879 circzmzvestit
1168 1843 1287 1883 dictis,
1307 1843 1401 1891 sepit
1418 1843 1554 1880 sedulo.

280 1930 313 1963 b.
329 1911 671 1968 Nonnumquam
701 1912 831 1954 etiam
864 1911 1053 1952 brevitas
1084 1910 1364 1952 translatione
1391 1910 1636 1962 conficitur,
1658 1920 1707 1953 ut
1730 1910 1780 1953 il-

326 1969 414 2020 lud,
447 1969 496 2011 Si
529 1969 654 2011 telum
684 1985 810 2012 manu
825 1968 967 2026 fugit.
1021 1967 1321 2024 Imprudentia
1343 1968 1416 2009 teli
1438 1968 1583 2010 emissi
1606 1969 1779 2011 brevius

327 2027 513 2084 propriis
536 2027 678 2069 verbis
700 2029 861 2085 exponi
887 2041 973 2067 non
993 2026 1153 2082 potuit,
1176 2041 1306 2081 quam
1328 2035 1393 2066 est
1414 2040 1500 2067 uno
1533 2026 1779 2082 significata

243 2099 316 2135 159
330 2084 552 2126 translato.
612 2084 758 2141 Atque
780 2085 865 2127 hoc
886 2085 931 2125 in
954 2098 1110 2141 genere
1132 2097 1326 2140 persaepe
1347 2083 1455 2124 mihi
1477 2083 1779 2126 admirandum

328 2142 514 2194 videtur,
545 2144 585 2174 93
607 2143 712 2199 quid
747 2143 816 2195 sit,
838 2142 954 2198 quod
986 2155 1135 2182 omnes
1166 2141 1382 2183 translatis
1404 2149 1448 2181 et
1468 2141 1618 2182 alienis
1639 2142 1779 2198 magis

244 2200 597 2256 40delectentur
637 2200 795 2252 verbis,
834 2214 966 2256 quam
1001 2198 1201 2256 propriis,
1240 2207 1285 2239 et
1323 2198 1424 2239 suis.
1485 2198 1601 2240 Nam
1640 2199 1676 2240 si
1715 2213 1781 2241 res

329 2273 455 2299 suum
476 2272 635 2299 nomen
657 2267 701 2299 et
733 2258 957 2314 proprium
981 2255 1241 2298 vocabulum
1274 2271 1363 2298 non
1394 2255 1540 2307 habet,
1563 2264 1612 2297 ut
1635 2271 1709 2313 pes
1736 2257 1782 2299 in

326 2316 443 2367 navi,
464 2324 514 2357 ut
544 2330 706 2367 nexum,
728 2316 846 2372 quod
867 2330 944 2372 per
973 2314 1128 2356 libram
1159 2314 1318 2370 agitur,
1339 2323 1388 2355 ut
1414 2313 1459 2354 in
1486 2328 1624 2356 uxore
1643 2314 1782 2356 divor-

326 2374 428 2415 tium
439 2390 454 2424 ,-
485 2374 716 2416 necessitas
747 2374 884 2430 cogit,
914 2372 1031 2429 quod
1062 2386 1152 2413 non
1181 2372 1357 2424 habeas,
1379 2370 1552 2413 aliunde
1583 2386 1777 2413 sumere:

362 2521 408 2554 v26
430 2522 524 2561 quasi
538 2522 758 2552 mutuationes
769 2520 860 2561 sunt]
899 2521 952 2551 Sic
966 2519 1034 2550 edi·
1075 2519 1271 2550 cumveslz‘re
1293 2522 1326 2549 et
1349 2518 1454 2558 sepire
1474 2517 1582 2558 aptius
1598 2521 1649 2548 est
1671 2518 1781 2555 rebus,

325 2563 358 2604 di
381 2573 440 2605 pro
464 2563 601 2603 vulgato
627 2566 834 2600 mutationes,
850 2574 889 2594 ex
911 2563 962 2593 ed.
980 2562 1033 2593 W.
1076 2571 1176 2601 quam
1201 2562 1361 2602 personiS.
1407 2559 1493 2592 Mihi
1516 2559 1689 2600 mlgatum
1711 2560 1781 2601 pla-

325 2606 416 2646 Lips.
439 2611 474 2636 et
496 2606 584 2643 Aldi,
606 2616 704 2644 quam
719 2607 810 2646 sequi
833 2607 867 2637 h.
881 2605 904 2636 l.
922 2605 1032 2645 neglc-
1075 2609 1139 2634 cet.
1162 2603 1241 2643 quid
1268 2603 1515 2634 circumvestiat
1536 2602 1611 2640 iste,
1634 2603 1670 2633 in
1686 2607 1782 2633 ante-

326 2659 402 2680 xere
435 2653 562 2688 postea,
598 2654 720 2687 praeter
747 2648 1032 2679 consuetudinem.
1075 2646 1266 2677 cedentibus
1280 2650 1340 2676 aut
1361 2655 1450 2686 seqq.
1466 2645 1594 2676 dietum
1611 2644 1711 2676 fuisse
1733 2645 1782 2676 vi-

325 2692 378 2723 Sic
402 2695 454 2722 est
474 2691 574 2721 etiam
589 2690 688 2720 Tusc.
704 2691 732 2728 I,
747 2693 800 2722 42.
816 2702 845 2722 v.
861 2690 983 2728 Clavis,
999 2695 1034 2720 et
1075 2688 1183 2719 detur.

323 2735 359 2765 in
374 2734 515 2765 Oratore
529 2744 557 2763 c.
572 2734 624 2764 24.
646 2734 781 2763 verbum
795 2738 943 2764 sumtum
968 2734 1031 2763 ali·
1114 2733 1154 2763 28
1177 2731 1258 2771 quid
1275 2730 1329 2767 sit,
1345 2728 1691 2770 quod—delectantur]
1717 2728 1783 2760 La-
1844 2730 1847 2733 ⁴

322 2776 422 2814 unde,
436 2781 475 2806 ut
489 2780 613 2806 mutuo.
627 2786 654 2805 c.
668 2776 719 2806 62.
732 2776 831 2806 verba
845 2776 1007 2806 mutuari.
1070 2773 1188 2804 tinitas
1204 2772 1349 2814 postulat
1378 2774 1591 2809 delectentur,
1614 2771 1711 2811 idque
1732 2781 1783 2802 re-

366 2822 406 2853 527
429 2820 489 2849 iste
502 2817 675 2857 circumtu]
701 2817 783 2848 Edd.
808 2827 833 2847 s.
847 2817 870 2848 l.
894 2828 923 2847 a.
940 2817 1029 2848 Med.
1073 2816 1179 2856 posui.
1225 2815 1280 2846 sid
1301 2813 1404 2845 edidit
1424 2820 1457 2847 et
1479 2814 1599 2846 Lamb.
1623 2814 1680 2845 sed
1704 2823 1782 2845 eum

324 2861 398 2893 Asc.
413 2863 489 2893 ista.
534 2861 685 2892 Pearcius
700 2860 836 2900 corrigit
850 2861 878 2891 is
889 2870 932 2891 se.
961 2860 1030 2891 (ir-
1074 2868 1172 2890 nemo
1188 2864 1320 2888 secutus
1330 2864 1392 2889 est.
