1945 3235
624 133 811 175 LlssER
846 124 1116 172 TERTIUS.
1509 124 1586 173 39¹8

147 240 252 281 tiam
284 240 421 297 possit
441 240 595 291 dicere,
615 249 660 282 et
690 241 733 281 in
757 238 871 281 omni
895 253 1024 280 causa
1043 237 1148 278 duas
1170 236 1403 278 contrarias
1426 238 1587 279 oratio-

145 312 236 349 neS,
267 299 494 355 praeceptis
525 298 635 339 illius
665 297 867 354 cognitis,
894 295 1125 351 explicare,
1158 303 1232 334 aut
1263 294 1344 334 hoc
1380 293 1585 338 Arcesilae

146 356 292 407 modo,
325 366 368 397 et
401 355 646 406 Carneadis,
681 363 837 396 contrav
868 367 1010 403 omne,
1053 351 1167 406 quod
1214 352 1482 407 propositum
1516 354 1586 404 sit,

146 413 352 464 disserat3
382 414 541 468 quique
571 413 622 453 ad
652 426 746 452 eam
777 411 987 452 rationem
1018 409 1227 464 adjungat
1258 408 1373 448 hunc
1405 408 1587 449 rhetori·
1634 463 1636 466 Ι

145 485 246 511 cum
270 485 406 521 usum,
431 483 676 525 moremque
697 468 1138 522 exercitationemque
1161 465 1346 515 dicendi,
1371 465 1405 505 is
1439 466 1493 505 sit
1517 480 1587 506 ve-

149 542 234 579 rus,
257 528 291 568 is
314 527 542 583 perfectus,
565 527 599 566 is
631 526 742 566 solus
765 535 924 566 orator.
988 524 1101 565 Nam
1124 537 1261 578 neque
1293 522 1384 563 sine
1407 521 1587 563 forensi-

148 586 228 626 bus
252 585 391 625 nervis
423 585 524 624 satis
550 583 774 624 vehemens
797 591 840 623 et
870 582 1026 639 graviS,
1049 595 1128 622 nec
1160 581 1250 621 sine
1285 579 1489 621 varietate
1511 580 1588 621 do-

148 643 299 683 ctrinae
329 641 432 681 satis
464 640 621 696 politus
653 650 695 681 et
729 641 897 696 sapiens
929 654 1019 680 esse
1052 647 1195 679 orator
1227 646 1382 694 potest.
1443 637 1646 684 QuareSI

147 702 185 733 Ἠ
204 698 410 739 Coracem
434 698 561 739 istum
587 708 772 739 vestrum
793 698 1006 754 patiamur
1025 710 1100 736 nos
1121 695 1309 750 quidem,
1328 693 1466 750 pullos
1489 709 1587 736 suos

147 755 374 796 excludere
404 755 447 797 in
479 756 595 806 nido,
617 756 689 811 qui
715 756 899 804 evolent,
920 754 1173 795 clamatores
1204 753 1342 794 odiosi
1374 767 1424 793 ac
1454 751 1589 793 mole-

148 813 228 864 sti3
263 812 622 868 Pamphilumque
645 813 789 854 nescio
810 827 936 867 quem
961 812 1148 852 sinamus
1181 811 1222 850 in
1254 809 1399 850 infulis
1423 818 1589 851 tantam

147 884 252 920 rem,
275 879 493 925 tamquam
525 871 705 926 pueriles
735 870 907 911 delicias
939 869 1115 924 aliquas,
1136 867 1393 923 depingere:
1426 881 1589 922 nosque

147 926 230 983 ipsi
262 926 342 968 hac
374 936 462 968 tam
492 929 652 984 exigua
673 927 965 984 disputatione
992 925 1178 967 hesterni
1203 936 1245 966 et
1279 924 1473 965 hodierni
1503 925 1587 966 diei
1601 929 1634 961 b·

148 993 288 1025 totum
320 984 500 1025 oratoris
532 1000 685 1026 munus
706 985 986 1041 explicemuS‚
1008 982 1242 1024 dummodo
1274 982 1344 1022 illa
1374 996 1438 1021 res
1469 990 1591 1024 tanta

149 1042 219 1094 sit,
250 1051 297 1083 ut
327 1042 527 1083 omnibus
558 1043 912 1098 philosophorum
944 1040 1077 1091 libris,
1105 1054 1211 1095 quos
1237 1042 1413 1079 7⁶2nemo
1445 1049 1589 1081 orato-

149 1113 244 1141 rum
274 1100 455 1141 istorum
492 1114 696 1155 umquam
726 1100 887 1155 attigit,
918 1097 1228 1153 comprehensa
1256 1110 1347 1137 esse
1378 1096 1588 1138 videatur.

149 1155 260 1197 Tum
285 1157 478 1208 Catulus,
503 1156 848 1212 Haudquaquam
882 1155 1036 1206 hercle,
1060 1155 1216 1209 inquit,
1240 1153 1407 1204 Crasse,
1430 1149 1668 1197 mnan-22

149 1214 253 1255 dum
275 1224 354 1265 est,
375 1229 466 1255 esse
497 1215 539 1255 in
564 1225 604 1255 te
626 1225 790 1255 tantam
813 1213 983 1254 dicendi
1008 1213 1072 1253 vel
1098 1213 1197 1262 vim,
1220 1211 1286 1252 vel
1317 1211 1649 1262 suavitate1n‚82

150 1271 218 1311 vel
239 1272 434 1327 copiam3
466 1286 594 1326 quem
615 1272 788 1326 quidem
820 1282 945 1311 antea
966 1280 1117 1311 natura
1139 1270 1260 1310 rebar
1283 1268 1343 1309 ita
1363 1269 1519 1321 dicere,
1542 1279 1590 1310 ut

150 1328 259 1369 mihi
290 1343 376 1369 non
408 1329 543 1370 solum
573 1340 718 1370 orator
743 1343 949 1378 summuS,
983 1328 1055 1369 sed
1086 1327 1215 1368 etiam
1250 1326 1590 1382 sapientissimus

150 1385 283 1426 homo
309 1386 519 1428 viderere:
552 1401 667 1427 nunc
690 1387 899 1443 intelligo,
922 1385 993 1426 illa
1015 1394 1057 1426 te
1081 1399 1248 1441 semper
1269 1385 1398 1425 etiam
1423 1385 1594 1439 potiora

151 1443 340 1494 duxisse,
361 1458 458 1499 quae
489 1444 541 1485 ad
575 1444 828 1500 sapientiam
860 1450 1116 1499 spectarent,
1139 1453 1267 1497 atque
1297 1456 1352 1482 ex
1384 1441 1450 1482 his
1481 1442 1593 1484 hanc

150 1500 322 1542 dicendi
357 1501 526 1557 copiam
565 1502 756 1543 fluxisse.
816 1501 899 1542 Sed
933 1511 1089 1550 tamen,
1121 1514 1219 1540 cum
1251 1514 1399 1540 omnes
1435 1500 1592 1554 gradus

151 1558 292 1599 aetatis
324 1559 522 1599 recordor
554 1568 654 1609 tuac,
676 1573 860 1614 cumque
892 1558 1025 1599 vitam
1057 1566 1171 1597 tuam
1205 1572 1254 1597 ac
1287 1557 1428 1598 studia
1449 1558 1590 1598 consi·-

152 1615 279 1657 dero:
314 1630 465 1671 neque,
486 1631 572 1671 quo
596 1625 788 1672 tempore
815 1617 896 1656 ista
916 1614 1130 1665 didiceris,
1153 1614 1293 1664 video,
1318 1629 1395 1655 nec
1417 1629 1596 1670 magno-

152 1686 253 1728 pere
286 1682 326 1713 te
354 1673 448 1714 istis
480 1673 646 1724 studiis,
675 1674 937 1724 hominibus,
962 1672 1093 1723 libris,
1117 1672 1311 1727 intelligo
1333 1671 1595 1714 vde-ditum.

154 1730 309 1785 Neque
332 1738 470 1772 tamen
505 1746 678 1787 possum
711 1739 910 1782 statuere,
932 1740 1076 1771 utrum
1108 1730 1245 1785 magis
1276 1729 1418 1780 mirer,
1438 1739 1480 1770 te
1512 1729 1596 1781 illa,

154 1802 251 1842 quae
282 1787 389 1828 mihi
423 1789 650 1845 persuades
682 1789 872 1829 maxima
902 1802 993 1829 esse
1023 1787 1287 1842 adjumenta,
1326 1787 1517 1842 potuisse
1552 1787 1595 1829 in

153 1845 239 1885 tuis
271 1846 401 1886 tantis
424 1847 782 1902 occupationibus
814 1845 1077 1902 perdiscere3
1109 1860 1177 1895 an,
1203 1845 1237 1885 si
1267 1859 1354 1885 non
1387 1845 1593 1901 potueris,
1643 1868 1646 1872 ·

154 1916 279 1958 posse
311 1902 393 1943 isto
424 1904 554 1945 modo
587 1904 742 1945 dicere.
803 1903 892 1945 Hic
927 1902 1119 1952 Crassus,
1165 1902 1261 1943 Hoc
1304 1902 1397 1952 tibi,
1437 1902 1591 1958 inquit,
1605 1912 1654 1947 83

156 1958 324 2010 Catule,
348 1961 533 2016 primum
566 1961 818 2018 persuadeas
849 1959 990 2012 velim,
1014 1975 1081 2000 me
1113 1974 1197 2000 non
1228 1959 1365 2000 multo
1388 1974 1508 2001 secus
1533 1960 1595 2001 fa-

154 2031 264 2068 cere,
284 2032 382 2058 cum
405 2019 457 2059 de
479 2029 647 2060 oratore
668 2019 899 2074 disputem,
922 2033 970 2058 ac
994 2017 1192 2067 facerem,
1215 2016 1249 2057 si
1272 2027 1383 2057 esset
1414 2017 1520 2058 mihi
1543 2018 1596 2058 de

152 2073 363 2116 histrione
385 2076 630 2117 dicendum.
691 2076 907 2132 Negarem
929 2075 1058 2126 enim,
1085 2089 1209 2131 posse
1230 2087 1329 2115 eum
1351 2074 1597 2117 satisfacere

153 2132 199 2174 in
230 2143 369 2188 gestu,
398 2134 479 2174 nisi
513 2134 772 2190 palaestram,
803 2133 883 2174 nisi
914 2133 1064 2174 saltare
1095 2131 1339 2173 didicisset:
1372 2147 1524 2187 neque,
1546 2147 1598 2174 ea

154 2204 254 2230 cum
276 2190 477 2242 dicerem,
499 2206 568 2231 me
586 2205 676 2232 esse
698 2190 947 2231 histrionem
982 2204 1154 2231 necesse
1174 2198 1300 2240 esset,
1321 2190 1393 2230 sed
1416 2190 1597 2231 fortasse

153 2261 242 2287 non
268 2247 445 2289 stultum
476 2249 602 2290 alieni
634 2247 805 2290 artificii
827 2249 1183 2289 existimatorem.
1243 2247 1451 2292 Similiter
1481 2256 1656 2292 nun084

156 2304 209 2345 de
240 2313 422 2357 oratore,
447 2316 586 2347 vestro
617 2306 818 2362 impulsu,
851 2306 1016 2361 loquor,
1047 2319 1214 2346 summo
1238 2304 1415 2349 scilicet,
1475 2305 1597 2346 Sem-

155 2376 232 2417 per
264 2362 393 2413 enim,
424 2378 694 2419 quacumque
726 2363 778 2404 de
810 2372 914 2414 arte,
950 2373 1025 2404 aut
1057 2362 1262 2404 facultate
1289 2362 1512 2418 quaeritur,
1546 2363 1599 2404 de

158 2419 354 2461 absoluta
375 2429 420 2461 et
449 2421 640 2478 perfecta
660 2420 795 2478 quaeri
827 2420 949 2462 solet.
1011 2420 1157 2468 Quare
1187 2419 1221 2461 si
1245 2419 1340 2476 jam
1371 2434 1440 2461 me
1472 2419 1599 2469 vultis

201 2594 237 2625 71
269 2592 420 2624 Coracem
438 2594 538 2625 istum
559 2593 720 2632 vestrum]
746 2593 854 2624 intell.
940 2595 981 2627 72
1003 2602 1095 2623 nemo
1108 2597 1275 2623 oratorum
1291 2591 1444 2632 istorum]
1470 2591 1602 2623 Intelli-

160 2643 257 2672 quem
281 2634 349 2665 heri
364 2638 656 2667 commemorastis.
676 2636 739 2666 vid.
757 2636 786 2673 Ι,
806 2639 855 2674 LE.
900 2635 996 2675 gendi
1033 2636 1112 2665 sunt
1151 2635 1204 2665 isti
1232 2635 1426 2666 clamatores
1455 2634 1557 2664 odiosi
1582 2646 1599 2666 e

161 2676 318 2707 Ceterum
339 2677 429 2708 locus
445 2678 497 2709 hic
519 2684 568 2709 est
584 2679 759 2709 admodum
778 2679 858 2718 lepi-
901 2677 1019 2708 scholis
1033 2677 1217 2717 vulgarium
1233 2677 1400 2708 rhetorum
1415 2687 1421 2705 :
1447 2686 1506 2707 nec
1519 2687 1600 2717 opus

159 2717 232 2754 dus,
260 2724 298 2748 ut
326 2726 359 2749 et
381 2720 465 2750 alter
487 2721 526 2751 de
554 2722 737 2762 Pamphilo,
769 2723 860 2760 cujus
902 2727 952 2750 est
974 2720 1136 2759 corrigere
1158 2730 1233 2750 cum
1258 2720 1390 2751 Pearcio
1410 2721 1598 2751 rhetorum,-

161 2759 251 2798 lepos
277 2761 393 2792 ductus
421 2767 470 2793 est
493 2764 532 2793 ab
559 2773 610 2800 eo,
639 2764 725 2803 quod
753 2763 860 2804 pictor
902 2763 988 2802 quod
1003 2766 1116 2792 tamen
1133 2763 1255 2803 recepit
1269 2771 1373 2802 nuper
1384 2761 1600 2792 Alemanmcs.

161 2802 238 2838 fuit,
265 2803 340 2841 (vid.
358 2805 448 2835 Clav.
465 2805 497 2835 in
517 2805 654 2845 iris-'ulad
675 2807 760 2836 sicut
774 2807 861 2846 prio-
900 2804 906 2806 “
945 2807 986 2838 73
1009 2805 1165 2835 deditum.
1190 2805 1307 2844 Neque
1329 2804 1452 2843 tamen]
1480 2804 1533 2834 Sic
1551 2804 1601 2834 in-

160 2844 204 2874 ris
221 2845 488 2885 asigxxificatione
503 2849 633 2890 propria
644 2849 779 2886 coracis,
796 2850 816 2880 i.
832 2859 860 2880 e.
904 2847 1070 2887 tei-punxi.
1113 2847 1200 2878 Nam
1225 2847 1258 2877 in
1285 2856 1385 2886 neque
1413 2851 1525 2877 tamen
1551 2850 1603 2878 est

161 2888 262 2920 corvi.
905 2899 998 2921 novae
1013 2889 1348 2920 sententiae'initium.
