1945 3235
440 121 446 123 ”
488 140 780 181 ORATORIAE
805 135 1168 183 PARTfflONEs.
1484 124 1565 182 εἰς

125 241 163 284 si
194 256 282 286 non
312 244 416 286 utile
445 253 524 298 est,
558 261 611 288 ne
645 247 746 300 fiat;
777 247 922 297 altera,
950 244 985 286 si
1007 243 1098 285 fieri
1130 258 1218 286 non
1250 252 1408 302 potest,
1446 247 1555 295 20ne

127 301 401 358 suscipiatur.
443 303 514 345 Sic
535 305 696 345 suasori
718 312 946 359 utrumque
960 301 1202 343 docendum
1222 310 1301 353 est,
1323 303 1552 345 dissuasori

125 357 307 400 alterum
329 359 544 402 infirmare
565 370 631 402 sat
651 370 729 403 est.
789 361 934 407 Quare
951 358 1155 415 quoniam
1184 359 1228 399 in
1264 359 1331 400 his
1362 369 1554 402 versatur
1566 368 1616 401 86

124 427 253 457 omne
274 417 501 460 consilium
531 418 714 468 duobus,
736 417 788 459 de
817 417 1003 458 utilitate
1033 424 1132 458 ante
1161 415 1368 467 dicamus,
1389 433 1485 472 quae
1510 417 1601 458 inb·

122 471 413 515 discernendis
436 475 559 516 bonis
578 475 786 529 malisque
806 483 1011 515 versatur.
1054 474 1275 515 Bonorum
1297 481 1440 514 autem
1460 489 1556 529 par-

122 528 204 570 tim
237 532 476 573 necessaria
507 541 620 583 sunt,
652 541 698 572 ut
734 531 835 583 vita,
865 531 1088 588 pudicitia,
1117 530 1306 581 libertas,
1336 539 1386 571 ut
1416 530 1554 582 liberi,

121 586 350 644 conjuges,
372 588 581 646 germani,
602 601 824 644 parentes:
858 589 1014 645 partim
1037 603 1124 629 non
1155 587 1417 637 necessaria;
1447 602 1556 642 quo-

119 657 214 695 rum
247 645 330 686 alia
359 655 459 687 sunt
490 660 566 701 per
596 660 640 687 se
671 647 929 703 expetenda,
962 654 1010 686 ut
1030 660 1094 696 ea,
1130 660 1226 700 quae
1261 645 1342 685 sita
1378 654 1478 684 sunt
1510 645 1556 685 in

121 700 277 742 officiis
309 711 438 758 atque
472 703 728 746 virtutibus:
760 704 855 756 alia,
877 704 992 759 quod
1028 702 1189 757 aliquid
1220 701 1436 743 commodi
1459 701 1553 742 effi-

120 757 256 808 ciunt,
271 767 319 800 ut
339 774 442 816 opes
458 769 502 801 et
523 760 677 816 copiae.
738 760 899 802 Eorum
921 770 1080 811 autem,
1102 774 1198 814 quae
1217 768 1393 816 propter
1414 773 1457 799 se
1474 773 1551 799 ex-
1563 766 1614 805 87

119 823 340 870 petuntur,
372 817 530 873 partim
562 817 789 859 honestate
821 818 928 875 ipsa,
951 818 1104 874 partim
1142 816 1452 858 commoditate
1475 814 1552 857 ali-

118 885 204 927 qua
236 884 519 929 expetuntur:
558 875 798 926 honestate,
823 883 901 927 ea,
920 890 1016 931 quae
1050 873 1383 930 proficiscuntur
1414 874 1468 914 ab
1500 873 1553 914 iis

115 929 365 983 virtutibus,
380 932 432 973 de
455 932 611 987 quibus
630 932 772 989 paullo
794 942 894 974 ante
915 943 981 973 est
1001 932 1187 973 dictum:
1221 946 1317 987 quae
1341 941 1439 971 suut
1461 930 1553 971 lau-

117 986 278 1029 dabilia
299 988 393 1044 ipsa
413 1004 489 1046 per
512 1004 576 1032 se:
609 990 917 1031 commoditate
936 999 1079 1030 autem
1096 989 1252 1045 aliqua,
1265 1003 1361 1045 quae
1386 997 1486 1028 sunt
1508 988 1567 1028 in'

117 1045 310 1100 corporis
335 1055 411 1087 aut
432 1047 476 1087 in
499 1046 684 1089 fortunae
707 1048 832 1088 bonis
854 1047 1111 1103 expetenda.
1143 1060 1327 1101 quorum
1348 1045 1431 1087 alia
1452 1053 1552 1086 sunt

117 1104 155 1132 21
171 1103 292 1158 quasi
315 1118 414 1145 cum
435 1104 661 1146 honestate
682 1105 931 1160 conjuncta,
954 1114 1002 1145 ut
1017 1104 1171 1155 honos,
1194 1112 1242 1145 ut
1271 1103 1432 1159 gloria:
1467 1102 1551 1143 alia

114 1158 296 1211 diversa,
321 1170 368 1201 ut
401 1161 524 1212 vires,
546 1161 698 1213 forma,
729 1162 943 1213 valetudo,
975 1161 1192 1212 nobilitas,
1214 1160 1394 1211 divitiae,
1416 1159 1548 1201 clien-

115 1215 229 1259 telae.
290 1217 369 1259 Est
398 1219 528 1259 etiam
558 1223 598 1250 22
610 1220 808 1275 quaedam
832 1219 953 1275 quasi
977 1219 1175 1260 materies
1198 1217 1394 1273 subjecta
1414 1217 1547 1258 hone-
1559 1216 1631 1267 25

115 1274 242 1317 stati:
275 1290 371 1330 quae
394 1277 583 1318 maxime
604 1286 822 1333 spectatur
853 1279 896 1318 in
928 1276 1146 1318 amicitiis.
1177 1275 1380 1317 amicitiae
1403 1283 1547 1316 autem
1560 1290 1610 1324 33

113 1332 295 1373 caritate
316 1342 359 1374 et
381 1348 525 1374 amore
547 1345 794 1375 cernuntur.
826 1349 925 1375 nam
947 1350 1045 1376 cum
1067 1334 1259 1385 deorum,
1284 1342 1376 1374 tum
1399 1346 1551 1388 paren-

114 1396 223 1440 tum,
264 1391 502 1447 patriaeque
525 1391 681 1443 cultus,
721 1406 955 1448 eorumque
996 1392 1235 1443 hominum,
1265 1390 1338 1446 qui
1376 1398 1451 1431 aut
1486 1405 1552 1431 sa-

111 1446 292 1502 pientia,
331 1456 406 1488 aut
437 1448 593 1504 opibus
626 1449 857 1501 excellunt,
890 1450 944 1490 ad
981 1449 1203 1490 caritatem
1241 1447 1387 1488 referri
1430 1446 1553 1488 solet.

114 1502 337 1561 Conjuges
369 1514 529 1557 autem,
559 1514 602 1546 et
635 1505 772 1558 liberi,
805 1515 849 1548 et
880 1506 1046 1557 fratres,
1068 1508 1108 1538 23
1123 1516 1165 1546 et
1195 1505 1281 1556 alii,
1312 1519 1419 1560 quos
1451 1519 1553 1545 usus

111 1559 466 1618 familiaritasque
497 1563 743 1618 conjunxit,
773 1578 1035 1620 quamquam
1066 1564 1195 1604 etiam
1227 1563 1405 1603 caritate
1440 1558 1548 1618 ipsa,

110 1627 256 1660 tamen
278 1635 423 1661 amore
443 1620 633 1662 maxime
654 1621 944 1663 continentur.
993 1621 1044 1661 In
1066 1620 1132 1661 his
1154 1620 1285 1676 igitur
1307 1620 1432 1660 rebus
1449 1633 1548 1660 cum

112 1675 228 1722 bona
252 1677 351 1730 sint,
376 1677 501 1719 facile
522 1687 587 1720 est
617 1678 851 1731 intellectu,
870 1694 967 1735 quae
990 1679 1076 1719 sint
1097 1677 1325 1719 contraria.
1379 1677 1545 1724 Quodsi
1559 1686 1610 1722 89

112 1748 280 1791 semper
313 1735 479 1791 optima
511 1744 654 1777 tenere
686 1751 922 1793 possemus,
944 1736 1060 1777 haud
1089 1750 1204 1787 saue,
1226 1734 1430 1790 quoniam
1453 1735 1549 1790 qui-

111 1791 211 1832 dem
244 1807 295 1833 ea
324 1793 551 1849 perspicua
581 1802 695 1845 sunt,
727 1794 908 1836 consilio
939 1793 1122 1835 multum
1155 1807 1391 1849 egeremus.
1464 1793 1550 1833 Sed

109 1849 213 1905 quia
234 1850 515 1906 temporibus,
537 1866 633 1906 quae
656 1852 743 1893 vim
774 1851 936 1893 habent
965 1850 1216 1902 maximam,
1238 1863 1431 1906 persaepe
1451 1863 1550 1890 eve-

109 1907 190 1958 nit,
213 1916 262 1948 ut
283 1907 445 1951 utilitas
473 1923 573 1949 cum
603 1908 829 1950 honestate
850 1917 999 1959 certet,
1021 1922 1253 1963 earumque
1282 1922 1423 1948 rerum
1445 1921 1552 1948 con-

111 1963 251 2006 tentio
280 1964 532 2021 plerumque
571 1966 900 2008 deliberationes
930 1966 1080 2018 efficit,
1111 1980 1165 2007 ne
1197 1975 1271 2006 aut
1303 1974 1559 2021 opportuna

108 2031 287 2078 propter
322 2022 595 2079 dignitatem,
622 2033 698 2065 aut
728 2023 910 2066 honesta.
949 2032 1127 2080 propter
1155 2022 1385 2064 utilitatem
1421 2022 1549 2063 relin-

108 2088 321 2134 quantur:
353 2081 404 2122 ad
427 2080 537 2122 hanc
572 2081 872 2127 difficultatem
903 2080 1204 2138 explicandam
1235 2088 1454 2137 praecepta
1480 2094 1549 2121 re-

108 2136 312 2179 feramus.
374 2137 429 2180 Et
452 2139 655 2194 quoniam
679 2153 764 2181 non
795 2140 849 2189 ad
867 2140 1109 2181 ‘veritatem
1142 2137 1295 2188 solum,
1318 2138 1392 2178 sed
1411 2137 1542 2178 etiam
1557 2152 1610 2188 90

110 2193 163 2235 ad
185 2196 412 2250 opiniones
426 2210 589 2248 eorum,
602 2196 676 2252 qui
698 2197 893 2248 audiunt,
907 2195 1275 2238 accommodanda
1294 2203 1359 2235 est
1380 2193 1545 2236 oratio:

108 2250 194 2293 hoc
215 2253 403 2308 primum
434 2253 739 2310 intelligamus,
759 2254 985 2296 hominum
1007 2255 1092 2296 duo
1115 2267 1206 2294 esse
1227 2266 1410 2309 genera,
1441 2251 1548 2293 alte—

109 2322 205 2350 rum
226 2309 452 2352 indoctum
474 2319 518 2352 et
538 2321 721 2367 agreste,
742 2313 856 2368 quod
879 2311 1092 2353 anteferat
1121 2325 1289 2366 semper
1311 2309 1547 2350 utilitatem

106 2365 341 2420 honestati,
363 2368 545 2410 alterum
566 2372 607 2401 24
619 2368 855 2412 humanum
877 2381 919 2410 et
941 2369 1141 2427 politum,
1162 2367 1277 2424 quod
1305 2367 1431 2408 rebus
1453 2380 1546 2407 om-

148 2511 190 2540 20
212 2519 253 2540 ne
264 2510 477 2551 suscipiatur]
497 2511 550 2542 Sic
572 2522 631 2553 pro
648 2522 706 2544 nec
725 2522 805 2543 susc.
852 2511 950 2552 Vulg.
969 2513 1062 2551 quasi
1075 2521 1105 2551 q.
1122 2521 1166 2541 m.
1189 2509 1243 2540 sed
1259 2509 1293 2539 in
1308 2508 1366 2538 illa
1378 2508 1487 2539 forma
1499 2513 1551 2540 est

106 2550 204 2590 edidi,
218 2563 236 2583 e
250 2553 315 2584 ΜΞ.
328 2554 367 2584 Ε.
385 2558 419 2585 et
433 2554 484 2584 ed.
495 2555 580 2585 Ven.
851 2554 904 2585 hic
919 2555 998 2585 ordo
1013 2558 1202 2595 perpetuus,
1215 2551 1275 2582 etsi
1287 2560 1354 2581 non
1370 2551 1550 2581 necessario

150 2597 188 2624 21
212 2596 305 2634 quasi
319 2606 395 2626 cum
417 2598 489 2627 lion.
513 2596 701 2638 conjuncta]
727 2596 809 2628 Vul-
849 2598 944 2637 quasi
966 2607 1024 2627 suo
1041 2596 1139 2626 verbo
1153 2595 1295 2630 additur,
1309 2598 1348 2623 ut
1369 2593 1446 2624 alibi
1468 2592 1550 2623 dixi-

107 2637 176 2674 gati
191 2637 316 2668 addunt
337 2643 413 2678 post
433 2640 539 2678 quasi,
562 2640 806 2679 quodammodo,
849 2649 941 2676 mus„
987 2639 1103 2670 Paullo
1131 2644 1209 2668 ante
1234 2636 1341 2667 addidi
1368 2636 1404 2666 in
1429 2645 1470 2666 ex
1496 2634 1548 2666 ed.

109 2678 196 2716 quod
210 2685 344 2711 auctore
360 2681 424 2713 Ms.
436 2682 477 2712 E.
488 2682 595 2713 omisi.
623 2682 683 2712 Est
700 2682 808 2721 glossa
848 2680 1090 2722 Ven.sortmzoe
1104 2680 1201 2711 bonis.

110 2721 149 2751 τῦ
166 2722 270 2760 quasi.
317 2723 397 2754 Mox
420 2724 455 2754 in
478 2723 591 2754 eodem
612 2729 650 2754 uc
677 2724 808 2754 additur
890 2727 931 2756 23
952 2724 1071 2764 etalii]
1094 2724 1161 2755 ΜΞ.
1175 2723 1214 2754 Ε.
1229 2724 1261 2753 et
1283 2721 1329 2758 hi,
1344 2719 1461 2750 melius
1483 2719 1550 2750 for·

108 2764 261 2794 omnibus
283 2766 386 2796 verbis
410 2766 443 2796 in
466 2766 570 2798 altero
594 2767 752 2801 membro
767 2771 806 2797 ut
847 2770 944 2797 tasse.
1037 2803 1041 2807 .

106 2805 204 2843 vires,
218 2810 255 2836 ut
257 2805 379 2846 forma
394 2809 455 2844 ἀρ.
470 2808 556 2848 quod
577 2814 705 2840 rectum
721 2809 808 2840 vide·
864 2825 867 2828 ·
889 2811 931 2840 24
949 2810 1039 2840 hum.
1055 2813 1085 2839 et
1094 2805 1250 2848 politum]
1276 2803 1339 2835 Ed.
1353 2802 1438 2835 ven.
1453 2805 1485 2835 Ιι.
1495 2813 1550 2834 ex-

108 2850 176 2877 tur.
564 2879 568 2882 ,
841 2852 1055 2892 politumque.
1071 2856 1107 2882 at
1119 2859 1250 2890 margo:
1275 2847 1418 2879 alterum
1433 2847 1550 2888 expoli-

149 2892 190 2920 22
211 2891 358 2931 qnoedam
386 2895 479 2934 quasi
503 2892 562 2934 m.]
595 2894 648 2925 Sic
674 2894 739 2925 Mc.
766 2894 804 2924 Ε.
849 2899 933 2932 mm,
949 2894 1033 2935 quod
1045 2895 1101 2925 &c-

760 2942 885 2978 RrS
