<?xml version="1.0" encoding="UTF-8"?>
<!DOCTYPE html PUBLIC "-//W3C//DTD XHTML 1.0 Transitional//EN"
    "http://www.w3.org/TR/xhtml1/DTD/xhtml1-transitional.dtd">
<html xmlns="http://www.w3.org/1999/xhtml" xml:lang="en" lang="en">
 <head>
  <title>
</title>
<meta http-equiv="Content-Type" content="text/html;charset=utf-8" />
  <meta name='ocr-system' content='tesseract 3.04.00' />
  <meta name='ocr-capabilities' content='ocr_page ocr_carea ocr_par ocr_line ocrx_word'/>
</head>
<body>
  <div class='ocr_page' id='page_1' title='image "./operaomnia01ciceuoft/operaomnia01ciceuoft_0339.png"; bbox 0 0 1945 3235; ppageno 0'>
   <div class='ocr_carea' id='block_1_1' title="bbox 684 100 1645 146">
    <p class='ocr_par' dir='ltr' id='par_1_1' title="bbox 684 100 1645 146">
     <span class='ocr_line' id='line_1_1' title="bbox 684 100 1645 146; baseline -0.001 -6"><span class='ocrx_word' id='word_1_1' title='bbox 684 100 870 140; x_wconf 88' lang='lat' dir='ltr'>LIBER</span> <span class='ocrx_word' id='word_1_2' title='bbox 902 100 1144 138; x_wconf 91' lang='lat' dir='ltr'>PRIMUS.</span> <span class='ocrx_word' id='word_1_3' title='bbox 1176 145 1180 146; x_wconf 17' lang='lat'><em>⁷</em></span> <span class='ocrx_word' id='word_1_4' title='bbox 1566 105 1645 145; x_wconf 78' lang='lat'>267</span> 
     </span>
    </p>
   </div>
   <div class='ocr_carea' id='block_1_2' title="bbox 194 204 1771 2332">
    <p class='ocr_par' dir='ltr' id='par_1_2' title="bbox 194 204 1771 1754">
     <span class='ocr_line' id='line_1_2' title="bbox 203 204 1642 263; baseline 0.001 -19"><span class='ocrx_word' id='word_1_5' title='bbox 203 204 398 246; x_wconf 89' lang='lat' dir='ltr'>omnium</span> <span class='ocrx_word' id='word_1_6' title='bbox 431 205 619 263; x_wconf 83' lang='lat' dir='ltr'>ingenio,</span> <span class='ocrx_word' id='word_1_7' title='bbox 641 206 712 247; x_wconf 88' lang='lat' dir='ltr'>sed</span> <span class='ocrx_word' id='word_1_8' title='bbox 746 205 926 246; x_wconf 91' lang='lat' dir='ltr'>minime</span> <span class='ocrx_word' id='word_1_9' title='bbox 957 204 1109 246; x_wconf 89' lang='lat' dir='ltr'>ceteris</span> <span class='ocrx_word' id='word_1_10' title='bbox 1131 204 1293 244; x_wconf 85' lang='lat' dir='ltr'>artibus</span> <span class='ocrx_word' id='word_1_11' title='bbox 1326 205 1557 256; x_wconf 82' lang='lat' dir='ltr'>eruditum,</span> <span class='ocrx_word' id='word_1_12' title='bbox 1589 205 1642 246; x_wconf 92' lang='lat' dir='ltr'>C.</span> 
     </span>
     <span class='ocr_line' id='line_1_3' title="bbox 200 259 1771 319; baseline 0.002 -19"><span class='ocrx_word' id='word_1_13' title='bbox 200 259 481 315; x_wconf 84' lang='lat' dir='ltr'><strong>Aculeonem,</strong></span> <span class='ocrx_word' id='word_1_14' title='bbox 513 265 586 319; x_wconf 95' lang='lat' dir='ltr'>qui</span> <span class='ocrx_word' id='word_1_15' title='bbox 614 278 783 304; x_wconf 90' lang='lat' dir='ltr'>mecum</span> <span class='ocrx_word' id='word_1_16' title='bbox 816 263 937 313; x_wconf 88' lang='lat' dir='ltr'>vivit,</span> <span class='ocrx_word' id='word_1_17' title='bbox 970 275 1221 317; x_wconf 83' lang='lat' dir='ltr'>semperque</span> <span class='ocrx_word' id='word_1_18' title='bbox 1250 261 1375 312; x_wconf 84' lang='lat' dir='ltr'>vixit,</span> <span class='ocrx_word' id='word_1_19' title='bbox 1406 263 1468 303; x_wconf 92' lang='lat' dir='ltr'>ita</span> <span class='ocrx_word' id='word_1_20' title='bbox 1499 272 1771 318; x_wconf 73' lang='lat' dir='ltr'>tenerep,101,</span> 
     </span>
     <span class='ocr_line' id='line_1_4' title="bbox 194 317 1682 372; baseline 0.001 -14"><span class='ocrx_word' id='word_1_21' title='bbox 194 317 270 372; x_wconf 82' lang='lat' dir='ltr'>jus</span> <span class='ocrx_word' id='word_1_22' title='bbox 293 321 431 371; x_wconf 88' lang='lat' dir='ltr'>civile,</span> <span class='ocrx_word' id='word_1_23' title='bbox 463 322 564 361; x_wconf 79' lang='grc'><strong>36111</strong></span> <span class='ocrx_word' id='word_1_24' title='bbox 588 320 642 372; x_wconf 90' lang='grc'>01,</span> <span class='ocrx_word' id='word_1_25' title='bbox 672 336 770 362; x_wconf 91' lang='lat' dir='ltr'>cum</span> <span class='ocrx_word' id='word_1_26' title='bbox 804 321 858 361; x_wconf 89' lang='lat' dir='ltr'>ab</span> <span class='ocrx_word' id='word_1_27' title='bbox 891 320 974 360; x_wconf 91' lang='grc'><strong>1100</strong></span> <span class='ocrx_word' id='word_1_28' title='bbox 1010 318 1303 369; x_wconf 81' lang='lat' dir='ltr'>discesseritis,</span> <span class='ocrx_word' id='word_1_29' title='bbox 1337 333 1462 359; x_wconf 89' lang='lat' dir='ltr'>nemo</span> <span class='ocrx_word' id='word_1_30' title='bbox 1493 320 1545 360; x_wconf 90' lang='lat' dir='ltr'>de</span> <span class='ocrx_word' id='word_1_31' title='bbox 1574 320 1682 371; x_wconf 81' lang='lat' dir='ltr'>iis‚a·</span> 
     </span>
     <span class='ocr_line' id='line_1_5' title="bbox 202 376 1728 433; baseline 0.003 -17"><span class='ocrx_word' id='word_1_32' title='bbox 202 376 276 430; x_wconf 93' lang='lat' dir='ltr'>qui</span> <span class='ocrx_word' id='word_1_33' title='bbox 300 378 544 433; x_wconf 84' lang='lat' dir='ltr'>peritissimi</span> <span class='ocrx_word' id='word_1_34' title='bbox 576 388 690 429; x_wconf 89' lang='lat' dir='ltr'>sunt,</span> <span class='ocrx_word' id='word_1_35' title='bbox 712 380 1022 433; x_wconf 77' lang='lat' dir='ltr'>anteponatur?</span> <span class='ocrx_word' id='word_1_36' title='bbox 1055 376 1215 417; x_wconf 86' lang='lat' dir='ltr'>Omnia</span> <span class='ocrx_word' id='word_1_37' title='bbox 1237 376 1351 416; x_wconf 89' lang='lat' dir='ltr'>enim</span> <span class='ocrx_word' id='word_1_38' title='bbox 1379 384 1478 416; x_wconf 87' lang='lat' dir='ltr'>sunt</span> <span class='ocrx_word' id='word_1_39' title='bbox 1500 377 1640 431; x_wconf 83' lang='lat' dir='ltr'>posita</span> <span class='ocrx_word' id='word_1_40' title='bbox 1656 387 1728 422; x_wconf 72' lang='lat'>19¹2</span> 
     </span>
     <span class='ocr_line' id='line_1_6' title="bbox 202 433 1642 489; baseline 0.001 -17"><span class='ocrx_word' id='word_1_41' title='bbox 202 443 302 474; x_wconf 88' lang='lat' dir='ltr'>ante</span> <span class='ocrx_word' id='word_1_42' title='bbox 327 435 488 486; x_wconf 87' lang='grc'><strong>000105,</strong></span> <span class='ocrx_word' id='word_1_43' title='bbox 519 435 728 476; x_wconf 84' lang='lat' dir='ltr'>collocata</span> <span class='ocrx_word' id='word_1_44' title='bbox 758 436 801 475; x_wconf 90' lang='grc'>111</span> <span class='ocrx_word' id='word_1_45' title='bbox 836 449 914 474; x_wconf 88' lang='grc'><strong>0511</strong></span> <span class='ocrx_word' id='word_1_46' title='bbox 946 433 1215 489; x_wconf 85' lang='lat' dir='ltr'>quotidiano,</span> <span class='ocrx_word' id='word_1_47' title='bbox 1252 434 1295 473; x_wconf 90' lang='lat' dir='ltr'>in</span> <span class='ocrx_word' id='word_1_48' title='bbox 1337 433 1642 488; x_wconf 80' lang='lat' dir='ltr'>congressione</span> 
     </span>
     <span class='ocr_line' id='line_1_7' title="bbox 200 489 1642 547; baseline -0.001 -17"><span class='ocrx_word' id='word_1_49' title='bbox 200 489 423 533; x_wconf 89' lang='lat' dir='ltr'>hominum</span> <span class='ocrx_word' id='word_1_50' title='bbox 458 502 586 547; x_wconf 82' lang='lat' dir='ltr'>atque</span> <span class='ocrx_word' id='word_1_51' title='bbox 618 493 658 532; x_wconf 93' lang='lat' dir='ltr'>in</span> <span class='ocrx_word' id='word_1_52' title='bbox 683 492 801 534; x_wconf 86' lang='lat' dir='ltr'>foro:</span> <span class='ocrx_word' id='word_1_53' title='bbox 834 506 972 547; x_wconf 91' lang='lat' dir='ltr'>neque</span> <span class='ocrx_word' id='word_1_54' title='bbox 994 492 1054 532; x_wconf 88' lang='lat' dir='ltr'>ita</span> <span class='ocrx_word' id='word_1_55' title='bbox 1084 490 1228 531; x_wconf 79' lang='lat' dir='ltr'>multis</span> <span class='ocrx_word' id='word_1_56' title='bbox 1251 490 1402 531; x_wconf 89' lang='lat' dir='ltr'>litteris</span> <span class='ocrx_word' id='word_1_57' title='bbox 1425 498 1499 530; x_wconf 86' lang='lat' dir='ltr'>aut</span> <span class='ocrx_word' id='word_1_58' title='bbox 1522 489 1642 530; x_wconf 91' lang='lat' dir='ltr'>volu-</span> 
     </span>
     <span class='ocr_line' id='line_1_8' title="bbox 199 547 1643 606; baseline -0.001 -18"><span class='ocrx_word' id='word_1_59' title='bbox 199 548 389 590; x_wconf 88' lang='lat' dir='ltr'>minibus</span> <span class='ocrx_word' id='word_1_60' title='bbox 411 551 578 606; x_wconf 83' lang='lat' dir='ltr'>magnis</span> <span class='ocrx_word' id='word_1_61' title='bbox 601 550 890 591; x_wconf 87' lang='lat' dir='ltr'>continentur.</span> <span class='ocrx_word' id='word_1_62' title='bbox 922 552 958 583; x_wconf 76' lang='lat'>37</span> <span class='ocrx_word' id='word_1_63' title='bbox 970 550 1117 590; x_wconf 84' lang='lat' dir='ltr'>eadem</span> <span class='ocrx_word' id='word_1_64' title='bbox 1150 549 1260 588; x_wconf 90' lang='lat' dir='ltr'>enim</span> <span class='ocrx_word' id='word_1_65' title='bbox 1287 556 1386 588; x_wconf 89' lang='lat' dir='ltr'>sunt</span> <span class='ocrx_word' id='word_1_66' title='bbox 1415 547 1526 588; x_wconf 88' lang='lat' dir='ltr'>elata</span> <span class='ocrx_word' id='word_1_67' title='bbox 1556 547 1643 602; x_wconf 86' lang='lat' dir='ltr'>pri-</span> 
     </span>
     <span class='ocr_line' id='line_1_9' title="bbox 200 605 1641 663; baseline 0 -18"><span class='ocrx_word' id='word_1_68' title='bbox 200 619 318 646; x_wconf 89' lang='lat' dir='ltr'>mum</span> <span class='ocrx_word' id='word_1_69' title='bbox 341 622 366 646; x_wconf 86' lang='lat' dir='ltr'>a</span> <span class='ocrx_word' id='word_1_70' title='bbox 396 607 607 662; x_wconf 83' lang='lat' dir='ltr'>pluribus:</span> <span class='ocrx_word' id='word_1_71' title='bbox 642 607 810 659; x_wconf 88' lang='lat' dir='ltr'>deinde,</span> <span class='ocrx_word' id='word_1_72' title='bbox 842 606 989 663; x_wconf 85' lang='lat' dir='ltr'>paucis</span> <span class='ocrx_word' id='word_1_73' title='bbox 1013 606 1152 647; x_wconf 88' lang='lat' dir='ltr'>verbis</span> <span class='ocrx_word' id='word_1_74' title='bbox 1184 605 1475 655; x_wconf 84' lang='lat' dir='ltr'>commutatis,</span> <span class='ocrx_word' id='word_1_75' title='bbox 1509 605 1641 663; x_wconf 85' lang='lat' dir='ltr'>etiam</span> 
     </span>
     <span class='ocr_line' id='line_1_10' title="bbox 202 662 1728 721; baseline -0.002 -18"><span class='ocrx_word' id='word_1_76' title='bbox 202 663 258 703; x_wconf 87' lang='lat' dir='ltr'>ab</span> <span class='ocrx_word' id='word_1_77' title='bbox 277 663 428 704; x_wconf 92' lang='lat' dir='ltr'>iisdem</span> <span class='ocrx_word' id='word_1_78' title='bbox 461 665 757 721; x_wconf 84' lang='lat' dir='ltr'>scriptoribus,</span> <span class='ocrx_word' id='word_1_79' title='bbox 789 665 949 720; x_wconf 88' lang='lat' dir='ltr'>scripta</span> <span class='ocrx_word' id='word_1_80' title='bbox 982 673 1081 704; x_wconf 89' lang='lat' dir='ltr'>sunt</span> <span class='ocrx_word' id='word_1_81' title='bbox 1102 664 1274 719; x_wconf 88' lang='lat' dir='ltr'>saepius.</span> <span class='ocrx_word' id='word_1_82' title='bbox 1334 662 1518 704; x_wconf 87' lang='lat' dir='ltr'>Accedit</span> <span class='ocrx_word' id='word_1_83' title='bbox 1538 676 1640 702; x_wconf 89' lang='lat' dir='ltr'>vero</span> <span class='ocrx_word' id='word_1_84' title='bbox 1655 666 1728 702; x_wconf 84' lang='lat'>193</span> 
     </span>
     <span class='ocr_line' id='line_1_11' title="bbox 202 719 1642 778; baseline 0 -18"><span class='ocrx_word' id='word_1_85' title='bbox 202 734 288 774; x_wconf 93' lang='lat' dir='ltr'>quo</span> <span class='ocrx_word' id='word_1_86' title='bbox 327 720 494 762; x_wconf 81' lang='lat' dir='ltr'>facilius</span> <span class='ocrx_word' id='word_1_87' title='bbox 533 722 697 778; x_wconf 85' lang='lat' dir='ltr'>percipi</span> <span class='ocrx_word' id='word_1_88' title='bbox 727 723 1019 778; x_wconf 79' lang='lat' dir='ltr'>cognoscique</span> <span class='ocrx_word' id='word_1_89' title='bbox 1047 721 1120 777; x_wconf 87' lang='lat' dir='ltr'>jus</span> <span class='ocrx_word' id='word_1_90' title='bbox 1160 720 1286 761; x_wconf 84' lang='lat' dir='ltr'>civile</span> <span class='ocrx_word' id='word_1_91' title='bbox 1322 720 1471 776; x_wconf 85' lang='lat' dir='ltr'>possit,</span> <span class='ocrx_word' id='word_1_92' title='bbox 1506 719 1642 775; x_wconf 91' lang='lat' dir='ltr'>(quod</span> 
     </span>
     <span class='ocr_line' id='line_1_12' title="bbox 199 777 1642 835; baseline 0 -18"><span class='ocrx_word' id='word_1_93' title='bbox 199 777 378 818; x_wconf 88' lang='lat' dir='ltr'>minime</span> <span class='ocrx_word' id='word_1_94' title='bbox 399 778 589 835; x_wconf 89' lang='lat' dir='ltr'>plerique</span> <span class='ocrx_word' id='word_1_95' title='bbox 608 780 903 830; x_wconf 85' lang='lat' dir='ltr'>arbitrantur,)</span> <span class='ocrx_word' id='word_1_96' title='bbox 925 779 1033 819; x_wconf 87' lang='lat' dir='ltr'>mira</span> <span class='ocrx_word' id='word_1_97' title='bbox 1051 779 1249 834; x_wconf 73' lang='lat' dir='ltr'>quaedam</span> <span class='ocrx_word' id='word_1_98' title='bbox 1272 778 1316 818; x_wconf 91' lang='lat' dir='ltr'>in</span> <span class='ocrx_word' id='word_1_99' title='bbox 1338 777 1642 834; x_wconf 87' lang='lat' dir='ltr'>cognoscendo</span> 
     </span>
     <span class='ocr_line' id='line_1_13' title="bbox 200 835 1644 892; baseline 0.001 -18"><span class='ocrx_word' id='word_1_100' title='bbox 200 835 388 876; x_wconf 82' lang='lat' dir='ltr'>suavitas</span> <span class='ocrx_word' id='word_1_101' title='bbox 418 847 460 877; x_wconf 90' lang='lat' dir='ltr'>et</span> <span class='ocrx_word' id='word_1_102' title='bbox 488 837 732 879; x_wconf 85' lang='lat' dir='ltr'>delectatio.</span> <span class='ocrx_word' id='word_1_103' title='bbox 794 837 922 888; x_wconf 85' lang='lat' dir='ltr'>Nam,</span> <span class='ocrx_word' id='word_1_104' title='bbox 954 837 1042 877; x_wconf 85' lang='lat' dir='ltr'>sive</span> <span class='ocrx_word' id='word_1_105' title='bbox 1071 851 1197 892; x_wconf 91' lang='lat' dir='ltr'>quem</span> <span class='ocrx_word' id='word_1_106' title='bbox 1231 835 1367 876; x_wconf 87' lang='lat' dir='ltr'>aliena</span> <span class='ocrx_word' id='word_1_107' title='bbox 1397 835 1538 876; x_wconf 88' lang='lat' dir='ltr'>studia</span> <span class='ocrx_word' id='word_1_108' title='bbox 1570 835 1644 875; x_wconf 87' lang='lat' dir='ltr'>de-</span> 
     </span>
     <span class='ocr_line' id='line_1_14' title="bbox 200 890 1644 950; baseline 0 -18"><span class='ocrx_word' id='word_1_109' title='bbox 200 890 383 946; x_wconf 75' lang='lat' dir='ltr'>lectant,</span> <span class='ocrx_word' id='word_1_110' title='bbox 417 895 600 950; x_wconf 89' lang='lat' dir='ltr'>plurima</span> <span class='ocrx_word' id='word_1_111' title='bbox 620 905 698 946; x_wconf 88' lang='lat' dir='ltr'>est,</span> <span class='ocrx_word' id='word_1_112' title='bbox 729 904 772 936; x_wconf 89' lang='lat' dir='ltr'>et</span> <span class='ocrx_word' id='word_1_113' title='bbox 802 895 845 935; x_wconf 91' lang='lat' dir='ltr'>in</span> <span class='ocrx_word' id='word_1_114' title='bbox 879 894 996 935; x_wconf 91' lang='lat' dir='ltr'>omni</span> <span class='ocrx_word' id='word_1_115' title='bbox 1019 893 1119 950; x_wconf 88' lang='lat' dir='ltr'>jure</span> <span class='ocrx_word' id='word_1_116' title='bbox 1151 893 1283 944; x_wconf 88' lang='lat' dir='ltr'>civili,</span> <span class='ocrx_word' id='word_1_117' title='bbox 1316 902 1358 934; x_wconf 87' lang='lat' dir='ltr'>et</span> <span class='ocrx_word' id='word_1_118' title='bbox 1391 893 1433 933; x_wconf 91' lang='lat' dir='ltr'>in</span> <span class='ocrx_word' id='word_1_119' title='bbox 1467 892 1644 948; x_wconf 90' lang='lat' dir='ltr'>pontifi-</span> 
     </span>
     <span class='ocr_line' id='line_1_15' title="bbox 201 950 1645 1007; baseline 0.001 -17"><span class='ocrx_word' id='word_1_120' title='bbox 201 964 298 991; x_wconf 90' lang='lat' dir='ltr'>cum</span> <span class='ocrx_word' id='word_1_121' title='bbox 332 951 464 1004; x_wconf 84' lang='lat' dir='ltr'>libris,</span> <span class='ocrx_word' id='word_1_122' title='bbox 487 966 530 993; x_wconf 88' lang='lat' dir='ltr'>et</span> <span class='ocrx_word' id='word_1_123' title='bbox 560 953 602 994; x_wconf 90' lang='lat' dir='ltr'>in</span> <span class='ocrx_word' id='word_1_124' title='bbox 628 967 721 994; x_wconf 79' lang='lat' dir='ltr'>xu.</span> <span class='ocrx_word' id='word_1_125' title='bbox 752 951 923 1003; x_wconf 84' lang='lat' dir='ltr'>tabulis,</span> <span class='ocrx_word' id='word_1_126' title='bbox 945 952 1215 1007; x_wconf 79' lang='lat' dir='ltr'>antiquitatis</span> <span class='ocrx_word' id='word_1_127' title='bbox 1248 950 1429 1007; x_wconf 83' lang='lat' dir='ltr'>effigies,</span> <span class='ocrx_word' id='word_1_128' title='bbox 1451 950 1567 1005; x_wconf 91' lang='lat' dir='ltr'>quod</span> <span class='ocrx_word' id='word_1_129' title='bbox 1600 960 1645 991; x_wconf 85' lang='lat' dir='ltr'>et</span> 
     </span>
     <span class='ocr_line' id='line_1_16' title="bbox 201 1009 1645 1066; baseline 0.001 -18"><span class='ocrx_word' id='word_1_130' title='bbox 201 1009 430 1050; x_wconf 89' lang='lat' dir='ltr'>verborum</span> <span class='ocrx_word' id='word_1_131' title='bbox 465 1011 605 1066; x_wconf 88' lang='lat' dir='ltr'>prisca</span> <span class='ocrx_word' id='word_1_132' title='bbox 633 1019 820 1052; x_wconf 84' lang='lat' dir='ltr'>vetustas</span> <span class='ocrx_word' id='word_1_133' title='bbox 847 1009 1139 1066; x_wconf 78' lang='lat' dir='ltr'>cognoscitur,</span> <span class='ocrx_word' id='word_1_134' title='bbox 1162 1017 1205 1049; x_wconf 90' lang='lat' dir='ltr'>et</span> <span class='ocrx_word' id='word_1_135' title='bbox 1236 1009 1456 1050; x_wconf 87' lang='lat' dir='ltr'>actionum</span> <span class='ocrx_word' id='word_1_136' title='bbox 1487 1022 1645 1064; x_wconf 85' lang='lat' dir='ltr'>genera</span> 
     </span>
     <span class='ocr_line' id='line_1_17' title="bbox 201 1066 1644 1124; baseline 0.001 -19"><span class='ocrx_word' id='word_1_137' title='bbox 201 1067 401 1120; x_wconf 83' lang='lat' dir='ltr'>quaedam</span> <span class='ocrx_word' id='word_1_138' title='bbox 425 1068 637 1124; x_wconf 80' lang='lat' dir='ltr'>majorum</span> <span class='ocrx_word' id='word_1_139' title='bbox 659 1068 1014 1109; x_wconf 86' lang='lat' dir='ltr'>consuetudinem</span> <span class='ocrx_word' id='word_1_140' title='bbox 1038 1067 1257 1122; x_wconf 88' lang='lat' dir='ltr'>vitamque</span> <span class='ocrx_word' id='word_1_141' title='bbox 1279 1067 1520 1107; x_wconf 83' lang='lat' dir='ltr'>declarant:</span> <span class='ocrx_word' id='word_1_142' title='bbox 1555 1066 1644 1106; x_wconf 88' lang='lat' dir='ltr'>sive</span> 
     </span>
     <span class='ocr_line' id='line_1_18' title="bbox 203 1122 1643 1180; baseline 0 -17"><span class='ocrx_word' id='word_1_143' title='bbox 203 1123 299 1177; x_wconf 91' lang='lat' dir='ltr'>quis</span> <span class='ocrx_word' id='word_1_144' title='bbox 331 1125 501 1166; x_wconf 86' lang='lat' dir='ltr'>civilem</span> <span class='ocrx_word' id='word_1_145' title='bbox 539 1126 764 1167; x_wconf 88' lang='lat' dir='ltr'>scientiam</span> <span class='ocrx_word' id='word_1_146' title='bbox 797 1124 1128 1180; x_wconf 88' lang='lat' dir='ltr'>contempletur,</span> <span class='ocrx_word' id='word_1_147' title='bbox 1163 1139 1292 1179; x_wconf 91' lang='lat' dir='ltr'>quam</span> <span class='ocrx_word' id='word_1_148' title='bbox 1327 1122 1523 1164; x_wconf 83' lang='lat' dir='ltr'>Scaevola</span> <span class='ocrx_word' id='word_1_149' title='bbox 1556 1138 1643 1164; x_wconf 87' lang='lat' dir='ltr'>non</span> 
     </span>
     <span class='ocr_line' id='line_1_19' title="bbox 202 1180 1645 1240; baseline 0 -19"><span class='ocrx_word' id='word_1_150' title='bbox 202 1190 326 1236; x_wconf 87' lang='lat' dir='ltr'>putat</span> <span class='ocrx_word' id='word_1_151' title='bbox 359 1183 540 1224; x_wconf 86' lang='lat' dir='ltr'>oratoris</span> <span class='ocrx_word' id='word_1_152' title='bbox 568 1198 658 1224; x_wconf 90' lang='grc'><strong>0550</strong></span> <span class='ocrx_word' id='word_1_153' title='bbox 689 1184 922 1240; x_wconf 90' lang='lat' dir='ltr'>propriam,</span> <span class='ocrx_word' id='word_1_154' title='bbox 953 1182 1025 1223; x_wconf 86' lang='lat' dir='ltr'>sed</span> <span class='ocrx_word' id='word_1_155' title='bbox 1057 1181 1281 1237; x_wconf 84' lang='lat' dir='ltr'>cujusdam</span> <span class='ocrx_word' id='word_1_156' title='bbox 1304 1196 1357 1222; x_wconf 81' lang='lat' dir='ltr'>ex</span> <span class='ocrx_word' id='word_1_157' title='bbox 1382 1180 1465 1221; x_wconf 86' lang='lat' dir='ltr'>alio</span> <span class='ocrx_word' id='word_1_158' title='bbox 1489 1195 1645 1237; x_wconf 85' lang='lat' dir='ltr'>genere</span> 
     </span>
     <span class='ocr_line' id='line_1_20' title="bbox 202 1238 1646 1295; baseline 0 -17"><span class='ocrx_word' id='word_1_159' title='bbox 202 1239 469 1294; x_wconf 78' lang='lat' dir='ltr'>prudentiae3</span> <span class='ocrx_word' id='word_1_160' title='bbox 501 1250 636 1282; x_wconf 90' lang='lat' dir='ltr'>totam</span> <span class='ocrx_word' id='word_1_161' title='bbox 669 1241 796 1292; x_wconf 75' lang='lat' dir='ltr'>lianc,</span> <span class='ocrx_word' id='word_1_162' title='bbox 824 1239 1050 1295; x_wconf 83' lang='lat' dir='ltr'>descriptis</span> <span class='ocrx_word' id='word_1_163' title='bbox 1080 1239 1281 1280; x_wconf 92' lang='lat' dir='ltr'>omnibus</span> <span class='ocrx_word' id='word_1_164' title='bbox 1310 1238 1500 1279; x_wconf 86' lang='lat' dir='ltr'>civitatis</span> <span class='ocrx_word' id='word_1_165' title='bbox 1530 1238 1646 1279; x_wconf 90' lang='lat' dir='ltr'>utili-</span> 
     </span>
     <span class='ocr_line' id='line_1_21' title="bbox 202 1295 1647 1354; baseline 0.001 -19"><span class='ocrx_word' id='word_1_166' title='bbox 202 1296 364 1338; x_wconf 78' lang='lat' dir='ltr'>tatibus</span> <span class='ocrx_word' id='word_1_167' title='bbox 398 1313 448 1339; x_wconf 84' lang='lat' dir='ltr'>ac</span> <span class='ocrx_word' id='word_1_168' title='bbox 479 1299 687 1354; x_wconf 87' lang='lat' dir='ltr'>partibus,</span> <span class='ocrx_word' id='word_1_169' title='bbox 722 1312 815 1339; x_wconf 81' lang='lat' dir='ltr'><strong>XII.</strong></span> <span class='ocrx_word' id='word_1_170' title='bbox 846 1297 1003 1338; x_wconf 86' lang='lat' dir='ltr'>tabulis</span> <span class='ocrx_word' id='word_1_171' title='bbox 1035 1299 1074 1328; x_wconf 76' lang='lat'>38</span> <span class='ocrx_word' id='word_1_172' title='bbox 1089 1296 1301 1337; x_wconf 90' lang='lat' dir='ltr'>contineri</span> <span class='ocrx_word' id='word_1_173' title='bbox 1334 1296 1524 1337; x_wconf 85' lang='lat' dir='ltr'>videbit:</span> <span class='ocrx_word' id='word_1_174' title='bbox 1558 1295 1647 1337; x_wconf 87' lang='lat' dir='ltr'>sive</span> 
     </span>
     <span class='ocr_line' id='line_1_22' title="bbox 199 1353 1647 1411; baseline 0.001 -18"><span class='ocrx_word' id='word_1_175' title='bbox 199 1367 327 1408; x_wconf 88' lang='lat' dir='ltr'>quem</span> <span class='ocrx_word' id='word_1_176' title='bbox 360 1354 441 1395; x_wconf 84' lang='lat' dir='ltr'>ista</span> <span class='ocrx_word' id='word_1_177' title='bbox 472 1365 715 1411; x_wconf 77' lang='lat' dir='ltr'>praepotens</span> <span class='ocrx_word' id='word_1_178' title='bbox 747 1365 787 1396; x_wconf 90' lang='lat' dir='ltr'>et</span> <span class='ocrx_word' id='word_1_179' title='bbox 811 1355 998 1411; x_wconf 86' lang='lat' dir='ltr'>gloriosa</span> <span class='ocrx_word' id='word_1_180' title='bbox 1031 1354 1305 1410; x_wconf 85' lang='lat' dir='ltr'>philosophia</span> <span class='ocrx_word' id='word_1_181' title='bbox 1333 1353 1531 1404; x_wconf 85' lang='lat' dir='ltr'>delectat,</span> <span class='ocrx_word' id='word_1_182' title='bbox 1563 1353 1647 1407; x_wconf 92' lang='lat' dir='ltr'>(di-</span> 
     </span>
     <span class='ocr_line' id='line_1_23' title="bbox 199 1411 1652 1467; baseline 0.001 -17"><span class='ocrx_word' id='word_1_183' title='bbox 199 1426 295 1451; x_wconf 86' lang='lat' dir='ltr'>cam</span> <span class='ocrx_word' id='word_1_184' title='bbox 317 1413 554 1464; x_wconf 86' lang='lat' dir='ltr'>audacius,)</span> <span class='ocrx_word' id='word_1_185' title='bbox 578 1414 705 1454; x_wconf 87' lang='lat' dir='ltr'>hosce</span> <span class='ocrx_word' id='word_1_186' title='bbox 728 1412 905 1453; x_wconf 87' lang='lat' dir='ltr'>habebit</span> <span class='ocrx_word' id='word_1_187' title='bbox 922 1412 1063 1453; x_wconf 84' lang='lat' dir='ltr'>fontes</span> <span class='ocrx_word' id='word_1_188' title='bbox 1086 1413 1279 1452; x_wconf 90' lang='lat' dir='ltr'>omnium</span> <span class='ocrx_word' id='word_1_189' title='bbox 1302 1411 1652 1467; x_wconf 83' lang='lat' dir='ltr'>disputationum</span> 
     </span>
     <span class='ocr_line' id='line_1_24' title="bbox 199 1468 1733 1526; baseline 0.001 -18"><span class='ocrx_word' id='word_1_190' title='bbox 199 1482 387 1520; x_wconf 85' lang='lat' dir='ltr'>suarum,</span> <span class='ocrx_word' id='word_1_191' title='bbox 411 1471 482 1525; x_wconf 89' lang='lat' dir='ltr'>qui</span> <span class='ocrx_word' id='word_1_192' title='bbox 499 1471 599 1525; x_wconf 84' lang='lat' dir='ltr'>jure</span> <span class='ocrx_word' id='word_1_193' title='bbox 616 1469 732 1512; x_wconf 84' lang='lat' dir='ltr'>civili</span> <span class='ocrx_word' id='word_1_194' title='bbox 756 1479 799 1511; x_wconf 89' lang='lat' dir='ltr'>et</span> <span class='ocrx_word' id='word_1_195' title='bbox 821 1470 988 1526; x_wconf 85' lang='lat' dir='ltr'>legibus</span> <span class='ocrx_word' id='word_1_196' title='bbox 1010 1470 1302 1510; x_wconf 90' lang='lat' dir='ltr'>continentur.</span> <span class='ocrx_word' id='word_1_197' title='bbox 1349 1468 1417 1510; x_wconf 82' lang='lat' dir='ltr'>Ex</span> <span class='ocrx_word' id='word_1_198' title='bbox 1440 1469 1507 1509; x_wconf 87' lang='lat' dir='ltr'>his</span> <span class='ocrx_word' id='word_1_199' title='bbox 1529 1469 1643 1510; x_wconf 91' lang='lat' dir='ltr'>enim</span> <span class='ocrx_word' id='word_1_200' title='bbox 1659 1475 1733 1511; x_wconf 80' lang='lat'>194</span> 
     </span>
     <span class='ocr_line' id='line_1_25' title="bbox 201 1526 1646 1584; baseline 0 -18"><span class='ocrx_word' id='word_1_201' title='bbox 201 1534 246 1566; x_wconf 87' lang='lat' dir='ltr'>et</span> <span class='ocrx_word' id='word_1_202' title='bbox 266 1526 525 1582; x_wconf 85' lang='lat' dir='ltr'>dignitatem</span> <span class='ocrx_word' id='word_1_203' title='bbox 549 1529 737 1569; x_wconf 83' lang='lat' dir='ltr'>maxime</span> <span class='ocrx_word' id='word_1_204' title='bbox 759 1528 1045 1584; x_wconf 85' lang='lat' dir='ltr'>expetendam</span> <span class='ocrx_word' id='word_1_205' title='bbox 1065 1527 1273 1578; x_wconf 83' lang='lat' dir='ltr'>videmus,</span> <span class='ocrx_word' id='word_1_206' title='bbox 1296 1541 1393 1567; x_wconf 89' lang='lat' dir='ltr'>cum</span> <span class='ocrx_word' id='word_1_207' title='bbox 1418 1541 1555 1577; x_wconf 88' lang='lat' dir='ltr'>verus,</span> <span class='ocrx_word' id='word_1_208' title='bbox 1571 1527 1646 1582; x_wconf 87' lang='lat' dir='ltr'>ju-</span> 
     </span>
     <span class='ocr_line' id='line_1_26' title="bbox 201 1584 1648 1640; baseline 0.002 -17"><span class='ocrx_word' id='word_1_209' title='bbox 201 1592 304 1634; x_wconf 84' lang='lat' dir='ltr'>stus,</span> <span class='ocrx_word' id='word_1_210' title='bbox 341 1595 469 1640; x_wconf 86' lang='lat' dir='ltr'>atque</span> <span class='ocrx_word' id='word_1_211' title='bbox 502 1586 704 1626; x_wconf 87' lang='lat' dir='ltr'>honestus</span> <span class='ocrx_word' id='word_1_212' title='bbox 739 1586 859 1627; x_wconf 84' lang='lat' dir='ltr'>labor</span> <span class='ocrx_word' id='word_1_213' title='bbox 893 1585 1143 1636; x_wconf 89' lang='lat' dir='ltr'>bonoribus,</span> <span class='ocrx_word' id='word_1_214' title='bbox 1180 1584 1384 1640; x_wconf 72' lang='lat' dir='ltr'>praemiis,</span> <span class='ocrx_word' id='word_1_215' title='bbox 1422 1584 1648 1640; x_wconf 85' lang='lat' dir='ltr'>splendore</span> 
     </span>
     <span class='ocr_line' id='line_1_27' title="bbox 200 1640 1647 1697; baseline 0.001 -16"><span class='ocrx_word' id='word_1_216' title='bbox 200 1640 452 1694; x_wconf 69' lang='lat' dir='ltr'>decoratur,</span> <span class='ocrx_word' id='word_1_217' title='bbox 487 1644 591 1684; x_wconf 87' lang='lat' dir='ltr'>vitia</span> <span class='ocrx_word' id='word_1_218' title='bbox 623 1653 764 1684; x_wconf 87' lang='lat' dir='ltr'>autem</span> <span class='ocrx_word' id='word_1_219' title='bbox 800 1643 1041 1692; x_wconf 88' lang='lat' dir='ltr'>hominum,</span> <span class='ocrx_word' id='word_1_220' title='bbox 1071 1653 1200 1697; x_wconf 84' lang='lat' dir='ltr'>atque</span> <span class='ocrx_word' id='word_1_221' title='bbox 1238 1641 1423 1692; x_wconf 42' lang='lat' dir='ltr'>fraude&amp;</span> <span class='ocrx_word' id='word_1_222' title='bbox 1464 1642 1647 1693; x_wconf 85' lang='lat' dir='ltr'>damnis,</span> 
     </span>
     <span class='ocr_line' id='line_1_28' title="bbox 201 1697 1644 1754; baseline 0.002 -16"><span class='ocrx_word' id='word_1_223' title='bbox 201 1697 468 1754; x_wconf 82' lang='lat' dir='ltr'>ignominiis,</span> <span class='ocrx_word' id='word_1_224' title='bbox 492 1701 688 1751; x_wconf 78' lang='lat' dir='ltr'>vinculis,</span> <span class='ocrx_word' id='word_1_225' title='bbox 724 1701 985 1750; x_wconf 85' lang='lat' dir='ltr'>verberibus,</span> <span class='ocrx_word' id='word_1_226' title='bbox 1017 1700 1195 1751; x_wconf 76' lang='lat' dir='ltr'>exsiliis,</span> <span class='ocrx_word' id='word_1_227' title='bbox 1227 1709 1364 1740; x_wconf 90' lang='lat' dir='ltr'>morte</span> <span class='ocrx_word' id='word_1_228' title='bbox 1386 1698 1644 1741; x_wconf 82' lang='lat' dir='ltr'>multantur:</span> 
     </span>
    </p>

    <p class='ocr_par' dir='ltr' id='par_1_3' title="bbox 197 1755 1732 2332">
     <span class='ocr_line' id='line_1_29' title="bbox 199 1755 1647 1814; baseline 0 -17"><span class='ocrx_word' id='word_1_229' title='bbox 199 1765 244 1797; x_wconf 76' lang='lat' dir='ltr'>et</span> <span class='ocrx_word' id='word_1_230' title='bbox 265 1755 469 1797; x_wconf 88' lang='lat' dir='ltr'>docemur</span> <span class='ocrx_word' id='word_1_231' title='bbox 490 1773 574 1799; x_wconf 91' lang='lat' dir='ltr'>non</span> <span class='ocrx_word' id='word_1_232' title='bbox 600 1758 794 1809; x_wconf 86' lang='lat' dir='ltr'>infinitis,</span> <span class='ocrx_word' id='word_1_233' title='bbox 817 1758 1276 1813; x_wconf 83' lang='lat' dir='ltr'>concertationumque</span> <span class='ocrx_word' id='word_1_234' title='bbox 1297 1757 1431 1814; x_wconf 87' lang='lat' dir='ltr'>plenis</span> <span class='ocrx_word' id='word_1_235' title='bbox 1454 1757 1647 1813; x_wconf 81' lang='lat' dir='ltr'>disputa-</span> 
     </span>
     <span class='ocr_line' id='line_1_30' title="bbox 201 1813 1647 1871; baseline 0.003 -19"><span class='ocrx_word' id='word_1_236' title='bbox 201 1813 406 1865; x_wconf 89' lang='lat' dir='ltr'>tionibus,</span> <span class='ocrx_word' id='word_1_237' title='bbox 439 1815 509 1856; x_wconf 86' lang='lat' dir='ltr'>sed</span> <span class='ocrx_word' id='word_1_238' title='bbox 554 1816 826 1867; x_wconf 85' lang='lat' dir='ltr'>auctoritate,</span> <span class='ocrx_word' id='word_1_239' title='bbox 860 1826 1054 1870; x_wconf 89' lang='lat' dir='ltr'>nutuque</span> <span class='ocrx_word' id='word_1_240' title='bbox 1092 1815 1236 1871; x_wconf 87' lang='lat' dir='ltr'>legum</span> <span class='ocrx_word' id='word_1_241' title='bbox 1266 1815 1451 1855; x_wconf 85' lang='lat' dir='ltr'>domitas</span> <span class='ocrx_word' id='word_1_242' title='bbox 1488 1814 1647 1856; x_wconf 84' lang='lat' dir='ltr'>habere</span> 
     </span>
     <span class='ocr_line' id='line_1_31' title="bbox 199 1869 1645 1928; baseline 0.001 -18"><span class='ocrx_word' id='word_1_243' title='bbox 199 1869 414 1922; x_wconf 86' lang='lat' dir='ltr'>libidines,</span> <span class='ocrx_word' id='word_1_244' title='bbox 436 1887 631 1914; x_wconf 88' lang='lat' dir='ltr'>coercere</span> <span class='ocrx_word' id='word_1_245' title='bbox 652 1888 799 1914; x_wconf 84' lang='lat' dir='ltr'>omnes</span> <span class='ocrx_word' id='word_1_246' title='bbox 822 1873 1095 1928; x_wconf 85' lang='lat' dir='ltr'>cupiditates,</span> <span class='ocrx_word' id='word_1_247' title='bbox 1113 1881 1258 1913; x_wconf 86' lang='lat' dir='ltr'>nostra</span> <span class='ocrx_word' id='word_1_248' title='bbox 1277 1872 1400 1922; x_wconf 89' lang='lat' dir='ltr'>tueri,</span> <span class='ocrx_word' id='word_1_249' title='bbox 1419 1872 1473 1912; x_wconf 85' lang='lat' dir='ltr'>ab</span> <span class='ocrx_word' id='word_1_250' title='bbox 1495 1872 1645 1913; x_wconf 86' lang='lat' dir='ltr'>alienis</span> 
     </span>
     <span class='ocr_line' id='line_1_32' title="bbox 200 1929 1728 1984; baseline 0.001 -16"><span class='ocrx_word' id='word_1_251' title='bbox 200 1940 379 1980; x_wconf 88' lang='lat' dir='ltr'>mentes,</span> <span class='ocrx_word' id='word_1_252' title='bbox 393 1930 554 1981; x_wconf 84' lang='lat' dir='ltr'>oculos,</span> <span class='ocrx_word' id='word_1_253' title='bbox 569 1946 719 1972; x_wconf 81' lang='lat' dir='ltr'>manus</span> <span class='ocrx_word' id='word_1_254' title='bbox 734 1931 962 1971; x_wconf 83' lang='lat' dir='ltr'>abstinere.</span> <span class='ocrx_word' id='word_1_255' title='bbox 986 1930 1188 1970; x_wconf 87' lang='lat' dir='ltr'>Fremant</span> <span class='ocrx_word' id='word_1_256' title='bbox 1201 1944 1348 1970; x_wconf 89' lang='lat' dir='ltr'>omnes</span> <span class='ocrx_word' id='word_1_257' title='bbox 1359 1929 1480 1971; x_wconf 89' lang='lat' dir='ltr'>licet:</span> <span class='ocrx_word' id='word_1_258' title='bbox 1501 1929 1641 1971; x_wconf 89' lang='lat' dir='ltr'>dicam</span> <span class='ocrx_word' id='word_1_259' title='bbox 1655 1934 1728 1984; x_wconf 78' lang='lat'>44</span> 
     </span>
     <span class='ocr_line' id='line_1_33' title="bbox 198 1986 1732 2043; baseline 0.002 -17"><span class='ocrx_word' id='word_1_260' title='bbox 198 1987 315 2040; x_wconf 90' lang='lat' dir='ltr'>quod</span> <span class='ocrx_word' id='word_1_261' title='bbox 349 1988 511 2029; x_wconf 90' lang='lat' dir='ltr'>sentio:</span> <span class='ocrx_word' id='word_1_262' title='bbox 548 1989 832 2030; x_wconf 85' lang='lat' dir='ltr'>bibliothecas</span> <span class='ocrx_word' id='word_1_263' title='bbox 865 1987 1109 2028; x_wconf 87' lang='lat' dir='ltr'>mehercule</span> <span class='ocrx_word' id='word_1_264' title='bbox 1141 1987 1335 2029; x_wconf 90' lang='lat' dir='ltr'>omnium</span> <span class='ocrx_word' id='word_1_265' title='bbox 1362 1986 1643 2043; x_wconf 85' lang='lat' dir='ltr'>philosopho·</span> <span class='ocrx_word' id='word_1_266' title='bbox 1660 2007 1732 2042; x_wconf 83' lang='lat'>195</span> 
     </span>
     <span class='ocr_line' id='line_1_34' title="bbox 199 2044 1643 2101; baseline 0.003 -19"><span class='ocrx_word' id='word_1_267' title='bbox 199 2057 294 2084; x_wconf 87' lang='lat' dir='ltr'>rum</span> <span class='ocrx_word' id='word_1_268' title='bbox 328 2058 436 2085; x_wconf 89' lang='lat' dir='ltr'>unus</span> <span class='ocrx_word' id='word_1_269' title='bbox 478 2046 584 2086; x_wconf 84' lang='lat' dir='ltr'>mihi</span> <span class='ocrx_word' id='word_1_270' title='bbox 628 2047 796 2087; x_wconf 81' lang='lat' dir='ltr'>videtur</span> <span class='ocrx_word' id='word_1_271' title='bbox 841 2060 932 2086; x_wconf 76' lang='lat' dir='ltr'>xil.</span> <span class='ocrx_word' id='word_1_272' title='bbox 977 2045 1216 2086; x_wconf 85' lang='lat' dir='ltr'>tabularum</span> <span class='ocrx_word' id='word_1_273' title='bbox 1256 2044 1439 2094; x_wconf 87' lang='lat' dir='ltr'>libellus,</span> <span class='ocrx_word' id='word_1_274' title='bbox 1481 2045 1514 2086; x_wconf 88' lang='lat' dir='ltr'>si</span> <span class='ocrx_word' id='word_1_275' title='bbox 1547 2046 1643 2101; x_wconf 90' lang='lat' dir='ltr'>quis</span> 
     </span>
     <span class='ocr_line' id='line_1_35' title="bbox 197 2099 1644 2159; baseline 0.003 -19"><span class='ocrx_word' id='word_1_276' title='bbox 197 2099 342 2157; x_wconf 86' lang='lat' dir='ltr'>legum</span> <span class='ocrx_word' id='word_1_277' title='bbox 377 2102 518 2144; x_wconf 83' lang='lat' dir='ltr'>fontes</span> <span class='ocrx_word' id='word_1_278' title='bbox 551 2112 594 2144; x_wconf 91' lang='lat' dir='ltr'>et</span> <span class='ocrx_word' id='word_1_279' title='bbox 626 2104 769 2159; x_wconf 86' lang='lat' dir='ltr'>capita</span> <span class='ocrx_word' id='word_1_280' title='bbox 798 2103 967 2153; x_wconf 90' lang='lat' dir='ltr'>viderit,</span> <span class='ocrx_word' id='word_1_281' title='bbox 999 2113 1042 2143; x_wconf 84' lang='lat' dir='ltr'>et</span> <span class='ocrx_word' id='word_1_282' title='bbox 1074 2102 1344 2144; x_wconf 81' lang='lat' dir='ltr'>auctoritatis</span> <span class='ocrx_word' id='word_1_283' title='bbox 1374 2102 1577 2158; x_wconf 89' lang='lat' dir='ltr'>pondere,</span> <span class='ocrx_word' id='word_1_284' title='bbox 1599 2111 1644 2144; x_wconf 89' lang='lat' dir='ltr'>et</span> 
     </span>
     <span class='ocr_line' id='line_1_36' title="bbox 200 2159 1731 2217; baseline 0.005 -20"><span class='ocrx_word' id='word_1_285' title='bbox 200 2159 398 2200; x_wconf 86' lang='lat' dir='ltr'>utilitatis</span> <span class='ocrx_word' id='word_1_286' title='bbox 423 2162 616 2202; x_wconf 81' lang='lat' dir='ltr'>ubertate</span> <span class='ocrx_word' id='word_1_287' title='bbox 640 2175 852 2217; x_wconf 84' lang='lat' dir='ltr'>superare.</span> <span class='ocrx_word' id='word_1_288' title='bbox 913 2160 994 2211; x_wconf 91' lang='lat' dir='ltr'>Ac,</span> <span class='ocrx_word' id='word_1_289' title='bbox 1023 2161 1056 2201; x_wconf 86' lang='lat' dir='ltr'>si</span> <span class='ocrx_word' id='word_1_290' title='bbox 1080 2175 1172 2212; x_wconf 89' lang='lat' dir='ltr'>nos,</span> <span class='ocrx_word' id='word_1_291' title='bbox 1194 2163 1234 2195; x_wconf 84' lang='lat'>39</span> <span class='ocrx_word' id='word_1_292' title='bbox 1248 2160 1290 2201; x_wconf 88' lang='lat' dir='ltr'>id</span> <span class='ocrx_word' id='word_1_293' title='bbox 1312 2160 1429 2216; x_wconf 88' lang='lat' dir='ltr'>quod</span> <span class='ocrx_word' id='word_1_294' title='bbox 1453 2161 1642 2201; x_wconf 85' lang='lat' dir='ltr'>maxime</span> <span class='ocrx_word' id='word_1_295' title='bbox 1657 2173 1731 2208; x_wconf 89' lang='grc'>196</span> 
     </span>
     <span class='ocr_line' id='line_1_37' title="bbox 199 2216 1642 2275; baseline 0.003 -19"><span class='ocrx_word' id='word_1_296' title='bbox 199 2216 342 2267; x_wconf 89' lang='lat' dir='ltr'>debet,</span> <span class='ocrx_word' id='word_1_297' title='bbox 377 2229 522 2259; x_wconf 86' lang='lat' dir='ltr'>nostra</span> <span class='ocrx_word' id='word_1_298' title='bbox 556 2219 694 2275; x_wconf 87' lang='lat' dir='ltr'>patria</span> <span class='ocrx_word' id='word_1_299' title='bbox 725 2218 931 2270; x_wconf 87' lang='lat' dir='ltr'>delectat;</span> <span class='ocrx_word' id='word_1_300' title='bbox 977 2218 1100 2273; x_wconf 78' lang='lat' dir='ltr'>cujus</span> <span class='ocrx_word' id='word_1_301' title='bbox 1135 2218 1192 2258; x_wconf 90' lang='lat' dir='ltr'>rei</span> <span class='ocrx_word' id='word_1_302' title='bbox 1232 2227 1352 2260; x_wconf 87' lang='lat' dir='ltr'>tanta</span> <span class='ocrx_word' id='word_1_303' title='bbox 1382 2227 1445 2258; x_wconf 88' lang='lat' dir='ltr'>est</span> <span class='ocrx_word' id='word_1_304' title='bbox 1480 2218 1558 2269; x_wconf 87' lang='lat' dir='ltr'>vis,</span> <span class='ocrx_word' id='word_1_305' title='bbox 1592 2233 1642 2260; x_wconf 90' lang='lat' dir='ltr'>ac</span> 
     </span>
     <span class='ocr_line' id='line_1_38' title="bbox 200 2274 1645 2332; baseline 0.002 -18"><span class='ocrx_word' id='word_1_306' title='bbox 200 2282 320 2320; x_wconf 79' lang='lat' dir='ltr'>tanta</span> <span class='ocrx_word' id='word_1_307' title='bbox 343 2285 506 2327; x_wconf 82' lang='lat' dir='ltr'>natura,</span> <span class='ocrx_word' id='word_1_308' title='bbox 531 2287 576 2317; x_wconf 88' lang='lat' dir='ltr'>ut</span> <span class='ocrx_word' id='word_1_309' title='bbox 600 2276 797 2318; x_wconf 80' lang='lat' dir='ltr'>Ithacam</span> <span class='ocrx_word' id='word_1_310' title='bbox 826 2275 956 2327; x_wconf 81' lang='lat' dir='ltr'>illam,</span> <span class='ocrx_word' id='word_1_311' title='bbox 990 2276 1033 2316; x_wconf 93' lang='lat' dir='ltr'>in</span> <span class='ocrx_word' id='word_1_312' title='bbox 1067 2275 1311 2332; x_wconf 88' lang='lat' dir='ltr'>asperrimis</span> <span class='ocrx_word' id='word_1_313' title='bbox 1345 2274 1521 2326; x_wconf 82' lang='lat' dir='ltr'>saxulis,</span> <span class='ocrx_word' id='word_1_314' title='bbox 1551 2286 1645 2317; x_wconf 89' lang='lat' dir='ltr'>tan-</span> 
     </span>
    </p>
   </div>
   <div class='ocr_carea' id='block_1_3' title="bbox 197 2388 1645 2516">
    <p class='ocr_par' dir='ltr' id='par_1_4' title="bbox 197 2388 1645 2516">
     <span class='ocr_line' id='line_1_39' title="bbox 241 2388 1645 2430; baseline 0.002 -12"><span class='ocrx_word' id='word_1_315' title='bbox 241 2388 281 2418; x_wconf 88' lang='lat'>36</span> <span class='ocrx_word' id='word_1_316' title='bbox 303 2392 340 2418; x_wconf 81' lang='lat' dir='ltr'>ut</span> <span class='ocrx_word' id='word_1_317' title='bbox 353 2390 393 2425; x_wconf 73' lang='lat' dir='ltr'>ei,</span> <span class='ocrx_word' id='word_1_318' title='bbox 417 2400 488 2420; x_wconf 77' lang='lat' dir='ltr'>cum</span> <span class='ocrx_word' id='word_1_319' title='bbox 513 2391 554 2420; x_wconf 77' lang='lat' dir='ltr'>ab</span> <span class='ocrx_word' id='word_1_320' title='bbox 576 2392 632 2421; x_wconf 72' lang='lat' dir='ltr'>hoe</span> <span class='ocrx_word' id='word_1_321' title='bbox 656 2390 751 2430; x_wconf 63' lang='lat' dir='ltr'>dise]</span> <span class='ocrx_word' id='word_1_322' title='bbox 778 2390 824 2421; x_wconf 78' lang='lat' dir='ltr'>Ei</span> <span class='ocrx_word' id='word_1_323' title='bbox 840 2390 898 2420; x_wconf 84' lang='lat' dir='ltr'>ha·</span> <span class='ocrx_word' id='word_1_324' title='bbox 941 2390 996 2420; x_wconf 85' lang='lat' dir='ltr'>sed</span> <span class='ocrx_word' id='word_1_325' title='bbox 1018 2390 1130 2420; x_wconf 79' lang='lat' dir='ltr'>eodem</span> <span class='ocrx_word' id='word_1_326' title='bbox 1157 2389 1255 2420; x_wconf 87' lang='lat' dir='ltr'>modo</span> <span class='ocrx_word' id='word_1_327' title='bbox 1279 2390 1497 2420; x_wconf 72' lang='lat' dir='ltr'>necessarium</span> <span class='ocrx_word' id='word_1_328' title='bbox 1521 2394 1583 2427; x_wconf 88' lang='lat' dir='ltr'>est,</span> <span class='ocrx_word' id='word_1_329' title='bbox 1605 2394 1645 2421; x_wconf 84' lang='lat' dir='ltr'>ut</span> 
     </span>
     <span class='ocr_line' id='line_1_40' title="bbox 197 2429 1644 2473; baseline 0.003 -14"><span class='ocrx_word' id='word_1_330' title='bbox 197 2429 278 2460; x_wconf 87' lang='lat' dir='ltr'>bent</span> <span class='ocrx_word' id='word_1_331' title='bbox 291 2431 361 2461; x_wconf 88' lang='lat' dir='ltr'>edd.</span> <span class='ocrx_word' id='word_1_332' title='bbox 379 2443 426 2472; x_wconf 74' lang='lat' dir='ltr'>pr.</span> <span class='ocrx_word' id='word_1_333' title='bbox 452 2433 565 2470; x_wconf 74' lang='lat' dir='ltr'>Aldus,</span> <span class='ocrx_word' id='word_1_334' title='bbox 582 2434 631 2463; x_wconf 74' lang='lat' dir='ltr'>uti</span> <span class='ocrx_word' id='word_1_335' title='bbox 646 2444 673 2464; x_wconf 80' lang='lat' dir='ltr'>c.</span> <span class='ocrx_word' id='word_1_336' title='bbox 690 2443 720 2463; x_wconf 88' lang='grc' dir='ltr'>α.</span> <span class='ocrx_word' id='word_1_337' title='bbox 736 2434 769 2463; x_wconf 78' lang='lat' dir='ltr'>h.</span> <span class='ocrx_word' id='word_1_338' title='bbox 787 2434 827 2463; x_wconf 76' lang='lat' dir='ltr'>ab</span> <span class='ocrx_word' id='word_1_339' title='bbox 842 2435 899 2463; x_wconf 76' lang='lat' dir='ltr'>hoe</span> <span class='ocrx_word' id='word_1_340' title='bbox 941 2438 1014 2473; x_wconf 85' lang='lat' dir='ltr'>post</span> <span class='ocrx_word' id='word_1_341' title='bbox 1028 2443 1086 2472; x_wconf 80' lang='lat' dir='ltr'>pro</span> <span class='ocrx_word' id='word_1_342' title='bbox 1099 2433 1193 2463; x_wconf 75' lang='lat' dir='ltr'>habet</span> <span class='ocrx_word' id='word_1_343' title='bbox 1208 2432 1370 2462; x_wconf 81' lang='lat' dir='ltr'>scribatur</span> <span class='ocrx_word' id='word_1_344' title='bbox 1384 2433 1520 2462; x_wconf 72' lang='lat' dir='ltr'>habehit.</span> <span class='ocrx_word' id='word_1_345' title='bbox 1558 2433 1644 2463; x_wconf 87' lang='lat' dir='ltr'>Item</span> 
     </span>
     <span class='ocr_line' id='line_1_41' title="bbox 200 2472 1644 2516; baseline 0.003 -15"><span class='ocrx_word' id='word_1_346' title='bbox 200 2472 261 2503; x_wconf 85' lang='lat' dir='ltr'>int.</span> <span class='ocrx_word' id='word_1_347' title='bbox 278 2473 434 2513; x_wconf 77' lang='lat' dir='ltr'>Scaevola‚</span> <span class='ocrx_word' id='word_1_348' title='bbox 450 2486 545 2515; x_wconf 78' lang='lat' dir='ltr'>quem</span> <span class='ocrx_word' id='word_1_349' title='bbox 562 2483 647 2506; x_wconf 81' lang='lat' dir='ltr'>nutu</span> <span class='ocrx_word' id='word_1_350' title='bbox 662 2475 713 2506; x_wconf 87' lang='lat' dir='ltr'>vel</span> <span class='ocrx_word' id='word_1_351' title='bbox 728 2476 830 2516; x_wconf 80' lang='lat' dir='ltr'>digito</span> <span class='ocrx_word' id='word_1_352' title='bbox 844 2476 898 2506; x_wconf 89' lang='lat' dir='ltr'>de·</span> <span class='ocrx_word' id='word_1_353' title='bbox 941 2486 1018 2505; x_wconf 84' lang='lat' dir='ltr'>mox</span> <span class='ocrx_word' id='word_1_354' title='bbox 1035 2476 1195 2515; x_wconf 59' lang='lat' dir='ltr'>proemffs,</span> <span class='ocrx_word' id='word_1_355' title='bbox 1216 2475 1383 2514; x_wconf 78' lang='lat' dir='ltr'>splendore</span> <span class='ocrx_word' id='word_1_356' title='bbox 1405 2474 1552 2505; x_wconf 83' lang='lat' dir='ltr'>dedimus</span> <span class='ocrx_word' id='word_1_357' title='bbox 1574 2475 1644 2506; x_wconf 88' lang='lat' dir='ltr'>sine</span> 
     </span>
    </p>
   </div>
   <div class='ocr_carea' id='block_1_4' title="bbox 199 2517 1643 2642">
    <p class='ocr_par' dir='ltr' id='par_1_5' title="bbox 199 2517 1643 2642">
     <span class='ocr_line' id='line_1_42' title="bbox 199 2517 1643 2557; baseline 0.002 -13"><span class='ocrx_word' id='word_1_358' title='bbox 199 2521 373 2547; x_wconf 81' lang='lat' dir='ltr'>monstrat.</span> <span class='ocrx_word' id='word_1_359' title='bbox 941 2523 1050 2557; x_wconf 75' lang='lat' dir='ltr'>atque,</span> <span class='ocrx_word' id='word_1_360' title='bbox 1080 2517 1166 2557; x_wconf 86' lang='lat' dir='ltr'>quod</span> <span class='ocrx_word' id='word_1_361' title='bbox 1201 2518 1242 2547; x_wconf 87' lang='lat' dir='ltr'>ab</span> <span class='ocrx_word' id='word_1_362' title='bbox 1275 2518 1426 2547; x_wconf 84' lang='lat' dir='ltr'>omnibus</span> <span class='ocrx_word' id='word_1_363' title='bbox 1461 2517 1533 2547; x_wconf 91' lang='lat' dir='ltr'>edd.</span> <span class='ocrx_word' id='word_1_364' title='bbox 1561 2522 1643 2549; x_wconf 83' lang='lat' dir='ltr'>vett.</span> 
     </span>
     <span class='ocr_line' id='line_1_43' title="bbox 241 2560 1310 2600; baseline 0.003 -13"><span class='ocrx_word' id='word_1_365' title='bbox 241 2560 279 2591; x_wconf 81' lang='lat'>37</span> <span class='ocrx_word' id='word_1_366' title='bbox 296 2560 407 2590; x_wconf 72' lang='lat' dir='ltr'>eadem</span> <span class='ocrx_word' id='word_1_367' title='bbox 428 2570 454 2591; x_wconf 83' lang='lat' dir='ltr'>s.</span> <span class='ocrx_word' id='word_1_368' title='bbox 478 2562 565 2590; x_wconf 75' lang='lat' dir='ltr'>elata</span> <span class='ocrx_word' id='word_1_369' title='bbox 584 2571 621 2600; x_wconf 80' lang='lat' dir='ltr'>p.</span> <span class='ocrx_word' id='word_1_370' title='bbox 645 2571 666 2591; x_wconf 84' lang='lat' dir='ltr'>a</span> <span class='ocrx_word' id='word_1_371' title='bbox 682 2560 747 2600; x_wconf 73' lang='lat' dir='ltr'>pL]</span> <span class='ocrx_word' id='word_1_372' title='bbox 774 2560 894 2597; x_wconf 73' lang='lat' dir='ltr'>Elam,</span> <span class='ocrx_word' id='word_1_373' title='bbox 939 2561 1043 2596; x_wconf 76' lang='lat' dir='ltr'>abest,</span> <span class='ocrx_word' id='word_1_374' title='bbox 1056 2566 1095 2590; x_wconf 89' lang='lat' dir='ltr'>ut</span> <span class='ocrx_word' id='word_1_375' title='bbox 1109 2565 1141 2590; x_wconf 83' lang='lat' dir='ltr'>et</span> <span class='ocrx_word' id='word_1_376' title='bbox 1157 2571 1175 2590; x_wconf 83' lang='lat' dir='ltr'>a</span> <span class='ocrx_word' id='word_1_377' title='bbox 1190 2560 1254 2590; x_wconf 73' lang='lat' dir='ltr'>Ms.</span> <span class='ocrx_word' id='word_1_378' title='bbox 1271 2560 1310 2590; x_wconf 89' lang='grc' dir='ltr'>Ε.</span> 
     </span>
     <span class='ocr_line' id='line_1_44' title="bbox 201 2599 1643 2642; baseline 0.002 -14"><span class='ocrx_word' id='word_1_379' title='bbox 201 2599 262 2629; x_wconf 86' lang='lat' dir='ltr'>int.</span> <span class='ocrx_word' id='word_1_380' title='bbox 277 2601 310 2630; x_wconf 86' lang='lat' dir='ltr'>in</span> <span class='ocrx_word' id='word_1_381' title='bbox 320 2602 499 2642; x_wconf 80' lang='lat' dir='ltr'>publicum,</span> <span class='ocrx_word' id='word_1_382' title='bbox 511 2613 554 2633; x_wconf 80' lang='lat' dir='ltr'>sc.</span> <span class='ocrx_word' id='word_1_383' title='bbox 568 2603 748 2633; x_wconf 79' lang='lat' dir='ltr'>scribendo.</span> <span class='ocrx_word' id='word_1_384' title='bbox 763 2614 792 2634; x_wconf 81' lang='lat' dir='ltr'>v,</span> <span class='ocrx_word' id='word_1_385' title='bbox 804 2603 897 2634; x_wconf 81' lang='lat' dir='ltr'>Clav.</span> <span class='ocrx_word' id='word_1_386' title='bbox 982 2605 1022 2636; x_wconf 80' lang='lat'>39</span> <span class='ocrx_word' id='word_1_387' title='bbox 1046 2603 1081 2632; x_wconf 81' lang='lat' dir='ltr'>z&#39;d</span> <span class='ocrx_word' id='word_1_388' title='bbox 1091 2603 1176 2642; x_wconf 79' lang='lat' dir='ltr'>quod</span> <span class='ocrx_word' id='word_1_389' title='bbox 1196 2603 1339 2633; x_wconf 67' lang='lat' dir='ltr'>maxime</span> <span class='ocrx_word' id='word_1_390' title='bbox 1361 2601 1475 2641; x_wconf 53' lang='lat' dir='ltr'>debet]</span> <span class='ocrx_word' id='word_1_391' title='bbox 1494 2603 1557 2632; x_wconf 85' lang='lat' dir='ltr'>int.</span> <span class='ocrx_word' id='word_1_392' title='bbox 1575 2602 1643 2632; x_wconf 82' lang='lat' dir='ltr'>effi-</span> 
     </span>
    </p>
   </div>
   <div class='ocr_carea' id='block_1_5' title="bbox 199 2641 1646 2897">
    <p class='ocr_par' dir='ltr' id='par_1_6' title="bbox 202 2641 1645 2728">
     <span class='ocr_line' id='line_1_45' title="bbox 202 2641 1643 2686; baseline 0.003 -16"><span class='ocrx_word' id='word_1_393' title='bbox 202 2642 235 2671; x_wconf 87' lang='lat' dir='ltr'>in</span> <span class='ocrx_word' id='word_1_394' title='bbox 251 2641 378 2683; x_wconf 61' lang='lat' dir='ltr'>ester-re.</span> <span class='ocrx_word' id='word_1_395' title='bbox 403 2645 482 2675; x_wconf 88' lang='lat' dir='ltr'>Edd.</span> <span class='ocrx_word' id='word_1_396' title='bbox 498 2656 546 2686; x_wconf 88' lang='lat' dir='ltr'>pr.</span> <span class='ocrx_word' id='word_1_397' title='bbox 562 2648 642 2676; x_wconf 81' lang='lat' dir='ltr'>lata.</span> <span class='ocrx_word' id='word_1_398' title='bbox 656 2646 720 2676; x_wconf 88' lang='lat' dir='ltr'>Ms.</span> <span class='ocrx_word' id='word_1_399' title='bbox 737 2646 774 2676; x_wconf 91' lang='lat' dir='ltr'>E.</span> <span class='ocrx_word' id='word_1_400' title='bbox 795 2647 895 2676; x_wconf 78' lang='lat' dir='ltr'>elata.</span> <span class='ocrx_word' id='word_1_401' title='bbox 939 2654 1022 2675; x_wconf 83' lang='lat' dir='ltr'>cere.</span> <span class='ocrx_word' id='word_1_402' title='bbox 1068 2645 1129 2674; x_wconf 86' lang='lat' dir='ltr'>Sed</span> <span class='ocrx_word' id='word_1_403' title='bbox 1151 2655 1236 2685; x_wconf 66' lang='lat' dir='ltr'>saepe</span> <span class='ocrx_word' id='word_1_404' title='bbox 1258 2645 1414 2675; x_wconf 85' lang='lat' dir='ltr'>inclinavi</span> <span class='ocrx_word' id='word_1_405' title='bbox 1432 2643 1506 2681; x_wconf 85' lang='lat' dir='ltr'>hue,</span> <span class='ocrx_word' id='word_1_406' title='bbox 1523 2649 1561 2675; x_wconf 88' lang='lat' dir='ltr'>ut</span> <span class='ocrx_word' id='word_1_407' title='bbox 1583 2655 1643 2685; x_wconf 90' lang='lat' dir='ltr'>pu-</span> 
     </span>
     <span class='ocr_line' id='line_1_46' title="bbox 245 2686 1645 2728; baseline 0.001 -14"><span class='ocrx_word' id='word_1_408' title='bbox 245 2687 284 2715; x_wconf 76' lang='lat'>33</span> <span class='ocrx_word' id='word_1_409' title='bbox 307 2687 462 2717; x_wconf 70' lang='lat' dir='ltr'>contineri</span> <span class='ocrx_word' id='word_1_410' title='bbox 474 2689 620 2728; x_wconf 61' lang='lat' dir='ltr'>videbit]</span> <span class='ocrx_word' id='word_1_411' title='bbox 640 2689 692 2719; x_wconf 87' lang='lat' dir='ltr'>Sic</span> <span class='ocrx_word' id='word_1_412' title='bbox 709 2688 781 2719; x_wconf 88' lang='lat' dir='ltr'>edd.</span> <span class='ocrx_word' id='word_1_413' title='bbox 798 2698 845 2728; x_wconf 86' lang='lat' dir='ltr'>pr.</span> <span class='ocrx_word' id='word_1_414' title='bbox 862 2692 896 2717; x_wconf 84' lang='lat' dir='ltr'>et</span> <span class='ocrx_word' id='word_1_415' title='bbox 937 2692 1044 2717; x_wconf 82' lang='lat' dir='ltr'>tarem</span> <span class='ocrx_word' id='word_1_416' title='bbox 1068 2697 1181 2717; x_wconf 85' lang='lat' dir='ltr'>verum</span> <span class='ocrx_word' id='word_1_417' title='bbox 1206 2697 1274 2718; x_wconf 73' lang='lat' dir='ltr'>esse</span> <span class='ocrx_word' id='word_1_418' title='bbox 1291 2688 1388 2717; x_wconf 80' lang='lat' dir='ltr'>dec-et.</span> <span class='ocrx_word' id='word_1_419' title='bbox 1434 2687 1526 2723; x_wconf 88' lang='lat' dir='ltr'>Mox,</span> <span class='ocrx_word' id='word_1_420' title='bbox 1550 2686 1645 2727; x_wconf 75' lang='lat' dir='ltr'>cujus</span> 
     </span>
    </p>

    <p class='ocr_par' dir='ltr' id='par_1_7' title="bbox 202 2725 1645 2770">
     <span class='ocr_line' id='line_1_47' title="bbox 202 2725 1645 2770; baseline 0.002 -15"><span class='ocrx_word' id='word_1_421' title='bbox 202 2725 248 2756; x_wconf 84' lang='lat' dir='ltr'>sic</span> <span class='ocrx_word' id='word_1_422' title='bbox 262 2733 435 2759; x_wconf 72' lang='lat' dir='ltr'>contextus</span> <span class='ocrx_word' id='word_1_423' title='bbox 452 2731 599 2770; x_wconf 82' lang='lat' dir='ltr'>requirit,</span> <span class='ocrx_word' id='word_1_424' title='bbox 614 2731 800 2761; x_wconf 56' lang='lat' dir='ltr'>secundum*</span> <span class='ocrx_word' id='word_1_425' title='bbox 809 2741 898 2761; x_wconf 87' lang='lat' dir='ltr'>com·</span> <span class='ocrx_word' id='word_1_426' title='bbox 941 2731 989 2759; x_wconf 73' lang='lat' dir='ltr'>rei</span> <span class='ocrx_word' id='word_1_427' title='bbox 1003 2734 1099 2760; x_wconf 75' lang='lat' dir='ltr'>tanta</span> <span class='ocrx_word' id='word_1_428' title='bbox 1112 2735 1158 2760; x_wconf 78' lang='lat' dir='ltr'>esc</span> <span class='ocrx_word' id='word_1_429' title='bbox 1169 2731 1217 2761; x_wconf 75' lang='lat' dir='ltr'>vis</span> <span class='ocrx_word' id='word_1_430' title='bbox 1227 2731 1285 2761; x_wconf 85' lang='lat' dir='ltr'>&amp;c.</span> <span class='ocrx_word' id='word_1_431' title='bbox 1300 2730 1407 2760; x_wconf 85' lang='lat' dir='ltr'>intell.</span> <span class='ocrx_word' id='word_1_432' title='bbox 1417 2729 1645 2760; x_wconf 78' lang='lat' dir='ltr'>delectationis</span> 
     </span>
    </p>

    <p class='ocr_par' dir='ltr' id='par_1_8' title="bbox 202 2771 1646 2814">
     <span class='ocr_line' id='line_1_48' title="bbox 202 2771 1646 2814; baseline 0.001 -14"><span class='ocrx_word' id='word_1_433' title='bbox 202 2777 336 2800; x_wconf 82' lang='lat' dir='ltr'>munem</span> <span class='ocrx_word' id='word_1_434' title='bbox 350 2771 489 2803; x_wconf 85' lang='lat' dir='ltr'>formam</span> <span class='ocrx_word' id='word_1_435' title='bbox 502 2785 508 2802; x_wconf 85' lang='lat' dir='ltr'><strong><em>z</em></strong></span> <span class='ocrx_word' id='word_1_436' title='bbox 533 2773 598 2803; x_wconf 72' lang='lat' dir='ltr'>sive</span> <span class='ocrx_word' id='word_1_437' title='bbox 609 2783 704 2813; x_wconf 81' lang='lat' dir='ltr'>quem</span> <span class='ocrx_word' id='word_1_438' title='bbox 727 2775 773 2804; x_wconf 78' lang='lat' dir='ltr'>al.</span> <span class='ocrx_word' id='word_1_439' title='bbox 788 2774 899 2803; x_wconf 81' lang='lat' dir='ltr'>studia</span> <span class='ocrx_word' id='word_1_440' title='bbox 941 2774 1023 2812; x_wconf 64' lang='lat' dir='ltr'>ejrm,</span> <span class='ocrx_word' id='word_1_441' title='bbox 1047 2782 1144 2811; x_wconf 88' lang='lat' dir='ltr'>quam</span> <span class='ocrx_word' id='word_1_442' title='bbox 1159 2773 1266 2814; x_wconf 79' lang='lat' dir='ltr'>patria</span> <span class='ocrx_word' id='word_1_443' title='bbox 1281 2772 1382 2804; x_wconf 79' lang='lat' dir='ltr'>habet</span> <span class='ocrx_word' id='word_1_444' title='bbox 1396 2772 1432 2803; x_wconf 87' lang='lat' dir='ltr'>in</span> <span class='ocrx_word' id='word_1_445' title='bbox 1454 2771 1572 2803; x_wconf 85' lang='lat' dir='ltr'>animis</span> <span class='ocrx_word' id='word_1_446' title='bbox 1586 2771 1646 2802; x_wconf 84' lang='lat' dir='ltr'>ho·</span> 
     </span>
    </p>

    <p class='ocr_par' dir='ltr' id='par_1_9' title="bbox 203 2812 1084 2855">
     <span class='ocr_line' id='line_1_49' title="bbox 203 2812 1084 2855; baseline 0.008 -15"><span class='ocrx_word' id='word_1_447' title='bbox 203 2812 363 2843; x_wconf 73' lang='lat' dir='ltr'>delectant</span> <span class='ocrx_word' id='word_1_448' title='bbox 371 2815 529 2845; x_wconf 72' lang='lat' dir='ltr'>——sive—</span> <span class='ocrx_word' id='word_1_449' title='bbox 535 2825 590 2845; x_wconf 77' lang='lat' dir='ltr'>eon</span> <span class='ocrx_word' id='word_1_450' title='bbox 595 2820 656 2845; x_wconf 80' lang='lat' dir='ltr'>tem</span> <span class='ocrx_word' id='word_1_451' title='bbox 655 2816 901 2855; x_wconf 76' lang='lat' dir='ltr'>pletur——vz&#39;de-</span> <span class='ocrx_word' id='word_1_452' title='bbox 942 2815 1084 2847; x_wconf 82' lang='lat' dir='ltr'>minum.</span> 
     </span>
    </p>

    <p class='ocr_par' dir='ltr' id='par_1_10' title="bbox 199 2855 896 2897">
     <span class='ocr_line' id='line_1_50' title="bbox 199 2855 896 2897; baseline 0.009 -13"><span class='ocrx_word' id='word_1_453' title='bbox 199 2855 256 2892; x_wconf 65' lang='lat' dir='ltr'>bit.</span> <span class='ocrx_word' id='word_1_454' title='bbox 300 2855 388 2886; x_wconf 78' lang='lat' dir='ltr'>Bene</span> <span class='ocrx_word' id='word_1_455' title='bbox 417 2858 517 2897; x_wconf 80' lang='lat' dir='ltr'>igitur</span> <span class='ocrx_word' id='word_1_456' title='bbox 542 2859 587 2889; x_wconf 87' lang='lat' dir='ltr'>sic</span> <span class='ocrx_word' id='word_1_457' title='bbox 615 2858 704 2889; x_wconf 89' lang='lat' dir='ltr'>dedit</span> <span class='ocrx_word' id='word_1_458' title='bbox 728 2859 896 2890; x_wconf 80' lang='lat' dir='ltr'>Pearcius:</span> 
     </span>
    </p>
   </div>
  </div>
 </body>
</html>
