1945 3235
692 109 976 168 ORATOR

95 240 200 279 ,tura
224 248 392 290 usuque
415 235 659 277 verborum.
685 233 858 290 longius
880 241 1041 281 autem,
1064 246 1194 287 quam
1226 235 1426 277 instituta
1446 232 1558 278 ratio

104 292 368 345 postulabat.
431 294 514 336 Sed
546 293 648 349 quia
678 306 833 343 rerum,
856 290 1173 344 verborumque
1196 291 1429 345 judicium,
1457 304 1557 349 prus
1571 297 1643 353 49

104 347 264 391 dentiae
287 360 376 393 est:
409 366 567 393 vocum
597 362 756 399 autem,
778 358 822 389 et
843 361 1137 398 numerorum,
1160 362 1281 389 aures
1313 359 1412 390 sunt
1435 351 1557 405 judi-

102 419 199 448 ces:
230 418 289 459 et,
310 409 428 463 quod
459 409 531 450 illa
551 409 603 450 ad
635 405 967 461 intelligentiam
998 404 1373 456 1·eferuntur,haec
1405 408 1458 448 ad
1482 423 1556 449 vo-

102 461 338 519 luptatem3
372 465 415 506 in
447 466 528 507 illis
565 465 675 505 ratio
707 463 886 514 invenit,
916 462 960 503 in
1002 462 1066 502 his
1103 477 1250 503 sensus
1289 473 1438 504 artem.
1482 474 1557 506 aut

101 521 218 562 enim
251 523 511 579 negligenda
531 522 656 563 nobis
679 519 764 561 fuit
787 519 983 576 voluptas
1006 534 1170 570 eorum,
1193 520 1350 575 quibus
1384 522 1554 575 probari

103 579 368 631 volebamus,
390 590 464 621 aut
486 594 551 620 ars
572 578 666 633 ejus
688 578 973 619 conciliandae
996 579 1263 633 reperienda.
1316 577 1430 619 Duae
1455 590 1554 619 sunt
1572 596 1642 631 163

100 635 237 692 igitur
269 652 348 688 res,
379 652 477 691 quae
512 635 807 692 permulceant
838 650 975 686 aures,
999 650 1116 676 sonus
1150 646 1193 676 et
1223 649 1423 676 uumerus.

101 707 282 735 numero
317 708 436 746 mox,
470 709 584 735 nunc
617 693 671 734 de
701 709 807 735 sono
841 695 1090 749 quaerimus.

100 750 310 802 diximus)
332 751 516 807 legenda
537 761 636 792 sunt
669 751 944 808 potissimum
977 751 1086 792 bene
1117 751 1329 798 sonantia,
1359 754 1398 782 38
1411 751 1482 791 sed
1506 765 1558 792 ea.

1487 635 1554 677 De

96 822 185 849 non
216 817 264 848 ut
295 809 456 865 poetas,
489 809 706 864 exquisna
737 809 790 850 ad
823 823 992 859 sonum,
1031 808 1105 849 sed
1135 817 1278 849 sumta
1306 808 1358 849 de
1393 808 1556 850 medio.

94 868 137 899 39
151 863 245 910 Qua
269 873 400 920 ponto
427 867 481 908 ab
513 866 668 918 Helles,
701 876 874 922 superat
905 866 1109 908 modum:
1142 875 1202 918 at,
1236 865 1420 906 Auratos
1450 866 1557 907 aries

98 919 357 975 Colchorum,
397 924 632 981 splendidis
674 925 923 965 nominibus
964 923 1230 964 illuminatus
1270 932 1335 964 est
1376 938 1555 966 versus:

94 979 169 1020 sed
194 981 417 1036 proximus
442 982 689 1038 inquinatus
719 981 1023 1023 insuavissima
1045 981 1187 1022 littera
1211 981 1373 1032 finitus,
1398 980 1553 1037 Frugi·-

80 1034 185 1092 fera
209 1045 247 1079 et
253 1037 390 1095 jerca'
411 1044 563 1081 40arva
585 1039 697 1080 Asiae
718 1047 839 1081 tenet.

901 1040 1049 1087 Quare
1079 1039 1272 1080 bonitate
1305 1039 1450 1094 potius
1473 1053 1551 1079 no--

96 1103 283 1137 strorum
318 1098 548 1140 verborum
581 1106 768 1149 utamur,
796 1101 978 1152 41quain
1016 1096 1243 1153 splendore
1278 1096 1551 1148 Graecorum,

95 1152 179 1193 nisi
202 1152 314 1195 forte
346 1155 407 1196 sic
430 1155 546 1212 loqui
578 1156 781 1212 poenitet,
809 1154 904 1200 Qua
927 1161 1160 1210 tempestate
1180 1153 1308 1196 Paris
1331 1152 1552 1206 Helenam,

96 1219 141 1250 et
162 1225 260 1266 quae
285 1226 384 1268 sequ
394 1223 535 1255 untur.

95 1281 181 1322 que
213 1268 447 1325 fugiamus,
481 1271 630 1312 Habeo
665 1271 783 1312 istam
815 1285 886 1327 ego
909 1270 1265 1326 perterricrepam.

98 1322 142 1365 V
137 1326 405 1383 ersutiloquas
424 1328 622 1370 malitias.

598 1213 739 1254 Immo
765 1227 863 1254 vero
887 1213 969 1254 ista
990 1227 1232 1268 sequamur,
1253 1212 1553 1268 asperitatem-

1327 1268 1552 1325 Idemque,

152 1384 248 1426 Nec
280 1385 417 1426 solum
440 1395 758 1443 componentur
781 1386 910 1426 verba
933 1386 1112 1436 ratione,
1145 1384 1217 1425 sed
1242 1384 1372 1426 etiam
1398 1385 1552 1427 finien-

93 1449 177 1493 tur,
207 1442 413 1497 quoniam
456 1444 499 1484 id
530 1443 749 1500 judicium
784 1458 875 1484 esse
918 1443 1096 1484 alterum
1133 1442 1303 1483 aurium
1343 1443 1550 1485 diximus.

93 1499 178 1541 Sed
210 1500 419 1542 finiuntur
451 1512 526 1543 aut
556 1502 874 1557 compositione
906 1501 1012 1557 ipsa,
1043 1511 1086 1541 et
1119 1500 1240 1555 quasi
1272 1515 1349 1541 sua
1379 1512 1552 1557 sponte,

92 1566 169 1598 aut
196 1558 386 1613 quodam
418 1573 574 1615 genere
610 1560 853 1609 verborum,
888 1558 930 1598 in
957 1559 1114 1614 quibus
1147 1558 1250 1614 ipsis
1273 1558 1548 1600 concinnitas

90 1614 229 1658 inest:
261 1631 359 1671 quae
390 1617 479 1658 sive
500 1632 623 1658 casus
648 1616 809 1657 liabent
840 1617 883 1657 in
906 1617 1028 1656 exitu
1051 1615 1226 1666 similes,
1249 1615 1338 1656 sive
1371 1617 1547 1672 paribus

91 1673 213 1728 paria
242 1674 494 1726 redduntur,
527 1675 616 1715 sive
645 1685 927 1730 opponuntur
948 1675 1178 1724 contraria,
1210 1684 1362 1729 suapte
1392 1684 1548 1716 natura

90 1744 320 1771 numerosa
341 1742 456 1783 sunt,
477 1732 646 1773 etiamsi
668 1732 776 1772 nihil
798 1742 863 1772 est
886 1731 1050 1772 factum
1074 1732 1127 1773 de
1148 1731 1374 1773 industria.
1436 1735 1478 1763 42
1493 1732 1542 1774 In
1562 1759 1634 1794 165

90 1787 221 1843 hujus
237 1789 545 1831 concinnitatis
567 1790 892 1831 consectatione
912 1789 1125 1845 Gorgiam
1147 1788 1278 1829 fuisse
1303 1789 1544 1846 principem

89 1846 351 1902 accepimus,
384 1862 471 1903 quo
503 1848 556 1889 de
588 1862 746 1905 genere
778 1847 851 1888 illa
882 1857 1030 1888 nostra
1063 1857 1163 1888 sunt
1197 1847 1241 1888 in
1272 1846 1544 1892 Miloniana:

130 1961 171 1990 38
193 1960 251 1991 sed
259 1970 299 1991 ea
315 1971 378 1992 non
391 1965 428 1991 ut
440 1962 554 2002 poe'tae]
579 1962 737 1993 Refertur
751 1961 792 1992 ad

87 2001 227 2040 legenda
241 2009 319 2035 sunt
327 2017 339 2038 ,·
363 2004 449 2035 unde
465 2005 731 2045 intelligendum,
746 2004 792 2035 le-

88 2050 185 2084 gunt.

130 2089 171 2121 39
193 2087 274 2129 ‚Qua
297 2092 394 2128 ponto
420 2090 462 2119 ab
485 2089 613 2130 Helles]
655 2091 707 2120 Sic
733 2101 792 2131 pro

87 2129 176 2169 vulg.
188 2140 254 2170 qua
268 2130 398 2161 Pontus
411 2132 535 2170 Helles,
548 2133 631 2164 edidi
646 2145 663 2164 e
676 2135 790 2164 Senec.

86 2182 138 2212 ep.
155 2175 207 2203 81.
224 2173 310 2204 unde
332 2179 366 2204 et
382 2174 510 2215 Lipsius
526 2175 571 2206 sie
591 2177 686 2206 scribi
706 2176 793 2207 vole-

86 2214 156 2251 bat,
183 2225 259 2246 cum
289 2217 444 2246 Grutero.
487 2218 610 2258 Quodsi
635 2229 653 2249 e
680 2218 792 2249 Nonio

85 2267 186 2298 supra
209 2263 339 2298 recepta
353 2264 404 2289 est
425 2259 543 2290 lectio:
569 2261 681 2300 quidni
705 2261 791 2292 mul-

87 2304 123 2329 to
145 2301 250 2339 magis
274 2302 398 2332 Seneca
419 2308 536 2334 auctor
557 2303 693 2334 idoneus
720 2304 787 2335 sit?

85 2342 131 2373 Et
160 2342 290 2374 Pontus
318 2344 411 2374 nullo
441 2346 538 2376 modo
569 2351 695 2376 rectum
721 2357 789 2378 esse

84 2389 208 2425 potest,
223 2387 299 2425 quia
312 2387 360 2417 ita
374 2397 442 2417 non
457 2393 629 2429 superaret
645 2390 790 2427 modum,

83 2432 124 2458 ut
139 2428 254 2458 Cicero
269 2429 419 2468 judicat:
447 2439 525 2461 nam
548 2431 580 2461 id
603 2439 665 2468 est,
692 2432 789 2462 nimis

85 2479 206 2501 sonans
232 2480 302 2502 esse
329 2471 403 2509 hoc,
433 2474 520 2512 quod
545 2473 638 2504 nulla
657 2474 787 2514 quidem

85 2513 204 2544 vocalis
230 2514 368 2545 obscura
396 2515 493 2546 insit:
525 2516 612 2555 quod
635 2526 726 2546 secus
753 2517 787 2547 in

84 2554 190 2585 altero
211 2561 347 2587 auratos
370 2559 429 2589 &c.
444 2559 500 2589 ubi
523 2565 601 2589 sunt
617 2558 703 2594 duae,
719 2559 740 2589 i.
754 2564 788 2589 et

84 2607 119 2628 u.
163 2597 207 2628 At
230 2600 262 2628 in
280 2599 415 2639 vulgata
437 2601 579 2632 lectione
600 2603 635 2631 in
661 2601 790 2632 Pontus

83 2645 136 2670 est
154 2640 232 2671 talis
248 2643 385 2673 vocalis:
409 2645 497 2683 quod
510 2653 602 2674 secus
616 2650 666 2674 est
683 2644 716 2674 in
737 2655 788 2683 ea,

84 2692 183 2722 quam
203 2684 395 2724 recepimus.

125 2728 168 2755 40
189 2735 274 2756 arva
289 2727 373 2758 Asz’ae
386 2728 485 2768 tenet]
512 2728 573 2760 Ed.
589 2729 672 2760 Ven.
689 2728 789 2759 habet

84 2767 166 2798 Asia
193 2777 278 2798 arva
304 2773 400 2801 tenet.
431 2771 551 2802 Manus
580 2771 678 2802 docta
705 2780 789 2802 corr.

84 2810 181 2841 Astas-
197 2822 214 2841 e
230 2811 295 2841 Ms.
310 2817 344 2842 et
360 2812 462 2851 addit,
477 2814 564 2845 Asioe
580 2814 670 2845 alias.

125 2856 162 2884 41
188 2863 287 2893 quam
301 2856 468 2894 splendore
494 2856 697 2897 Graecorum]
724 2856 743 2886 i.
759 2866 787 2886 e.

83 2894 268 2936 frequentia
281 2898 468 2937 verborum,
491 2899 524 2930 in
550 2899 667 2940 quibus
690 2907 790 2930 merae

835 1961 963 1992 vocales
980 1962 1099 1992 clarius
1113 1964 1282 1997 sonanteS,
1299 1971 1364 2001 qua
1378 1960 1547 1993 delectan—

834 2010 892 2034 tur
921 2004 1040 2041 Graeci,
1071 2002 1221 2044 inprimis
1248 2007 1367 2044 poetae.
1411 2004 1452 2035 In
1479 2005 1547 2036 fine

835 2057 896 2088 pro
919 2048 1068 2087 idemque
1092 2046 1199 2086 legam
1225 2046 1384 2086 itemque.-
1408 2056 1484 2077 nam
1504 2047 1547 2078 ad

836 2093 971 2130 poetam
988 2090 1121 2125 referre,
1136 2088 1191 2128 qui
1208 2089 1328 2119 dixerit
1343 2089 1443 2125 idem,
1457 2090 1545 2129 quod

836 2133 1036 2172 praecesserit
1058 2140 1093 2162 et
1119 2130 1205 2172 quod
1223 2132 1393 2171 sequitui-5
1417 2132 1449 2162 id
1474 2133 1546 2172 qui·

836 2174 911 2205 dem
928 2185 994 2205 non
1010 2175 1129 2215 placet.

876 2220 918 2248 42
953 2218 995 2248 In
1024 2220 1055 2248 lz.
1086 2218 1231 2247 concinn.
1258 2218 1545 2247 consectatione-—

827 2259 1029 2300 principem]
1067 2260 1155 2300 Quia
1191 2260 1382 2290 consectatio
1415 2264 1545 2291 οοησιή.

833 2304 950 2333 nitatis
964 2309 1014 2333 est
1031 2304 1064 2333 in
1090 2303 1184 2338 vitio,
1202 2311 1268 2332 non
1284 2303 1363 2332 satis
1375 2302 1405 2331 ei
1424 2309 1543 2343 aptum

827 2347 988 2385 principis
1012 2345 1148 2376 verbum
1176 2344 1322 2374 videtur:
1353 2343 1408 2374 sed
1435 2355 1542 2375 eonse-

832 2390 973 2418 emtione
999 2388 1139 2418 fortasse
1171 2387 1328 2417 vitiosum
1364 2386 1540 2427 videatur3

833 2430 1073 2470 legendumque
1088 2441 1163 2460 cum
1178 2429 1355 2465 Lambino,
1371 2429 1542 2470 confectio-

832 2483 884 2510 ne,
900 2473 986 2513 quod
1003 2473 1058 2503 ille
1073 2482 1107 2503 se
1131 2474 1164 2502 in
1182 2472 1244 2502 Ms.
1265 2471 1422 2511 reperisse
1445 2472 1540 2511 dicit,

836 2516 910 2552 (nos
926 2517 960 2546 in
979 2516 1063 2554 Vit.)
1090 2520 1124 2545 et
1149 2515 1210 2545 hoc
1231 2514 1307 2544 dare
1331 2513 1469 2545 fortasse
1484 2525 1542 2545 νο-Ι

831 2557 930 2589 luisse
959 2558 1031 2589 edd.
1062 2558 1145 2588 Ven.
1176 2556 1266 2587 Med.
1305 2565 1379 2596 quae
1414 2556 1540 2589 habent

831 2602 1036 2631 consec-tione.
1054 2600 1109 2631 sed
1127 2600 1159 2630 id
1174 2603 1285 2640 potest
1300 2599 1402 2629 etiam
1417 2610 1435 2630 e
1449 2610 1540 2631 com.

832 2643 952 2683 pendio
980 2648 1096 2673 natum
1125 2652 1207 2678 esse,
1239 2647 1297 2673 aut
1323 2640 1404 2671 vitio
1425 2652 1539 2682 opera-

833 2696 918 2723 rum,
935 2696 994 2726 pro
1013 2686 1244 2721 consecutione,
1259 2683 1345 2723 quod
1365 2683 1465 2714 hahet
1487 2685 1538 2716 ed.

832 2727 922 2768 Lips.
946 2738 1005 2758 nec
1025 2727 1135 2758 differt
1158 2738 1177 2757 a
1199 2725 1462 2757 consectatione:
1487 2727 1540 2757 vel

833 2774 1024 2801 consectatio
1039 2770 1146 2801 lenius
1169 2769 1234 2800 diei
1249 2774 1348 2808 atque
1364 2768 1398 2798 in
1414 2769 1538 2799 bonam

833 2821 975 2853 partem,
998 2817 1037 2842 ut
1059 2813 1194 2843 verbum
1219 2810 1397 2843 consectari
1417 2810 1539 2852 ipsum,

833 2856 884 2886 vel
904 2856 1089 2896 principem
1118 2854 1180 2885 diei
1204 2854 1244 2885 de
1267 2858 1422 2884 auctore:
1453 2853 1539 2893 quod

832 2897 997 2938 optimum
1013 2896 1155 2929 videtur.
1171 2907 1198 2928 ν.
1215 2907 1244 2928 c.
1260 2899 1313 2930 52.

752 2947 882 2984 Nn3

1488 133 1566 172 549

1153 694 1296 734 Verba
1331 698 1398 747 (ut
1429 707 1558 749 supra

1567 1061 1642 1099 164
