1945 3235
631 84 817 124 LIBER
849 85 1126 124 TERTms.
1530 91 1613 126 411:

157 190 231 231 s'ed
265 190 306 233 in
347 206 521 234 suorum
561 192 790 233 verborum
828 190 1020 231 maxima
1050 189 1192 246 copia,
1232 197 1378 234 tamen
1409 192 1605 234 homines

157 247 296 290 aliena
319 251 454 292 multo
478 250 628 306 magiS,
652 249 685 290 si
710 257 808 290 sunt
829 248 995 289 ratione
1018 247 1237 297 translata,
1261 248 1491 291 delectant.
1553 251 1606 292 ld
1623 253 1696 287 160

157 307 352 348 accidere
391 309 534 359 credo,
566 307 630 347 vel
662 307 777 362 quod
816 305 980 362 ingenii
1020 305 1238 361 specimen
1279 316 1343 346 est
1373 308 1606 361 quoddam,

158 365 373 407 transilire
395 374 495 407 ante
525 365 654 421 pedes
685 364 843 420 posita,
866 373 909 404 et
935 363 1019 403 alia
1050 365 1177 419 longe
1207 364 1393 418 repetita
1417 379 1607 408 sumere:

157 422 225 462 vel
257 425 372 478 quod
404 424 453 473 is,
476 423 549 478 qui
580 422 714 471 audit,
741 421 824 462 alio
853 421 1026 462 ducitur
1060 421 1344 477 cogitatione,
1372 435 1511 477 neque
1545 432 1609 464 ta-

156 493 255 520 men
272 483 466 532 aberrat3
498 495 595 535 quae
614 480 806 519 maxima
821 489 885 519 est
908 478 1137 519 delectatio
1157 495 1166 520 :
1200 478 1265 519 vel
1289 479 1404 534 quod
1428 480 1608 535 singulis

156 538 297 578 verbis
322 553 384 579 res
407 553 456 579 ac
478 546 617 578 totum
642 536 779 577 simile
793 536 1047 578 conficitur:
1082 536 1148 577 vel
1169 537 1285 591 quod
1309 536 1449 577 omnis
1471 549 1607 577 trans-

153 593 274 646 latio,
296 598 442 650 5’9quae
476 594 651 649 quidem
681 603 823 635 sumta
854 595 1022 635 ratione
1043 603 1122 644 est,
1145 595 1198 635 ad
1223 608 1369 635 sensus
1393 595 1509 650 ipsos
1531 595 1607 636 ad-

155 662 368 703 movetur,
390 655 580 693 maxime
594 652 833 701 oculorum,
853 652 927 707 qui
950 662 1017 693 est
1037 666 1184 692 sensus
1207 653 1454 693 acerrimus.
1490 653 1606 694 Nam
1622 661 1701 697 161.-

155 718 198 749 et
231 710 330 750 odor
362 710 634 761 urbanitatis,
676 721 720 750 et
751 708 966 751 moll-itudo
1005 709 1304 760 humanitatis,
1340 721 1383 750 et
1425 725 1610 752 murmur

153 767 298 817 maris,
321 776 365 808 et
387 767 604 809 30dulce<l0
624 768 848 819 orationis,
873 778 973 808 sunt
1001 768 1132 808 ducta
1154 783 1179 808 a
1207 768 1361 808 ceteris
1385 768 1606 812 sensibus:

154 823 226 865 illa
260 839 360 866 vero
398 826 621 867 oculorum
654 826 791 867 multo
825 827 1004 877 acriora,
1048 840 1146 880 quae
1192 835 1362 881 ponunt
1402 841 1526 882 paene
1564 827 1610 868 in

153 893 392 939 conspectu
435 884 583 935 animi,
618 899 716 939 quae
756 898 930 924 cernere
968 893 1011 924 et
1052 884 1195 924 videre
1234 898 1321 925 non
1365 899 1608 940 possumus.

154 939 278 981 Nihil
300 951 365 982 est
387 942 501 982 enim
526 943 568 982 in
593 957 733 982 rerum
757 952 926 993 natura,
949 941 1073 997 cnjus
1095 956 1171 982 nos
1190 956 1277 982 non
1302 942 1342 982 in
1370 942 1463 983 aliis
1483 944 1609 984 rebus

152 998 367 1053 possimus
401 1000 464 1040 uti
502 1000 712 1041 vocabulo
747 1010 790 1041 et
822 1000 1012 1040 nomine.
1044 999 1158 1039 unde
1190 1000 1306 1040 enim
1340 1000 1478 1041 simile
1508 1001 1608 1043 duci

153 1066 311 1111 potest,
335 1062 499 1113 (potest
533 1070 677 1099 alitem
707 1072 761 1098 ex
785 1058 1022 1108 omnibus,)
1046 1057 1237 1097 indidem
1261 1058 1437 1099 verbum
1458 1073 1608 1112 unum,

153 1115 269 1168 quod
305 1115 633 1157 similitudinem
662 1116 872 1167 continet,
906 1114 1175 1165 translatum,
1199 1115 1342 1156 lumen
1367 1115 1492 1157 affert
1513 1132 1609 1159 ora-

153 1171 278 1213 tioni.
341 1173 442 1220 Quo
475 1175 518 1214 in
549 1188 706 1228 genere
728 1170 917 1230 primum
940 1173 1150 1229 fugienda
1179 1183 1243 1213 est
1273 1173 1697 1218 dissi1nilitud02162

157 1226 262 1271 Caeli
290 1230 474 1288 ingentes
491 1227 693 1288 foi-uices.
726 1233 924 1287 quamvis
947 1230 1216 1287 31sphaeram
1251 1231 1296 1271 in
1333 1246 1507 1274 scenam
1539 1238 1607 1287 (ut

152 1286 330 1337 dicitur)
359 1290 552 1331 attulerit
581 1289 773 1343 Ennius;
808 1299 952 1330 tamen
986 1289 1030 1330 in
1053 1288 1224 1345 sphaera
1255 1289 1434 1332 fornicis
1458 1291 1607 1332 simili-

150 1345 257 1387 tudo
276 1361 363 1388 non
386 1357 530 1404 potest
552 1348 704 1389 inesse.

561 1423 666 1459 -Vive
685 1423 838 1471 LUysses,
857 1423 942 1458 a'um
962 1423 1046 1458 licet
1059 1439 1071 1458 .-

360 1476 484 1511 Oculz's
498 1481 723 1524 postremum
745 1476 861 1511 lumen
882 1476 922 1504 32
938 1477 1126 1511 radiatum
1145 1487 1244 1523 rape.

150 1569 239 1595 non
270 1553 398 1604 dixit,
426 1569 552 1609 cape‚·
585 1569 686 1605 non,
708 1562 829 1609 pete.-
861 1553 1040 1595 haberet
1063 1554 1176 1595 enim
1210 1569 1375 1595 moram
1399 1557 1609 1612 sperantis

151 1612 315 1654 diutius
337 1626 429 1652 esse
464 1627 554 1653 sese
582 1613 822 1664 victurum3
855 1613 926 1654 sed
950 1627 1063 1667 rape.
1096 1613 1178 1653 hoc
1202 1614 1381 1654 verbum
1407 1624 1471 1654 est
1493 1615 1544 1655 ad
1565 1615 1609 1656 id

152 1679 365 1725 aptatum,
388 1670 501 1725 quod
541 1680 641 1711 ante
671 1671 855 1721 dixerat,
879 1670 975 1711 dnm
1003 1670 1110 1711 licet.
1173 1670 1344 1712 Deinde
1373 1672 1607 1714 videndum

152 1736 232 1779 est,
256 1742 310 1768 ne
340 1728 469 1783 longe
493 1728 632 1769 simile
664 1729 717 1769 sit
750 1729 945 1770 ductum.
1009 1727 1164 1785 Syrtim
1182 1729 1445 1784 patrinwnii,
1466 1737 1687 1786 scopet-41

150 1783 234 1826 lum
257 1785 461 1827 libentius
484 1787 696 1839 dixerim,
733 1785 989 1843 Charybdim
1022 1790 1234 1838 bonorum,
1257 1788 1496 1844 voraginem
1529 1805 1606 1846 po·
1623 1810 1695 1844 163

153 1844 252 1884 tius.
286 1842 454 1884 facilius
486 1845 601 1885 enim
633 1846 683 1886 ad
719 1859 783 1896 ea,
806 1860 904 1900 quae
929 1845 1033 1895 visa,
1057 1859 1186 1900 quani
1211 1845 1264 1886 ad
1296 1845 1381 1897 illa,
1404 1861 1502 1902 quae
1533 1862 1608 1888 au-

152 1901 244 1942 dita
267 1911 380 1951 sunt,
403 1903 557 1942 mentis
581 1903 693 1943 oculi
717 1902 929 1943 feruntur.
974 1901 1030 1942 Et
1052 1903 1259 1958 quoniam
1283 1903 1378 1945 haec
1405 1905 1466 1945 vel
1492 1920 1610 1946 sum-

150 1973 222 1999 ma
260 1959 350 1999 laus
393 1970 458 2000 est
489 1962 529 1990 33
547 1961 685 2001 verbis
727 1960 1048 2012 transferendis,
1088 1970 1136 2001 ut
1178 1975 1350 2001 sensum
1395 1961 1519 2004 feriat
1550 1964 1607 2015 id,

150 2017 264 2072 quod
299 2017 553 2059 translatum
579 2018 659 2070 sit3
693 2018 901 2074 fugienda
933 2027 998 2058 est
1026 2019 1168 2059 omnis
1200 2020 1426 2075 turpitudo
1459 2036 1607 2062 earum

148 2089 306 2127 rerum,
337 2075 389 2116 ad
423 2091 528 2131 quas
562 2090 708 2116 eorum
745 2077 928 2127 animos,
953 2076 1026 2131 qui
1061 2076 1259 2127 audiunt,
1284 2078 1426 2119 trahet
1456 2079 1607 2120 simili-

149 2133 270 2174 tudo.
334 2132 450 2174 Nolo
486 2135 527 2164 5³4
541 2145 680 2175 morte
710 2134 797 2175 dici
831 2133 1029 2175 Africani
1062 2141 1286 2176 castratam
1309 2150 1401 2177 esse
1434 2151 1606 2194 rempu-
1624 2150 1700 2185 164

188 2291 229 2324 ‘29
252 2299 322 2330 quoe
347 2291 477 2331 quidem
501 2296 613 2322 sumta
639 2293 768 2323 ratione
790 2293 849 2333 est]
898 2292 944 2330 ΙΙ,
960 2298 991 2328 9.
1010 2295 1157 2333 corrigis
1173 2294 1342 2325 radiantis
1361 2295 1384 2325 i.
1409 2306 1438 2326 e.
1457 2296 1547 2335 solis,
1570 2301 1610 2328 ut

147 2331 187 2363 ln
204 2333 356 2372 vulgatos
376 2334 572 2365 recentiores
592 2335 633 2364 ab
654 2345 763 2366 errore
779 2346 856 2376 ope·
898 2337 995 2366 estin
1009 2347 1103 2367 versu
1119 2337 1183 2367 alio
1197 2337 1230 2367 in
1247 2338 1339 2368 Orat.
1356 2340 1410 2368 45.

90 2376 95 2380 ”
147 2385 258 2406 rarum
276 2376 364 2406 veuit
384 2387 528 2413 swnma,
544 2378 630 2417 quod
646 2387 776 2408 sensum
803 2379 856 2409 hie
942 2382 982 2409 33
1007 2380 1110 2409 verbis
1125 2379 1379 2419 transferendis]
1409 2381 1463 2411 Sic
1478 2391 1517 2411 ex
1535 2382 1609 2413 edd.

147 2427 215 2448 non
243 2418 352 2449 habet.
413 2419 535 2450 Sumen
563 2426 613 2450 est
639 2420 673 2450 in
703 2421 855 2452 omnibus
899 2432 947 2461 pr.
975 2422 1192 2458 restituimus,
1219 2427 1253 2452 et
1281 2424 1326 2452 sic
1350 2424 1498 2463 plerique
1526 2425 1607 2456 Mss.

147 2460 220 2491 edd.
236 2465 317 2491 vett.
355 2463 408 2493 Sic
430 2468 465 2495 et.
489 2463 571 2493 bene
590 2464 737 2494 restituit
759 2464 856 2494 Pear-
899 2465 931 2494 Sa·
955 2465 1026 2504 quis
1055 2475 1131 2494 cnm
1164 2465 1297 2495 Pcarcio
1325 2466 1420 2496 malit
1449 2467 1567 2498 addere
1589 2478 1608 2499 e

138 2503 226 2532 tius.
898 2507 980 2537 Mss.
1004 2508 1073 2548 ejus
1092 2509 1141 2543 in,
1160 2517 1228 2537 non
1252 2507 1343 2538 valde
1367 2518 1606 2549 repugnemus:

189 2547 230 2575 30
252 2545 398 2587 dulcedo]
443 2547 507 2578 Hic
533 2557 662 2588 qnoque
682 2549 757 2580 libri
783 2549 854 2589 qui·
897 2549 953 2579 sed
976 2560 1043 2580 non
1070 2557 1119 2580 est
1143 2560 1283 2581 neeesse.
1312 2551 1494 2591 Vulgatum
1518 2555 1608 2584 verbi

148 2586 223 2618 dam
239 2588 405 2620 dulcitudo
412 2605 423 2624 ‚·
447 2590 504 2620 s'ed
519 2591 551 2621 id
566 2591 598 2621 h.
614 2591 636 2622 l.
653 2602 720 2622 non
733 2592 852 2632 placet.
899 2591 1122 2631 transferendi
1138 2599 1187 2622 est
1204 2604 1220 2623 e
1236 2594 1441 2624 correctione
1452 2594 1540 2632 Ami,
1551 2597 1607 2635 qui

190 2631 224 2659 31
251 2632 413 2670 spheram
441 2634 477 2663 in
503 2643 648 2671 scenam,
672 2640 710 2665 ut
733 2636 857 2665 dieitur
898 2641 1043 2665 veterem
1059 2635 1236 2666 lectionem
1253 2646 1320 2666 non
1335 2639 1574 2676 concoquebat.

148 2672 221 2711 &c.]
257 2672 397 2714 Nempe,
421 2681 460 2705 ut
481 2677 636 2715 probaret
663 2677 855 2708 translatio·
941 2680 983 2708 34
1005 2683 1108 2708 morte
1130 2679 1195 2708 ἄξω·
1214 2677 1307 2718 ΑΓΛ]
1346 2679 1489 2710 luvet-tit
1513 2681 1608 2710 Pear-

149 2724 225 2745 nem
251 2715 285 2745 in
310 2716 489 2749 fornicibus
504 2719 577 2749 coeli
600 2730 620 2750 a
642 2730 675 2750 se
699 2720 854 2750 audacius
899 2720 981 2756 cius,
997 2721 1061 2750 ‹Iz'ei
1084 2725 1200 2758 morte,
1216 2728 1256 2751 ut
1278 2727 1328 2751 est
1352 2722 1386 2752 in
1413 2723 1607 2762 quibusdam

147 2757 285 2795 factam,
299 2764 333 2789 et
348 2759 486 2792 fortasse
506 2772 525 2792 a
542 2762 656 2792 multis
679 2764 854 2803 reprehen-
898 2763 1000 2793 libris.
1046 2763 1144 2794 Forte
1166 2764 1231 2793 diei
1258 2763 1323 2801 hic,
1351 2771 1409 2794 aut
1435 2770 1510 2806 post
1530 2770 1610 2797 ante

148 2809 230 2830 sam.
905 2806 1082 2837 Glauciam
1098 2807 1303 2837 inculcatum
1319 2814 1381 2837 est.

188 2845 229 2874 32
253 2844 440 2886 radiatum]
477 2847 630 2878 Muretus
653 2848 730 2879 Var.
754 2847 850 2879 Len.
