1914 3220
314 157 408 209 xlii
802 153 1254 209 PRAEFATIO.

316 284 485 337 habet
533 284 738 347 titulus,
784 287 1189 356 exquisitissimis
1235 293 1284 337 et
1337 284 1752 338 elaboratissimis

316 370 501 421 Paulli
529 378 578 422 et
606 369 737 421 Aldi
756 369 1024 421 ‚Marmcci
1105 369 1190 421 Ea
1216 387 1342 421 vero
1372 386 1480 420 non
1507 376 1589 421 est
1614 370 1751 440 ejus-

317 455 487 515 modi,
516 463 577 506 ut
605 472 760 506 novae
803 455 1127 507 recensionis
1162 473 1361 507 nomen
1388 453 1588 505 habere
1628 471 1750 524 pos-

314 538 397 590 sit.
479 537 630 590 Nam
660 547 839 590 textus
869 538 977 591 fere
1019 537 1413 591 Manutianum
1442 537 1628 591 Paulli
1656 555 1747 590 ex-

311 622 514 692 primit,
542 622 635 674 sed
666 623 741 674 ita
776 633 858 674 est
899 623 1039 675 vitiis
1081 641 1370 693 operarum
1410 622 1747 692 inquinatUS‚

311 717 373 760 ut
409 707 538 759 nihil
580 725 771 777 supra:
814 725 917 759 nec
956 707 1253 777 quisquam
1291 707 1595 778 intelligens
1633 707 1748 779 ejus

311 792 638 844 auctoritate
681 792 761 844 uti
807 793 1012 862 cupiat.
1091 792 1332 845 Pretium
1378 791 1544 844 habet
1585 809 1747 843 omne

310 895 344 929 a
370 876 766 929 Commentariis
809 877 874 928 P.
905 876 1149 929 Manum·
1188 878 1244 929 in
1283 875 1579 939 Orationes,
1617 875 1748 946 Epi-

309 963 465 1014 stolas
493 970 542 1013 et
573 960 873 1028 Officiorum
901 962 1072 1022 libros,
1102 961 1217 1030 qui,
1245 961 1321 1014 ita
1347 962 1629 1025 elaborati,
1657 960 1744 1014 hic

310 1048 545 1118 primum
572 1045 834 1117 prodiere,
861 1044 1078 1116 repetiti
1106 1045 1233 1097 inde
1261 1063 1294 1096 a
1318 1044 1540 1098 Graevio.
1615 1046 1748 1099 Aleti

311 1130 548 1202 Nepotis
579 1138 723 1182 notae
752 1129 862 1182 fere
894 1138 1022 1182 sunt
1064 1130 1179 1181 aliis
1222 1130 1501 1192 sublectae,
1529 1147 1632 1183 nec
1668 1131 1746 1184 di-

307 1235 430 1288 gnae
473 1215 806 1268 Manutiano
844 1214 1081 1278 nomine,
1110 1232 1230 1276 nec,
1273 1223 1641 1285 praeterquam
1674 1215 1746 1268 ad

305 1301 468 1354 libros
497 1300 566 1353 de
589 1298 812 1362 Officiis,
840 1299 1043 1352 multae.
1123 1299 1324 1370 Itaque
1353 1300 1576 1353 miratus
1604 1318 1743 1362 sum,

307 1405 435 1438 cum
478 1404 513 1437 a
544 1384 786 1437 Reitzesio
829 1384 933 1456 legi
967 1403 1077 1436 var.
1118 1385 1242 1437 leet.
1289 1403 1340 1455 p.
1379 1383 1502 1438 326.
1545 1385 1742 1438 Aldum

307 1470 572 1543 appellari
609 1470 1015 1522 exactissimum
1058 1468 1330 1522 Ciceronis
1371 1469 1741 1541 interpretem,

307 1557 405 1627 qui
432 1569 487 1609 et
514 1556 752 1608 maxime
779 1555 833 1607 in
856 1554 1178 1607 lectionibus
1200 1554 1515 1626 judicandis
1543 1554 1745 1607 debeat

307 1641 498 1694 audiri.
579 1640 685 1693 Sed
717 1639 918 1693 accidit
945 1639 1048 1691 hoe
1089 1639 1251 1692 facile
1293 1639 1458 1692 etiam
1500 1638 1744 1698 doetissi-

305 1726 405 1779 mis
447 1726 586 1788 viris,
617 1734 679 1778 ut
717 1725 778 1777 iis
820 1725 1116 1796 plurimum
1157 1725 1419 1787 tribuant,
1461 1742 1598 1795 quos
1641 1724 1741 1778 sibi

304 1812 705 1864 consentientes
745 1810 800 1861 in
828 1810 1016 1880 aliqua
1053 1828 1108 1862 re
1148 1809 1386 1862 videant.
1465 1808 1740 1872 Ceterum,

304 1897 572 1966 quoniam
602 1896 802 1967 passim
840 1895 1100 1948 lectiones
1128 1894 1387 1947 librorum
1414 1894 1740 1965 scriptorum

302 1992 573 2035 memorat
599 1981 795 2042 Aldus,
823 1980 877 2032 in
907 1980 1105 2033 talibus
1133 1980 1264 2032 locis
1291 1980 1499 2032 consuli
1523 1980 1737 2051 poterit.

303 2067 371 2119 In
412 2085 550 2137 quos
590 2067 751 2119 libros
798 2065 929 2118 nihil
965 2074 1049 2118 est
1092 2064 1547 2118 Manutianarum
1587 2073 1739 2119 nota-

301 2171 441 2215 rum,
468 2153 524 2204 in
553 2153 614 2205 iis
642 2160 769 2205 sunt
797 2151 1026 2203 aliorum
1054 2157 1182 2203 ante
1210 2148 1372 2201 editae
1401 2157 1564 2206 notae.

377 2237 552 2291 Extat
577 2238 743 2290 etiarn
779 2235 1262 2290 Ciceronianorum
1301 2253 1530 2306 operum
1570 2235 1737 2288 editio

299 2324 446 2395 typis
461 2322 824 2376 Wechelianis
855 2322 1122 2374 Hanoviae
1145 2340 1193 2373 a.
1223 2319 1380 2374 1606.
1409 2329 1464 2374 et
1483 2321 1734 2375 Francof.

299 2407 458 2469 1609.
499 2427 754 2480 expressa
796 2414 845 2461 8.
888 2415 1129 2470 auctore,
1173 2425 1284 2459 non
1326 2405 1590 2463 traditum
1631 2415 1732 2469 est,

300 2510 430 2565 quo,
505 2494 712 2548 Textus
753 2493 963 2546 dicitur.
991 2511 1106 2545 esse
1145 2493 1216 2544 ad
1258 2491 1651 2545 Manutianam
1677 2503 1734 2547 et

299 2579 591 2632 Brutinam
619 2579 1006 2632 conformatus
1074 2576 1356 2630 Volumini
1384 2576 1734 2646 cuiquesub-

290 2665 455 2736 jectae
500 2673 629 2718 sunt
670 2674 815 2717 notae
858 2664 929 2717 ad
972 2664 1132 2716 crisin
1173 2661 1417 2733 inprimis
1461 2661 1734 2733 pertinen-

297 2759 395 2812 teS‚
422 2750 551 2802 satis
579 2751 834 2821 copiosae,
862 2768 892 2802 e
920 2749 1189 2802 variorum
1217 2748 1362 2801 libris
1389 2756 1445 2800 et
1472 2748 1613 2800 notis
1641 2748 1734 2801 de-

294 2835 470 2897 lectae,
518 2835 957 2888 commemoratis
1002 2834 1212 2905 ubique
1253 2832 1585 2886 auctoribus
1663 2832 1733 2885 In
