1945 3235
321 144 397 181 274
843 143 922 181 DE
955 143 1241 184 ORATORE

320 243 484 284 minum
502 253 630 300 ‘itque
640 255 823 288 rationes
836 249 1002 304 penitus
1018 250 1306 307 perspexerit.
1333 250 1371 290 in
1383 264 1468 305 quo
1484 249 1757 307 philosophia

322 302 377 341 sit
404 303 562 343 oratori
588 306 823 345 necessario
852 307 1144 363 percipienda:
1176 323 1261 363 quo
1292 308 1332 348 in
1363 307 1503 347 studio
1534 307 1756 348 hominum

321 373 493 414 quoque
520 360 957 416 ingeniosissimorum
985 366 1426 419 otiosissimorumque
1462 372 1539 404 tot
1541 378 1572 404 ι5
1608 374 1756 405 aetates

323 416 515 457 videmus
535 432 625 459 esse
647 419 877 461 contritas:
906 436 1087 484 quorum
1103 438 1184 478 curo
1207 421 1376 476 copiam
1396 421 1758 476 magnitudinem-

322 487 406 528 que
422 475 685 530 cognitionis
707 486 835 531 atque
852 478 954 518 aitis
974 493 1057 519 non
1082 479 1209 519 modo
1232 493 1317 519 non
1328 487 1581 543 contemno,
1601 477 1672 518 sed
1695 487 1758 518 et·

324 531 407 571 iam
428 533 698 574 vehementer
719 534 928 575 admiror.
955 536 1077 576 nobis
1096 546 1252 585 tamen,
1265 536 1337 590 qui
1357 535 1398 576 iu
1417 535 1499 576 hoc
1517 534 1676 590 populo
1693 534 1760 575 fo-

325 602 457 643 roque
477 604 704 639 versamur,
722 590 822 630 satis
839 600 917 642 est,
934 592 1030 633 56ea
1048 593 1100 633 de
1118 593 1306 633 moribus
1325 592 1547 633 hominum
1569 601 1612 632 et
1634 591 1758 642 scire,
1818 603 1822 607 ’

236 648 285 681 ‘2¹'
269 650 365 686 Oet
382 646 542 709 dicere,
572 662 669 702 quae
693 662 776 687 non
800 647 1032 689 abhorrent
1053 650 1107 691 ab
1131 649 1352 690 hominum
1379 649 1582 690 monibus·
1645 648 1755 694 Quis

323 703 435 744 enim
463 718 591 757 unqu(
580 719 646 744 ain
666 715 809 744 orator
828 719 1023 760 magnus,
1050 716 1093 747 et
1120 706 1276 762 gravis,
1307 721 1406 748 cum
1429 707 1583 747 iratum
1606 705 1756 746 adver-

323 760 637 823 sario-judicem
662 760 801 802 f··ice1e
824 761 963 812 ιεΠρῑ,
990 738 1207 804 haesitavit
1234 764 1291 804 ob
1311 778 1405 804 eam
1431 777 1618 812 causam,
1641 761 1758 817 quod

322 818 518 866 nest-iret,
549 818 651 872 quid
673 827 782 859 esset
805 818 1038 871 iracundia,
1062 820 1256 860 fervorne
1277 820 1448 871 mentis,
1470 835 1523 861 an
1543 820 1758 875 cupiditas

323 874 526 928 puniendi
545 875 732 916 doloris?
763 875 888 925 Quis,
918 891 1017 917 cuin
1048 886 1212 918 ceteros
1240 877 1479 917 animorum
1510 886 1653 917 motus
1683 886 1758 917 aut

313 931 551 985 judidbus,
582 942 654 972 aut
686 932 845 987 populo
877 932 1059 975 dicendo
1083 934 1260 974 miscere
1281 944 1410 997 atque
1431 934 1535 989 anit,
1537 948 1594 974 ire
1615 933 1756 984 vellet,

319 1003 369 1028 ea
388 988 514 1039 dixit,
544 1003 640 1043 quae
663 1004 688 1030 a
711 989 977 1054 philosophis
996 991 1080 1032 dici
1105 990 1269 1032 solent?
1300 1006 1370 1046 qui
1398 992 1553 1046 partim
1576 990 1754 1032 omnino

321 1055 464 1086 motus
487 1055 647 1102 negant
675 1046 718 1087 in
738 1047 891 1088 animis
917 1048 1022 1089 ullos
1044 1062 1134 1089 esse
1155 1048 1324 1098 debere,
1355 1062 1514 1103 quique
1535 1061 1607 1087 eos
1631 1047 1672 1087 in
1685 1047 1759 1101 ju-

321 1102 464 1143 dicum
487 1079 701 1144 meentibus
723 1104 956 1155 concitent,
988 1104 1122 1146 scelus
1141 1119 1212 1146 eos
1236 1104 1445 1145 nefarium
1465 1104 1626 1155 facere3
1658 1118 1755 1160 par-

322 1159 415 1223 tim,
437 1160 510 1216 qui
536 1160 841 1202 tolerabiliores
862 1161 1010 1202 volunt
1028 1177 1132 1213 esse,
1155 1170 1198 1202 et
1219 1161 1271 1203 ad
1293 1162 1515 1203 veritatem
1535 1161 1636 1202 vitae
1659 1176 1757 1216 pro-

323 1216 417 1272 pius
450 1218 666 1270 accedere,
698 1219 1007 1274 permediocres
1037 1234 1086 1261 ac
1108 1219 1251 1276 potius
1281 1218 1392 1260 lexes
1426 1227 1567 1260 motus
1600 1218 1756 1260 debere

235 1281 412 1315 9218558
443 1275 607 1316 dicunt.
668 1275 827 1317 Oiwatoi
859 1287 1001 1317 autem
1035 1278 1181 1318 omnia
1210 1276 1319 1327 haec,
1341 1292 1439 1332 quae
1471 1284 1677 1332 putantur
1712 1275 1756 1316 in

322 1332 540 1373 communi
564 1333 665 1374 xitae
693 1334 1017 1385 consuetudine,
1049 1334 1161 1375 mala
1181 1348 1230 1375 ac
1252 1334 1445 1384 molesta,
1474 1343 1518 1374 et
1536 1332 1758 1388 fugienda,

190 1396 221 1427 P·
244 1389 309 1417 ¹⁰⁴·
323 1388 459 1429 multo
491 1389 656 1445 majora
687 1400 730 1431 et
753 1391 974 1432 acerbiora
1003 1392 1142 1433 verbis
1175 1390 1304 1432 facit:
1338 1391 1526 1445 itemque
1557 1404 1621 1441 ea,
1657 1404 1755 1445 quae

280 1440 452 1502 ³·vulgo
474 1447 717 1503 expetenda
736 1457 864 1503 atque
885 1448 1094 1504 optabilia
1123 1448 1334 1498 videntur,
1365 1447 1548 1488 dicendo
1570 1447 1755 1502 amplifi-

320 1513 390 1543 cat
409 1513 537 1567 atque
555 1514 702 1546 ornat:
735 1520 872 1560 neque
895 1505 985 1545 vult.
1008 1505 1068 1546 ita
1089 1506 1256 1561 sapiens
1280 1506 1390 1546 inter
1421 1504 1573 1545 stultos
1604 1503 1754 1555 videri,

321 1561 398 1611 uti,
429 1561 501 1616 qui
521 1562 712 1612 audiant,
743 1565 778 1595 57
796 1572 870 1603 ποῖ
888 1562 1006 1603 illum
1037 1563 1230 1618 ineptum
1252 1571 1296 1603 et
1315 1561 1563 1604 Graeculum
1588 1571 1754 1616 putent,

319 1626 394 1658 aut
415 1618 582 1659 etiamsi
605 1618 725 1659 valde
748 1620 960 1674 probent'
952 1634 1171 1675 ingenium
1194 1635 1243 1660 οι
1244 1630 1390 1669 at011S,
1409 1618 1662 1674 sapientiam
1680 1618 1755 1658 ad-

231 1681 307 1716 ‘222
323 1674 542 1726 mirentur,
565 1690 608 1717 58
629 1690 720 1716 esse
742 1676 894 1717 stultos
914 1677 1090 1717 moleste
1105 1676 1268 1728 terant3
1300 1675 1395 1716 sed
1388 1686 1448 1716 ita
1467 1684 1664 1731 peragrat
1680 1688 1756 1730 per

319 1732 484 1773 animos
507 1732 746 1783 hominum,
778 1733 838 1774 ita
865 1749 1011 1774 sensus
1044 1710 1293 1789 mentesque
1324 1742 1569 1788 pertractat,
1600 1742 1646 1772 ut
1668 1745 1754 1772 non

317 1789 528 1830 desideret
560 1789 913 1846 philosophorum
937 1791 1261 1855 descriptiones,
1283 1804 1420 1844 neque
1441 1789 1642 1845 exquirat
1662 1803 1758 1830 ora·

318 1846 449 1897 tione,
482 1861 694 1888 summum
718 1847 819 1889 illud
843 1849 1004 1889 bonum
1028 1862 1071 1889 ιιι
1093 1862 1293 1889 animone
1315 1847 1384 1898 sit,
1407 1862 1459 1887 an
1483 1847 1526 1887 in
1548 1859 1752 1910 corpor:e

316 1904 476 1944 virtute
498 1919 551 1945 an
574 1904 794 1960 voluptate
815 1905 958 1947 defini
949 1915 1067 1947 atur:
1099 1920 1152 1946 an
1171 1906 1264 1946 haec
1287 1905 1397 1946 inter
1418 1903 1601 1959 sejungi
1620 1917 1754 1959 copu-

314 1959 478 2025 larique
501 1961 691 2017 possint:
722 1977 774 2002 an
801 1977 914 2013 vero,
945 1972 992 2004 ut
1009 1963 1266 2018 quibusdam
1291 1962 1442 2012 visum,
1464 1961 1572 2002 nihil
1589 1969 1753 2002 certum

317 2019 431 2068 sciri,
468 2019 574 2059 nihil
612 2018 736 2074 plane
777 2021 979 2075 cwmoscj
1020 2030 1063 2060 et
1094 2020 1254 2076 pereipi
1287 2019 1446 2075 possit:
1478 2031 1658 2073 quarum
1687 2032 1752 2057 ie-

319 2089 412 2116 rum
460 2075 596 2117 fateor
649 2090 866 2132 magnam,
916 2076 1283 2140 multiplicemque
1332 2089 1423 2116 esse
1463 2073 1751 2129 disciplinam,

318 2141 363 2172 et
400 2132 570 2184 multas,
601 2133 813 2188 copiosas,
854 2148 1075 2188 variasque
1117 2133 1329 2184 rationes3
1361 2132 1433 2173 sed
1475 2131 1589 2172 aliud
1627 2130 1753 2186 quid-

231 2189 434 2240 223dam,
475 2189 602 2246 longe
639 2189 768 2240 aliud,
811 2189 978 2241 Ciasse,
1019 2191 1265 2245 quaerimus.
1306 2199 1434 2230 acuto
1468 2187 1642 2229 homine
1674 2201 1752 2231 no-
1794 2238 1799 2244 ,

322 2247 385 2287 bis
415 2261 525 2310 opus
554 2256 632 2297 est,
666 2257 709 2287 et
742 2255 893 2287 natura
925 2261 1088 2311 usuque
1120 2247 1288 2298 callido,
1319 2246 1392 2301 qui
1423 2244 1634 2301 sagaciter
1656 2259 1752 2301 per-

317 2303 516 2361 vestiget,
548 2303 650 2360 quid
683 2304 747 2344 sui
779 2304 909 2357 cives,
943 2319 1058 2360 nque
1088 2304 1298 2356 homines,
1319 2280 1495 2359 quibusD
1499 2302 1659 2358 aliquid
1686 2301 1751 2343 di-

359 2434 399 2465 56
420 2444 459 2464 ea
484 2434 523 2464 de
550 2435 691 2464 moribus
716 2434 886 2464 Imm-ab
911 2435 1012 2464 homi·
1054 2434 1276 2474 sequentibus,
1292 2434 1348 2464 ubi
1370 2437 1404 2463 et
1418 2432 1537 2462 diserte
1558 2434 1665 2462 nweus
1677 2431 1749 2461 ani-

314 2487 392 2507 num
421 2476 586 2515 moribus]
633 2477 778 2507 Primum
802 2476 846 2506 'de
871 2477 1014 2506 moribus
1055 2486 1183 2507 morum
1197 2480 1508 2507 commemorantur.

314 2518 564 2555 intellivendum
589 2518 627 2549 de
644 2525 762 2550 natura
776 2517 931 2554 hominis,
948 2528 1013 2557 qua
1097 2521 1136 2552 57
1151 2519 1313 2549 autillum
1326 2518 1470 2557 ineptum
1484 2521 1515 2546 et
1531 2515 1728 2547 Groeculum.
1732 2513 1747 2554 ]

314 2561 457 2608 pertinet
482 2560 522 2590 ad
548 2571 651 2591 mores
688 2560 722 2590 in
752 2570 815 2600 qua
841 2565 876 2590 et
902 2566 1012 2591 motus
1054 2561 1173 2601 Recepi
1188 2570 1261 2591 cum
1278 2560 1408 2591 Pearcio
1420 2562 1451 2588 et
1471 2558 1529 2588 Gr.
1561 2557 1605 2587 Et
1619 2562 1667 2587 est
1684 2558 1751 2587 evi-

314 2603 416 2634 animi
445 2602 688 2641 intelliguntur,
724 2611 804 2649 quos
831 2606 866 2632 et
898 2602 1008 2642 paullo
1049 2602 1141 2639 dens,
1163 2604 1309 2642 ineptum
1328 2606 1361 2632 et
1382 2601 1567 2631 Graeeulum
1583 2599 1748 2640 copulari.

315 2652 392 2675 ante
406 2644 524 2674 diserte
539 2645 818 2675 commemoravit.
846 2644 896 2675 Ab
907 2646 1008 2676 lwmi-
1050 2625 1141 2685 quod,
1149 2644 1322 2685 respondet
1337 2643 1442 2684 primo
1458 2647 1530 2679 aut,
1556 2651 1631 2672 mox
1643 2641 1750 2681 sequi-

313 2697 393 2717 nnm
421 2696 484 2717 mm
493 2687 563 2716 ibus
583 2691 694 2716 autem
716 2686 756 2716 de
774 2687 1009 2717 consuetudine

315 2730 390 2760 vitae
406 2728 602 2765 communis,
617 2738 689 2767 quae
703 2728 810 2764 docet,
833 2729 888 2766 qui
903 2729 1009 2759 homi-

313 2782 382 2808 nes,
399 2772 514 2810 quibus
537 2771 631 2800 rebus
654 2771 849 2801 commoveri
869 2771 1007 2802 soleant.

312 2814 382 2844 Nec
398 2820 510 2843 tamen
526 2812 650 2843 alienus
674 2821 746 2843 sum
769 2822 789 2842 a
811 2813 1007 2853 suspicione,

311 2855 488 2890 legendum
510 2864 577 2886 esse
601 2855 639 2886 de
661 2854 798 2885 motibus
810 2856 1008 2886 animorum.

312 2898 398 2929 Num
416 2898 453 2928 de
470 2898 517 2928 his
533 2899 661 2938 proprie
682 2897 828 2937 disputat
849 2897 950 2929 etiam
973 2897 1008 2928 in

1049 2692 1115 2717 tur.
1159 2686 1222 2717 Sed
1235 2686 1334 2717 etiam
1350 2686 1445 2715 illum
1461 2690 1510 2715 est
1528 2684 1636 2714 alieno
1657 2683 1747 2713 loeo:

1049 2729 1246 2769 scripserim,
1265 2732 1325 2758 aut
1346 2728 1491 2766 ineptum
1511 2727 1607 2756 illum
1629 2729 1661 2755 et
1687 2725 1747 2754 Gr.

1049 2781 1122 2810 quoe
1134 2775 1185 2801 est
1208 2769 1304 2810 plane
1327 2769 1542 2801 Ciceroniana
1561 2768 1748 2803 collocatio,

1049 2812 1114 2850 vel,
1128 2817 1166 2843 ut
1179 2812 1235 2852 qui
1246 2813 1386 2842 audiant
1399 2812 1507 2848 inum,
1521 2814 1581 2841 aut
1594 2811 1615 2840 i.
1637 2813 1668 2839 et
1689 2809 1748 2839 Gr.

1049 2835 1137 2895 Quia
1149 2855 1294 2895 ambig0‚
1307 2860 1422 2885 utrum
1436 2854 1556 2884 verius.
1551 2853 1561 2872 ²
1586 2850 1748 2884 nihildum

1051 2898 1187 2929 mutavi.
