1945 3235
353 163 428 202 476
932 160 1203 200 BRUTUS.

313 263 345 295 b·
359 263 611 318 [secundum
625 262 881 328 Philippum
903 273 946 306 et
968 264 1201 319 Caesarem]
1225 271 1268 306 et
1287 263 1501 321 Sulpicius
1522 265 1784 321 expeteban-

358 331 442 361 tur.
467 321 527 362 ita
547 320 632 362 ab
623 335 672 363 115
705 336 779 363 sex
807 323 996 378 patronis
1029 337 1168 364 causae
1203 322 1383 363 illustres
1417 323 1676 378 agebantur:
1708 338 1782 365 ne-

357 391 440 432 que
463 387 550 419 tam
573 378 719 430 multa,
742 394 868 433 quam
901 389 1043 420 nostia
1068 389 1210 429 aetatc,
1233 379 1400 434 judicia
1432 379 1615 431 fiebant3
1646 393 1784 435 neque

358 435 456 486 hoc,
477 436 590 491 quod
611 450 722 477 nuuc
745 437 807 486 fit,
831 447 876 477 ut
899 452 1038 478 causae
1061 436 1241 492 singulae
1259 435 1586 477 defenderentur
1608 451 1633 477 a
1654 436 1785 492 pluri-

267 499 346 533 208
360 493 452 542 bus,
482 507 567 548 quo
601 493 705 533 1111111
735 502 798 534 est
834 493 1041 534 vitiosius.
1103 494 1429 549 Respondemus
1462 493 1527 544 iis,
1560 508 1667 549 quos
1697 508 1785 536 non

356 550 620 591 audivimus:
654 550 696 590 in
719 565 804 604 quo
826 550 1016 613 piimum
1028 566 1142 607 saepe
1163 551 1284 591 aliter
1307 562 1370 591 est
1391 550 1570 602 dictum,
1588 550 1709 592 aliter
1730 550 1784 592 ad

353 621 431 648 nos
451 607 654 648 relatum:
679 607 831 647 deinde
848 621 992 662 magni
1009 608 1182 648 interest
1203 623 1277 649 cor
1279 623 1346 648 am
1373 623 1393 647 v
1401 607 1513 648 idere
1532 622 1614 658 me,
1633 622 1781 663 quem-

353 664 583 705 admodum
616 664 696 705 ulx
700 678 879 705 (15111115
909 665 961 704 de
990 678 1157 719 quaque
1180 680 1223 706 re
1253 673 1478 715 assexeiffet
1501 664 1688 706 maxime
1709 679 1785 705 au-

355 730 438 762 tem
459 721 818 777 quemadmodum
842 735 1024 776 quaeque
1047 736 1109 761 res
1132 722 1342 762 audiatur.
1403 722 1486 763 Sed
1517 721 1624 763 nibil
1657 722 1783 762 vitio-

353 779 453 842 sius,
475 793 543 833 (]11
535 792 617 827 am,
633 793 730 819 cum
755 792 885 819 unum
907 792 1062 842 empus
1083 778 1237 819 debeat
1257 793 1348 819 csse
1369 778 1644 830 defensionis,
1667 778 1781 820 nasci

265 836 406 877 ’209ἀο
428 836 596 891 integro
629 849 816 885 eausam,
839 849 937 876 cum
973 836 1028 875 sit
1058 836 1111 875 ab
1144 835 1276 876 altero
1307 845 1515 899 peior.ata
1576 835 1784 878 Omnium

353 892 467 933 enim
489 906 727 943 causarum,
752 907 883 933 unum
903 902 968 933 est
989 892 1179 933 naturale
1211 892 1484 948 principium,
1507 908 1590 934 una
1612 908 1782 949 perora-
1838 938 1843 943 ,

354 951 439 991 tio:
472 949 644 1004 reliquae
670 960 829 1014 partes,
845 950 966 1005 quasi
986 950 1191 1000 membra,
1213 965 1289 990 suo
1311 963 1493 1004 quaeque
1512 949 1605 990 loco
1627 951 1781 1002 locata,

354 1021 473 1048 suam
507 1017 549 1047 et
585 1007 686 1057 vim,
715 1016 759 1047 et
790 1006 1048 1063 dignitatern
1079 1014 1240 1047 tenent.
1302 1007 1413 1047 Cum
1437 1016 1579 1048 autem
1608 1007 1782 1049 difficile

353 1065 423 1115 sit,
443 1065 486 1105 in
508 1063 639 1120 longa
661 1064 856 1105 01atione
878 1079 964 1105 non
985 1063 1215 1119 aliquando
1237 1063 1397 1119 aliquid
1422 1063 1483 1105 ita
1503 1063 1659 1115 dicere,
1680 1067 1719 1096 28
1736 1075 1782 1105 ut

352 1122 431 1163 sibi
450 1121 547 1178 ipse
577 1136 663 1162 non
694 1121 947 1164 conveniat:
979 1131 1140 1184 quanto
1163 1121 1380 1163 difficilius
1402 1135 1566 1172 cavere,
1597 1136 1649 1162 ne
1679 1121 1782 1176 quid

350 1179 484 1230 dicas,
505 1179 620 1234 quod
640 1194 724 1220 non
745 1179 973 1220 conveniat
990 1193 1081 1233 ejus
1103 1178 1304 1229 orationi,
1319 1178 1392 1234 qui
1414 1189 1512 1219 ante
1532 1189 1573 1219 te
1595 1178 1782 1222 dixerit?

352 1236 436 1278 Sed
468 1237 570 1292 quia
598 1246 642 1278 et
674 1236 795 1277 labor
823 1236 958 1278 multo
988 1236 1127 1300 major
1158 1245 1236 1287 est,
1267 1245 1403 1276 totam
1438 1250 1624 1287 causam,
1653 1250 1782 1290 quam

352 1302 517 1349 partem
539 1293 695 1345 dice1e‚
708 1303 752 1334 et
764 1294 864 1349 quia
878 1293 1017 1350 plures
1039 1294 1238 1334 ineuntur
1252 1307 1311 1349 gr·
1303 1293 1417 1344 uiae,
1437 1294 1470 1334 si
1491 1308 1575 1334 uno
1590 1303 1783 1349 tempore

350 1352 469 1392 dicas
488 1366 565 1407 pro
585 1351 791 1407 pluribus,
815 1352 974 1393 idcirco
993 1351 1104 1392 hanc
1125 1350 1478 1392 consuetudinem
1498 1350 1693 1392 lubenter
1709 1350 1783 1392 ad·

352 1408 570 1449 scivimus.

272 1458 342 1510 58
413 1464 546 1507 Erant
568 1474 724 1517 tamen,
743 1466 898 1522 quibus
925 1467 1136 1508 videretur
1166 1466 1276 1507 illius
1299 1466 1437 1507 aetatis
1461 1467 1610 1508 tertius
1634 1464 1784 1530 Curio,

263 1524 455 1578 21001113.
484 1523 841 1580 splendidimibus
873 1524 1051 1565 fortasse
1085 1525 1222 1564 verbis
1247 1524 1471 1565 utebatur:
1503 1534 1546 1564 et
1578 1523 1679 1579 quia
1702 1523 1783 1564 La-

355 1582 443 1621 tine
465 1595 550 1621 non
575 1581 759 1636 pessime
784 1579 1053 1636 loquebatur
1086 1595 1178 1632 usu,
1200 1580 1342 1631 credo,
1364 1580 1507 1635 aliquo
1529 1580 1782 1621 domestico.

352 1652 450 1678 nam
485 1638 720 1679 litterarum
756 1638 988 1680 admodum
1021 1637 1128 1679 nihil
1169 1638 1346 1678 sciebat.
1417 1638 1498 1679 Sed
1535 1637 1681 1693 magni
1719 1637 1783 1678 in-

352 1703 496 1746 terest,
527 1710 634 1751 quos
666 1697 847 1751 quisque
883 1696 1030 1737 audiat
1061 1695 1255 1750 quotidie
1288 1694 1420 1746 domi,
1443 1695 1698 1750 quibuscum
1720 1694 1782 1735 lo-

352 1762 508 1807 quatur
537 1769 562 1794 a
592 1767 740 1809 puero,
770 1753 1130 1808 quemadmodum
1162 1763 1316 1808 patres,
1349 1752 1595 1808 paedagogi,
1626 1763 1783 1792 matres

264 1814 338 1848 211
353 1810 482 1851 etiam
500 1810 743 1866 loquantur.
791 1810 993 1866 Leuimus
1011 1810 1212 1866 epistolas
1235 1809 1464 1861 Comeliae,
1483 1809 1630 1850 matris
1648 1808 1785 1850 Grac-

351 1867 551 1909 chorum:
584 1878 775 1925 apparet,
798 1868 906 1909 filios
929 1876 1126 1908 nontam
1157 1882 1200 1908 111
1224 1867 1388 1923 gremio
1420 1867 1637 1917 educatos,
1653 1880 1782 1922 quam

351 1927 394 1966 in
428 1939 622 1966 sermone
657 1926 818 1966 mauis.
877 1924 1063 1967 Auditus
1093 1935 1158 1966 est
1185 1925 1309 1965 nobis
1343 1924 1487 1966 Laeliae
1520 1924 1571 1965 C.
1597 1923 1644 1965 F.
1666 1937 1782 1980 saepe

351 1998 503 2024 sermo.
518 1997 621 2039 eigo
637 1982 750 2024 illam
766 1982 1124 2039 patriselegantia
1142 1982 1322 2023 tinctam
1336 1981 1541 2023 vidimus:
1563 1983 1657 2022 29et
1673 1980 1782 2022 filias

349 2055 441 2096 ejus
466 2040 638 2081 Mucias
659 2041 822 2091 ambas,
842 2055 1021 2095 quarum
1054 2054 1190 2080 sermo
1215 2039 1320 2080 mihi
1353 2038 1435 2079 fuit
1463 2048 1616 2080 notus:
1646 2048 1690 2079 et
1709 2051 1783 2078 ne-

351 2108 445 2153 ptes
470 2098 669 2148 Licinias,
691 2112 794 2152 quas
817 2112 894 2138 nos
924 2097 1094 2153 quidem
1119 2097 1280 2147 ambas,
1303 2096 1413 2137 hanc
1444 2110 1543 2136 vero
1566 2093 1782 2151 Scipionis

352 2155 482 2196 etiam
501 2167 561 2205 tu,
582 2155 731 2205 Brute,
753 2154 894 2205 credo,
917 2155 1145 2218 aliquando
1177 2153 1332 2194 audisti
1364 2154 1623 2208 loquentem.
1684 2150 1780 2208 Ego

353 2226 468 2262 vero,
491 2227 540 2253 ao
570 2212 764 2253 lubenter
786 2212 974 2266 quidem,
1007 2211 1146 2266 inquit
1182 2211 1365 2262 Br3utus
1397 2220 1440 2251 et
1469 2224 1520 2250 eo
1550 2209 1782 2259 lubentius,

263 2278 338 2313 212
353 2269 468 2324 quod
503 2269 551 2310 L.
585 2268 727 2310 Crassi
755 2278 846 2309 eiat
875 2269 976 2309 filia.
1038 2269 1156 2315 Quid
1191 2268 1407 2319 Crassum,
1439 2267 1628 2322 inquam,
1661 2266 1780 2308 illum

352 2341 512 2377 censes,
546 2326 667 2367 istius
707 2326 884 2367 Liciniae
918 2326 1068 2377 filium,
1104 2325 1245 2367 Crassi
1290 2334 1544 2365 testamento
1583 2323 1656 2380 qui
1696 2322 1780 2364 fuit

351 2385 610 2440 adoptatus.
599 2397 610 2415 r
662 2384 840 2425 Summo
883 2383 961 2425 iste
1002 2383 1175 2439 quidem
1217 2382 1374 2423 dicitur
1415 2381 1590 2438 ingenio
1635 2380 1782 2431 fuisse,

389 2511 428 2540 23
451 2514 488 2539 ut
501 2510 560 2540 sibi
572 2511 637 2549 ipse
649 2519 712 2539 non
725 2508 829 2549 comm]
848 2508 954 2540 intell.
969 2518 1041 2539 ora-

346 2555 412 2582 tor.
439 2552 517 2582 alias
546 2551 718 2590 legendum
745 2552 817 2590 ipsa
845 2561 890 2582 sc.
924 2551 1041 2581 oratio.

346 2604 544 2633 quamquam
570 2604 628 2624 nec
653 2594 715 2623 hoe
737 2594 815 2624 satis
840 2593 960 2634 p‚lacet
983 2603 1042 2623 nec

347 2636 439 2666 illud.
467 2635 656 2674 videturque
692 2636 880 2675 legendum:
917 2640 953 2666 ut
983 2636 1040 2666 tibi

345 2679 412 2718 ipse
446 2687 508 2708 non
551 2679 738 2707 comenias:
783 2688 859 2707 1111111
883 2678 1041 2717 sequitur,

346 2725 466 2760 quanto
488 2718 561 2760 diff'.
584 2730 611 2750 c.
634 2730 674 2751 ηε
696 2721 774 2759 quid
794 2721 894 2757 dicae,
911 2727 944 2750 et
969 2725 1043 2760 lost

346 2765 374 2793 si
388 2773 450 2793 uno
464 2767 604 2802 tempore
620 2763 718 2792 (ἰὶι-..ας
744 2762 768 2791 (5
773 2762 846 2792 redo
862 2763 954 2792 facile
970 2772 1043 2802 pro-

348 2806 502 2835 baturum
516 2814 674 2844 quemque
695 2805 778 2834 hane
791 2805 1039 2835 correctionem.

389 2850 429 2881 29
451 2851 481 2877 e!
493 2847 590 2888 filias
615 2856 640 2876 e.
662 2846 792 2876 M-zeias
813 2848 938 2882 ambas,
961 2856 1041 2885 qua-

347 2890 437 2929 rum]
459 2890 538 2919 Hzec
553 2889 663 2919 onmia
678 2890 710 2918 in
726 2888 906 2918 masculina
921 2888 1042 2918 mutari

349 2932 418 2961 vult
435 2931 641 2962 Guilielmius
654 2942 671 2961 e
688 2942 715 2961 c.
733 2934 782 2965 7¹2.
806 2930 859 2961 sed
875 2930 950 2960 huic
973 2930 1044 2960 loco

1084 2508 1161 2538 filiae
1177 2507 1279 2547 magis
1295 2512 1328 2537 et
1343 2506 1421 2537 solae
1436 2506 1649 2541 conveniunt,
1665 2513 1781 2544 nempe

1084 2554 1218 2591 propter
1229 2560 1248 2580 v
1232 2534 1338 2586 e’erba,
1352 2558 1494 2589 qum-um
1515 2557 1566 2577 seo
1569 2557 1619 2577 mo
1633 2547 1713 2576 milri
1726 2556 1782 2577 no-

1086 2592 1237 2632 tussuit:
1260 2602 1335 2622 nam
1350 2591 1389 2621 de
1411 2590 1486 2621 filiis
1508 2589 1533 2619 si
1556 2599 1663 2619 sermo
1684 2592 1782 2626 esset,

1083 2645 1148 2665 non
1166 2644 1246 2675 opus
1260 2634 1373 2665 fuisset
1389 2632 1460 2663 addi
1476 2631 1556 2662 hoc.
1581 2631 1620 2662 de
1635 2630 1778 2668 filiabus,

1083 2687 1163 2717 opus
1177 2682 1260 2712 erat,
1275 2685 1356 2715 quas
1369 2675 1466 2714 vulgo
1480 2673 1629 2704 homines
1643 2681 1709 2703 non
1723 2683 1782 2703 au-

1082 2719 1132 2749 (111,
1136 2720 1213 2749 bant
1228 2718 1411 2757 loquentes,
1427 2726 1516 2747 more
1544 2716 1712 2746 Romano:
1737 2715 1781 2745 si·

1086 2762 1209 2791 militer
1244 2759 1389 2799 loquitur
1415 2758 1454 2789 de
1488 2758 1651 2798 neptibus.
1709 2756 1780 2788 Nee

1082 2813 1158 2833 vero
1168 2807 1351 2842 repugnant
1364 2811 1414 2837 ea,
1426 2810 1534 2840 quaec.
1549 2802 1600 2833 752.
1613 2799 1780 2835 dicuntur,

1084 2846 1138 2875 ubi
1155 2845 1193 2875 de
1209 2844 1392 2874 Muciorum
1410 2849 1444 2873 et
1458 2842 1634 2873 Laeliorum
1647 2840 1780 2870 familiis

1085 2889 1118 2918 in
1135 2896 1252 2926 genere
1264 2896 1369 2916 sermo
1384 2892 1445 2922 est,
1457 2884 1542 2924 quod
1555 2887 1589 2914 et
1603 2882 1643 2914 ad
1654 2882 1737 2913 filios
1747 2888 1781 2913 et

1087 2930 1127 2960 ad
1142 2929 1225 2960 filias
1241 2928 1403 2969 pertinere
1416 2932 1537 2968 potest.
