1945 3235
634 106 820 146 LIBER
851 106 1090 145 PRIMUS.
1501 108 1577 146 285

146 220 190 264 et
220 211 291 253 illa
311 212 516 254 orationis
548 226 634 253 suae
657 226 753 252 cum
782 210 950 265 scriptis
980 209 1127 250 alienis
1151 210 1431 265 comparatio,
1452 219 1495 251 et
1525 211 1578 252 de

144 269 283 310 alieno
305 270 464 326 scripto
486 268 721 319 sub1t1,vel
741 267 956 317 laudandi,
975 267 1040 306 vel
1064 267 1347 322 vituperandi,
1371 268 1436 308 vel
1457 283 1576 308 com-

145 328 372 391 probandi,
406 327 470 368 vel
508 326 725 368 refellendi
763 339 904 387 causa,
942 324 1192 379 disputatio,
1227 338 1311 363 non
1350 325 1576 365 mediocris

145 385 434 426 contentionis
455 393 533 435 est,
554 384 618 424 vel
640 384 691 424 ad
713 382 979 431 memmi-am,
1003 381 1067 421 vel
1088 381 1139 422 ad
1163 380 1433 421 imitandum.
1466 381 1573 422 Illud
1589 379 1656 433 61

147 456 247 482 vero
271 442 353 482 tuit
376 441 591 492 horribile,
610 440 725 495 quod
748 438 988 479 mehercule
1005 452 1168 489 vercor,
1187 452 1239 478 ne
1262 437 1465 492 majorem
1492 439 1666 491 vi111253

144 499 197 539 ad
220 499 517 540 deterrendum
539 497 751 547 habuerit,
772 510 900 551 quam
931 496 984 536 ad
1006 494 1285 536 coliortandu
1280 510 1334 536 ·n.
1395 485 1576 535 Voluisti

144 556 259 596 enim
282 557 324 596 in
348 570 424 595 suo
445 569 600 610 genere
630 567 976 608 unumquemque
1006 564 1198 593 nostrum
1221 553 1342 607 quasi
1364 552 1578 608 quendam

144 627 234 653 esse
269 612 501 664 Roscium3
532 612 781 666 dixistique,
811 625 899 651 non
929 620 1016 651 tam
1043 625 1106 660 ea,
1139 624 1235 664 quae
1273 619 1388 650 recta
1421 619 1577 660 essent,

144 670 330 725 probari,
360 684 487 724 quam
523 672 562 702 93
577 684 673 724 quae
713 683 842 724 prava
871 668 1009 721 [sunt]
1045 667 1227 708 fastidiis
1265 667 1575 708 adhaerescere:

144 727 259 782 quod
281 741 362 781 ego
383 741 471 767 non
493 735 580 767 tam
606 726 855 767 fastidiose
847 740 890 765 in
914 726 1052 776 nobis,
1071 739 1200 779 quam
1217 724 1260 764 in
1281 724 1575 774 histrionibus,
1590 736 1619 766 Ρ·
1641 728 1710 757 ¹08

144 784 325 839 spectari
350 793 470 839 puto.
531 783 683 839 Itaque
704 798 781 823 nos
807 798 956 823 raucos
980 797 1093 838 saepe
1124 782 1408 823 attentissime
1438 756 1619 822 audii-ia·
1569 815 1635 849 *2
1643 817 1667 850 9

145 841 294 882 video:
329 849 446 881 tenet
478 842 591 881 enim
625 856 690 882 res
723 841 815 896 ipsa
851 851 979 894 atque
1014 854 1167 881 causa:
1205 848 1249 879 at
1278 839 1505 895 AEsopum,
1545 840 1579 879 si
1618 827 1639 848 Ο

145 898 344 954 paullum
368 900 598 950 irrauserit,
629 898 820 954 explodi.
878 897 917 937 A
950 897 1106 961 quibus
1137 897 1251 937 enim
1288 897 1396 937 nihil
1426 906 1582 953 praeter

146 956 412 1020 voluptatem
444 956 610 996 aurium
635 956 856 1011 quaeritur,
878 955 920 994 in
954 955 1004 995 iis
1027 953 1274 1004 ostenditur,
1298 954 1423 995 simul
1453 964 1583 1008 atque

144 1012 415 1054 imminuitur
455 1014 616 1069 aliquid
657 1014 709 1054 de
757 1012 990 1068 voluptate.
1052 1011 1103 1052 In
1145 1011 1390 1066 eloquentia
1439 1021 1583 1052 autem

143 1071 280 1112 multa
310 1080 423 1122 sunt,
454 1086 551 1125 quae
580 1080 766 1119 teneant,
797 1085 893 1125 quae
920 1070 953 1109 si
984 1070 1130 1109 omnia
1160 1083 1327 1109 summa
1356 1083 1441 1109 non
1470 1077 1584 1119 sunt,

143 1132 207 1180 (et
237 1128 437 1184 pleraque
468 1137 610 1169 tamen
642 1142 798 1183 magna
829 1129 961 1178 sunt,)
983 1140 1155 1167 necesse
1176 1136 1254 1177 est,
1277 1141 1327 1167 ea
1356 1126 1463 1182 ipsa,
1485 1141 1582 1182 quae

145 1196 258 1236 sunt,
284 1186 494 1227 mirabilia
517 1186 664 1226 videri.

205 1242 337 1298 Ergo,
352 1253 399 1283 ut
421 1244 472 1284 ad
498 1244 682 1298 primum
701 1241 803 1283 illud
822 1249 1022 1292 revertar,
1041 1240 1096 1281 sit
1117 1249 1261 1282 orator
1284 1241 1407 1282 nobis
1428 1241 1476 1290 is,
1494 1241 1673 1296 qui‚260

145 1310 193 1341 ut
217 1300 394 1341 Crassus
415 1301 656 1356 descripsit,
678 1299 1006 1341 accommodate
1037 1299 1089 1339 ad
1113 1298 1452 1354 persuadendum
1486 1313 1585 1354 pos-

146 1358 202 1399 sit
223 1358 378 1399 dicere.
402 1358 436 1398 is
459 1367 602 1398 autem
623 1357 906 1398 concludatur
927 1357 969 1397 in
993 1370 1056 1407 ea,
1076 1371 1173 1411 quae
1196 1366 1294 1396 sunt
1313 1356 1356 1397 in
1381 1371 1454 1396 usu
1479 1357 1586 1397 civi-

146 1425 282 1456 tatum
303 1415 468 1470 vulgari
488 1430 536 1455 ac
556 1415 730 1466 forensi,
754 1414 1013 1468 remotisque
1031 1414 1182 1454 ceteris
1201 1414 1366 1465 studiis,
1383 1416 1424 1447 94
1437 1428 1587 1468 quam-

145 1473 209 1513 vis
230 1487 281 1513 ea
303 1472 388 1513 sint.
418 1472 560 1528 ampla
586 1482 714 1527 atque
746 1471 964 1527 praeclara,
988 1472 1028 1511 in
1063 1471 1145 1512 hoc
1177 1486 1262 1511 uno
1286 1485 1428 1526 opere,
1452 1481 1498 1511 ut
1528 1472 1589 1512 ita

142 1530 302 1580 dicam,
325 1538 473 1571 noctes
495 1541 538 1570 et
561 1530 650 1570 dies
674 1540 898 1585 urgeatur:
932 1528 1208 1583 imiteturque
1239 1528 1373 1579 illum,
1395 1529 1463 1568 cui
1497 1530 1587 1570 sine

142 1588 278 1629 dubio
307 1602 474 1628 summa
498 1587 560 1628 vis
589 1588 759 1628 dicendi
791 1586 1056 1637 conceditur,
1086 1586 1395 1626 Atheniensem
1424 1585 1586 1626 Demo-

145 1645 354 1695 sthenem,
370 1645 410 1685 in
429 1659 515 1699 quo
536 1654 702 1685 tantum
725 1644 912 1685 studium
930 1643 1075 1694 fuisse,
1090 1654 1317 1698 tantusque
1339 1643 1459 1683 labor
1479 1643 1587 1684 dici-

147 1710 229 1754 tur,
260 1712 307 1743 ut
342 1702 524 1757 primum
555 1702 864 1758 impedimenta
892 1711 1072 1751 naturae,
1099 1700 1325 1756 diligentia
1356 1701 1587 1741 industria-

143 1774 227 1815 que
250 1769 494 1815 superartet
518 1773 701 1814 cumque
724 1759 785 1800 ita
806 1759 957 1800 balbus
979 1769 1104 1807 esset,
1127 1769 1175 1799 ut
1196 1758 1288 1813 ejus
1311 1759 1480 1814 ipsius
1467 1758 1585 1809 artis,

144 1817 214 1858 cui
246 1816 448 1867 studer,et
480 1831 662 1872 primam
698 1816 884 1857 litteram
919 1831 1005 1856 non
1040 1824 1184 1871 posset
1218 1816 1373 1866 dicere,
1404 1814 1585 1871 perfecit

139 1874 408 1924 meditando,
440 1883 487 1914 ut
517 1887 642 1914 nemo
674 1873 841 1929 planius
874 1888 925 1915 eo
956 1873 1124 1913 locutus
1154 1883 1399 1928 putarnetui
1431 1872 1670 1914 deinde‘zffi

144 1946 242 1973 cum
267 1931 441 1987 spiritus
465 1931 557 1986 ejus
579 1941 690 1971 esset
711 1931 948 1987 angustior,
969 1940 1136 1970 tantum
1159 1931 1421 1972 continenda
1443 1931 1587 1971 anima

143 1990 187 2031 in
220 1989 419 2039 dicendo,
449 1998 514 2029 est
543 1998 775 2039 assecutuS,
808 1998 855 2029 ut
889 2003 972 2029 una
998 1988 1326 2028 continuatione
1358 1989 1587 2029 verborum

143 2049 184 2082 95
197 2046 259 2098 (id
281 2046 397 2101 quod
408 2045 511 2110 ’ejus
544 2046 703 2101 scripta
723 2046 960 2096 declarant)
984 2046 1097 2086 binae
1127 2046 1165 2085 ei
1189 2046 1488 2086 contentiones
1515 2061 1588 2087 vo-

143 2104 205 2145 cis
238 2114 281 2144 et
313 2104 583 2144 remissiones
619 2104 967 2144 conti11e1··:entu1
999 2103 1072 2157 qui
1109 2103 1238 2143 etiam
1269 2110 1337 2155 (ut
1365 2103 1586 2145 memoriae

141 2161 362 2216 proditum
393 2163 476 2211 est)
498 2161 706 2216 conjectis
739 2161 782 2200 in
814 2176 859 2202 os
886 2160 1074 2209 calculis,
1107 2175 1273 2201 summa
1305 2175 1409 2200 vroce
1442 2174 1587 2202 versus

144 2219 301 2259 multos
322 2233 407 2259 uno
430 2218 582 2274 spiritu
606 2218 885 2274 pronuntiare
907 2218 1236 2270 consuescebat3
1267 2232 1404 2273 neque
1427 2218 1461 2257 is
1484 2233 1588 2259 con-

143 2276 296 2316 sistens
328 2276 372 2316 in
403 2275 513 2327 loco,
537 2276 609 2316 sed
641 2276 926 2328 inambulans,
949 2285 1077 2330 atque
1106 2275 1314 2316 adscensu
1343 2275 1587 2331 ingrediens

185 2437 225 2467 93
237 2444 308 2474 quae
316 2444 426 2474 prava
438 2433 542 2474 suna]
561 2434 647 2465 Sum
659 2445 718 2465 nec
730 2433 841 2471 modo,
886 2433 994 2464 multo
1030 2437 1105 2472 post
1141 2442 1217 2462 curn
1247 2433 1380 2463 Pearcio
1415 2439 1588 2473 superaret

144 2485 203 2507 nec
237 2483 398 2517 tempore,
431 2477 596 2507 consentit
631 2477 842 2518 praecedenti,
886 2476 1046 2506 edidimus
1076 2486 1134 2514 pro
1161 2476 1346 2514 supe-ruric.-
1373 2485 1449 2505 nam
1477 2483 1511 2508 et
1538 2488 1588 2509 se·

143 2528 213 2558 quae
226 2523 316 2549 recta
334 2524 456 2549 essent:
479 2519 621 2550 arbitror
642 2530 710 2551 esse
733 2519 843 2549 delen·
886 2520 999 2557 quitur
1027 2523 1100 2557 post
1122 2521 1313 2557 putaretur.
1346 2517 1427 2547 Edd.
1455 2529 1502 2559 pr,
1530 2520 1588 2552 ha.

144 2560 236 2597 dum,
251 2567 284 2591 et
307 2572 326 2591 a
349 2562 528 2601 glossatore
550 2561 763 2603 adscriptum,
788 2562 843 2601 qui
886 2561 965 2592 bent
980 2565 1174 2599 ¹superasset,
1191 2560 1277 2598 quod
1299 2561 1332 2589 in
1347 2567 1518 2600 superaret
1534 2563 1588 2594 de-

144 2607 334 2633 contextum
351 2614 417 2634 non
432 2609 573 2634 curaret.
887 2603 985 2634 bebat
1001 2603 1137 2638 mutari,
1152 2607 1189 2631 ut
1205 2607 1255 2631 est
1270 2602 1304 2632 in
1320 2603 1381 2633 Ms.
1398 2603 1435 2633 Ε

188 2648 230 2678 94
265 2647 413 2684 quamvis
448 2656 486 2676 ea
519 2647 585 2676 sint
614 2646 661 2685 m]
701 2646 843 2686 Reposui
928 2649 968 2679 95
992 2645 1026 2673 id
1046 2645 1138 2693 quod·
1150 2654 1220 2684 epus
1241 2646 1364 2684 scripta
1383 2637 1584 2686 declarant]

144 2687 210 2716 sint
240 2697 298 2726 pro
325 2688 459 2727 vulgato
485 2692 562 2718 sunt
591 2699 666 2719 cuin
697 2689 842 2725 Pearcio,
886 2697 930 2718 sc.
953 2686 1039 2727 quod
1063 2687 1098 2717 in
1118 2687 1157 2716 iis
1184 2687 1305 2726 periodi
1331 2687 1378 2717 ita
1403 2687 1511 2727 longae
1539 2698 1588 2718 re-

145 2729 222 2767 quia
243 2729 288 2758 sic
308 2736 354 2759 est
383 2731 416 2760 in
436 2730 505 2761 cdd.
530 2741 579 2770 pr.
600 2736 639 2761 ut
660 2737 694 2760 et
717 2732 750 2761 in
778 2731 842 2761 Ms.
886 2731 1071 2770 perimitur,
1089 2729 1122 2759 in
1139 2730 1256 2768 quibus
1278 2730 1326 2759 bis
1340 2730 1588 2760 contendendus
1606 2757 1608 2759 .

146 2770 185 2801 E.
215 2772 368 2802 Ceterum
399 2777 474 2803 sunt
500 2773 601 2803 etiam
638 2773 669 2803 h.
698 2773 720 2803 1.
758 2779 844 2803 stare
889 2777 917 2803 et
943 2771 1158 2802 remittendus
1172 2771 1318 2811 spiritus,
1334 2782 1407 2802 cum
1431 2773 1498 2813 ipse
1521 2781 1589 2802 une

146 2818 267 2852 potest,
283 2814 308 2843 si
324 2815 472 2852 quamvis
487 2816 647 2854 accipitur
659 2825 717 2856 pro
731 2825 847 2854 quam-
889 2816 1006 2855 spii-itu
1022 2814 1238 2855 pronunciare
1254 2818 1373 2853 posset.

144 2865 261 2894 quam.-
290 2857 377 2895 quod
413 2858 481 2888 fieri
517 2863 642 2898 potest.
686 2857 764 2888 Non
800 2859 848 2889 ita
