1945 3235
664 139 946 180 ORATOR.
1447 141 1525 177 513

83 246 307 304 quentiam
327 260 454 288 nemo
475 253 776 301 consequatur,
798 243 915 299 quod
946 241 1029 283 alia
1052 241 1336 299 intelligendi,
1357 241 1441 284 alia
1461 242 1528 284 di-

83 305 209 347 cendi
232 304 461 362 disciplina
481 311 570 346 est:
603 312 645 344 et
676 303 731 344 ab
761 301 869 353 aliis,
891 314 1057 351 rerum3
1089 300 1143 340 ab
1166 300 1274 351 aliis,
1296 301 1524 341 verborum

82 362 284 404 doctrina
315 362 536 418 quaeritur.
598 360 751 415 Itaque
786 358 854 399 M.
885 357 1118 408 Antonius,
1153 356 1223 398 cui
1263 357 1331 398 vel
1368 358 1526 413 primas
1542 364 1588 402 18

83 419 344 475 eloquentiae
385 428 556 475 patrum
587 427 832 460 nostrorum
869 415 1088 457 tribuebat
1125 423 1246 466 aetas,
1279 414 1342 454 vir
1376 424 1530 457 natura

84 486 315 534 peracutus
342 485 386 517 et
415 475 616 533 prudens,
647 475 690 515 in
712 488 763 514 eo
784 473 910 523 libro,
932 487 1061 528 quem
1090 486 1225 513 unum
1255 469 1444 525 reliquit,
1467 472 1532 512 di-

85 543 222 576 sertos
252 536 314 576 ait
343 549 388 575 se
421 533 576 574 vidisse
608 532 782 582 multos,
803 530 1077 586 eloquentem
1099 528 1551 571 omninoneminems

87 591 313 634 Insidebat
335 590 534 632 videlieet
563 589 607 629 in
629 589 723 644 ejus
744 598 889 629 mente
920 588 1083 644 species
1105 586 1380 644 eloquentiae,
1402 600 1535 641 quam

85 650 292 692 cernebat
313 648 472 699 animo,
494 660 538 688 re
565 647 660 702 ipsa
679 661 767 688 non
789 647 978 688 videbat.
1039 645 1119 687 Vir
1147 654 1290 686 autem
1322 643 1533 684 acerrimo

86 707 264 764 ingenio
286 706 367 760 (sic
387 705 504 746 enim
526 703 628 756 fuit)
649 705 786 745 multa
807 714 850 746 et
872 705 916 745 in
940 718 983 745 se
1005 713 1049 745 et.
1079 703 1123 744 in
1154 702 1248 744 aliis
1270 700 1581 751 desiderans,b.

86 765 305 807 neminem
336 762 477 818 plane,
510 763 585 818 qui
616 772 732 804 recte
763 761 967 819 appel-‘lari
997 761 1200 816 eloquens
1232 767 1391 815 posset,
1414 758 1532 799 vide-

86 822 176 863 bat.
237 820 405 867 Quodsi
428 820 498 861 ille
519 835 598 861 nec
620 834 679 871 se,
700 835 781 862 nec
814 820 863 860 L.
888 819 1091 860 Crassum
1113 818 1385 872 eloquentem
1407 826 1532 873 puta·
1547 823 1594 859 19

87 878 174 921 vit:
206 878 362 919 habuit
402 877 598 934 profecto
631 877 986 934 comprehensam
1015 877 1158 917 animo
1193 874 1409 930 quandam
1447 874 1536 914 for-

85 950 204 978 mam
224 935 500 990 eloquentiae,
522 937 592 977 cui
615 937 820 992 quoniam
849 935 959 976 nihil
980 935 1139 985 deerat,
1162 947 1249 983 605,
1273 932 1429 987 quibus
1461 930 1539 971 ali-

85 993 192 1050 quid
223 1002 298 1035 aut
319 993 442 1050 plura
463 994 653 1045 deerant,
685 994 728 1034 in
750 1008 844 1035 eam
867 993 1050 1033 formam
1082 1006 1167 1032 non
1200 999 1372 1046 poterat
1401 988 1538 1029 inclu-

86 1052 203 1094 dere.
265 1050 583 1108 Investigemus
606 1051 721 1092 hunc
742 1052 890 1107 igitur,
915 1051 1064 1101 Brute,
1086 1049 1119 1089 si
1144 1062 1387 1105 possumus,
1408 1061 1542 1102 quem.

87 1123 326 1165 numquam
356 1109 466 1151 vidit
494 1108 728 1160 Antonius,
758 1118 834 1149 aut
861 1108 936 1163 qui
958 1108 1135 1149 omnino
1159 1105 1298 1147 nullus
1331 1119 1540 1159 uinquam

87 1166 199 1209 fuit:
230 1181 360 1222 quem
381 1167 416 1208 si
439 1167 597 1208 imitari
619 1176 749 1222 atque
770 1167 1011 1223 exprimere
1039 1180 1126 1206 non
1158 1177 1399 1221 possumuS,
1422 1162 1541 1218 quod

89 1225 206 1266 idem
236 1225 306 1266 ille
335 1224 410 1266 vix
444 1224 540 1266 Deo
570 1239 823 1266 concessum
857 1238 948 1264 esse
980 1223 1177 1274 dicebat3
1209 1230 1254 1262 at
1285 1220 1422 1277 qualis
1447 1235 1539 1261 esse

91 1282 263 1334 debeat,
285 1282 522 1339 poterimus
545 1282 726 1323 fortasse
747 1283 904 1323 dicere.

148 1339 252 1382 Tria
271 1348 373 1381 sunt
393 1341 571 1381 omnino
594 1354 751 1396 genera
773 1338 959 1389 dicendi,
982 1338 1138 1393 quibus
1162 1338 1205 1378 in
1239 1335 1420 1393 singulis
1443 1335 1537 1390 qui·
1549 1338 1601 1374 20.

88 1398 193 1440 dam
226 1398 488 1443 floruerunt:
520 1411 721 1454 peraeque
759 1407 901 1438 autem
932 1396 995 1448 (id
1034 1396 1150 1450 quod
1187 1394 1404 1444 volumus)
1444 1407 1540 1448 per-

90 1455 219 1512 pauci
240 1455 284 1497 in
308 1456 524 1497 omnibus.
585 1455 701 1496 Nam
721 1466 765 1496 et
795 1454 1084 1511 grandiloqui,
1108 1462 1155 1494 ut
1185 1453 1247 1493 ita
1267 1452 1425 1502 dicam,
1447 1450 1542 1491 fue-

92 1522 194 1555 runt
224 1527 325 1554 cum
357 1513 501 1569 ampla
533 1522 577 1554 et
614 1514 924 1554 sententiarum
964 1511 1190 1567 gravitate,
1230 1519 1273 1551 et
1313 1509 1541 1564 majestate

93 1571 339 1622 verborum,
371 1571 662 1621 vehementes,
696 1570 819 1621 varii,
855 1569 1036 1626 copiosi,
1071 1582 1246 1625 graves:
1279 1567 1332 1607 ad
1372 1580 1542 1623 permo-

92 1628 257 1671 vendos
288 1636 334 1669 et
364 1628 678 1669 convertendos
711 1630 878 1669 animos
915 1627 1111 1668 instructi
1152 1635 1196 1666 et
1238 1625 1390 1681 parati.
1429 1623 1547 1680 quod

93 1686 239 1743 ipsum
272 1685 344 1727 alii
376 1700 541 1741 aspera,
568 1686 693 1736 tristi,
725 1686 900 1726 horrida
930 1685 1140 1734 oratione,
1172 1697 1310 1739 neque
1338 1681 1547 1738 perfecta,

94 1758 237 1799 neque
269 1743 496 1786 conclusa:
535 1743 638 1784 8alii
677 1744 793 1793 laevi,
823 1752 868 1784 et
909 1752 1086 1793 structa,
1118 1750 1162 1782 et
1201 1742 1456 1782 terminata:
1490 1738 1548 1781 Et

92 1812 250 1843 contra
282 1810 445 1852 tenues,
482 1802 613 1853 acuti,
651 1803 798 1842 omnia
828 1802 1047 1851 docentes,
1078 1809 1122 1840 et
1151 1798 1422 1849 dilucidiora,
1457 1812 1547 1838 non

96 1859 323 1916 ampliora,
356 1857 578 1911 facientes,
614 1858 762 1900 subtili
795 1859 981 1914 quadam
1016 1868 1060 1899 et
1092 1871 1238 1914 pressa
1266 1856 1462 1897 oratione
1494 1855 1546 1896 li-

97 1917 219 1958 mati.
269 1915 321 1957 In
342 1917 580 1972 eodemque
602 1931 757 1973 genere
778 1917 850 1957 alii
873 1915 1030 1966 callidi,
1055 1915 1126 1956 sed
1149 1914 1353 1971 impoliti,
1376 1924 1419 1954 et
1441 1908 1593 1964 con-6

96 1974 209 2016 sulto
232 1974 402 2015 rudium
425 1974 584 2015 similes
608 1985 651 2015 et
678 1975 1003 2030 imperitorum:
1036 1973 1108 2014 alii
1139 1972 1183 2013 in
1205 1973 1355 2014 eadem
1380 1971 1546 2027 jejuni-

96 2041 186 2074 tate
217 2032 532 2083 concinniores,
561 2032 605 2073 id
635 2042 714 2084 est,
736 2031 881 2084 faceti,
913 2032 1116 2072 fiorentes
1147 2030 1294 2081 etiam,
1322 2037 1366 2070 et
1396 2028 1546 2069 leviter

95 2089 252 2132 ornati.
314 2088 392 2130 Est
424 2100 568 2131 autem
595 2089 772 2146 quidam
800 2089 1067 2145 interjectUS,
1098 2088 1210 2130 inter
1241 2087 1320 2129 hos
1353 2086 1603 2138 medius321

96 2155 141 2189 et
162 2147 284 2203 quasi
307 2156 584 2203 temperatus,
606 2162 686 2189 nec
716 2147 915 2189 acumine
947 2145 1250 2203 posteriorum,
1273 2149 1382 2185 9nec
1404 2144 1549 2185 flumi-

95 2219 152 2249 ne
182 2214 306 2247 utens
331 2206 615 2261 superiorum,
640 2215 685 2246 ut
706 2206 859 2248 cinnus
891 2205 1133 2255 amborum,
1156 2204 1201 2245 in
1230 2212 1384 2244 neutro
1407 2201 1550 2243 excel-

95 2262 203 2314 lens,
233 2263 457 2319 utriusque
491 2264 730 2319 particeps3
763 2262 829 2304 vel
864 2263 1086 2318 utriusque
1122 2261 1178 2316 (si
1212 2274 1362 2303 verum
1393 2260 1551 2315 quaeri-

97 2322 215 2371 mus)
247 2321 392 2376 potius
431 2335 600 2376 expers.
663 2320 791 2377 Isque.
824 2335 910 2362 uno
946 2330 1108 2372 tenore,
1142 2328 1191 2360 ut
1231 2319 1368 2369 aiunt,
1410 2319 1453 2358 in
1486 2317 1552 2357 di-

98 2378 238 2421 cendo
260 2377 372 2430 fluit,
393 2378 504 2420 nihil
533 2378 714 2420 afferens
743 2386 900 2435 praeter
930 2377 1181 2419 facilitatem
1206 2386 1251 2419 et
1282 2374 1553 2431 aequabilita-

143 2511 162 2540 8
183 2510 244 2540 alii
259 2510 330 2541 laevz‘
351 2514 382 2540 et
395 2509 538 2549 structa]
565 2509 700 2541 Coi-rexi
715 2513 803 2540 stru·
844 2509 961 2540 cinnas
980 2512 1151 2549 receptum
1166 2507 1223 2544 sit,
1239 2516 1338 2546 quare
1353 2516 1422 2537 non
1438 2505 1555 2548 etflu-

98 2555 155 2582 cta
169 2561 228 2591 pro
241 2552 329 2592 vulg.
345 2553 510 2583 instructa
519 2567 530 2585 ;
554 2552 642 2591 quod
653 2562 670 2582 e
686 2552 805 2582 vicinia
846 2553 935 2581 mine
955 2551 1156 2591 recipiatur?
1183 2549 1223 2580 In
1238 2549 1358 2587 altero,
1373 2553 1412 2579 ut
1424 2550 1552 2585 cinnas,

99 2593 166 2624 hue
180 2594 380 2625 translatum
401 2600 463 2632 est,
481 2604 539 2625 nec
554 2594 623 2626 ullo
638 2593 735 2624 modo
752 2594 804 2624 hic
848 2600 940 2624 vetus
963 2593 1061 2624 lectio
1083 2593 1242 2624 librorum
1265 2596 1315 2622 est
1336 2592 1463 2622 vicinus
1483 2601 1557 2622 am-

100 2635 211 2666 locum
228 2635 337 2667 habet.
353 2638 460 2668 oratio
473 2642 601 2668 structa
617 2643 694 2677 apta
708 2643 758 2667 est
771 2636 806 2667 h.
849 2637 976 2673 borum,
992 2645 1050 2676 pro
1064 2645 1129 2674 quo
1152 2646 1192 2666 ex
1208 2635 1381 2665 admonitu
1405 2635 1491 2665 Rivii
1506 2643 1556 2665 re-

98 2677 124 2709 l.
145 2677 184 2708 de
198 2688 263 2717 qua
276 2688 307 2710 v.
324 2679 414 2711 Clav,
429 2690 503 2720 quae
525 2680 704 2721 opponitur
717 2679 807 2710 tristi
849 2683 983 2718 ceptum
998 2682 1048 2709 est
1071 2683 1108 2708 ut
1123 2679 1240 2708 cinnas
1253 2688 1271 2707 e
1292 2677 1414 2707 Nonio.
1459 2677 1557 2708 Cete-

100 2724 137 2752 et
148 2719 291 2751 horridae
304 2723 458 2754 orationi.
850 2731 926 2751 rum
939 2722 1001 2752 etsi
1017 2725 1056 2752 ut
1070 2730 1203 2761 possum
1219 2729 1421 2758 concoquere
1433 2729 1440 2747 t
1478 2729 1555 2750 nau]

143 2766 164 2797 9
186 2762 395 2803 nec-flumine
409 2769 503 2796 utens
516 2774 625 2804 super.
638 2767 677 2794 ut
691 2765 808 2795 m'nnus
850 2769 886 2794 et
902 2774 930 2794 c.
948 2766 1000 2794 24.
1015 2769 1064 2794 est
1080 2773 1219 2800 sumere,
1235 2767 1273 2793 ut
1290 2767 1402 2792 muwo
1413 2774 1421 2790 .·
1443 2766 1557 2792 tamen

100 2805 302 2845 amborum]
329 2806 476 2838 Primum
498 2807 657 2837 edidimus
661 2806 809 2848 flumine
852 2806 968 2837 malim
982 2806 1015 2837 h.
1039 2805 1063 2837 l.
1079 2807 1169 2837 velut
1191 2806 1308 2836 cinnas
1329 2814 1361 2835 α.
1376 2809 1411 2835 et
1431 2805 1558 2834 vicinus

101 2856 162 2896 pro
174 2846 346 2887 fulmine,-
371 2850 447 2898 quiq
471 2851 581 2890 aptius
603 2851 662 2886 rei,
677 2854 712 2880 et
735 2849 813 2889 quia
856 2860 942 2891 forte
957 2863 1055 2892 natus
1070 2863 1122 2891 est
1135 2869 1153 2890 e
1167 2857 1369 2899 compendiis
1385 2847 1537 2888 υίῐοὶγῖιις.

105 2899 152 2921 sic
174 2894 225 2920 est
247 2890 335 2931 apud
356 2891 529 2932 Nonium·¹
550 2903 569 2924 c
590 2902 654 2932 quo
677 2901 752 2923 cum
774 2895 813 2923 ut

166 2957 277 2986 v01..
303 2958 336 2987 1.
808 2943 868 2986 nl
