1945 3235
333 127 414 168 290
865 123 946 162 DE
977 122 1263 162 ORATORE

341 227 547 270 Catulus:
580 227 740 270 etenim
779 227 897 270 vides
931 242 1022 270 esse
1051 227 1198 270 ludos:
1231 227 1303 270 s'ed
1326 226 1410 280 (vel
1442 236 1489 268 tu
1510 242 1587 269 nos
1609 228 1780 285 ineptos

340 286 456 337 licet,
488 285 643 341 inquit,
664 284 730 326 vel
750 285 953 327 molestos
976 286 1118 342 putes)
1140 299 1238 326 cum
1260 285 1313 326 ad
1335 298 1403 325 me
1424 284 1468 325 in
1488 283 1780 329 Tusculanum

342 341 524 401 [inquit]
541 342 630 385 heri
653 343 818 398 vesperi
843 343 1027 384 venisset
1051 343 1197 385 Caesar
1218 342 1270 383 de
1291 340 1534 384 Tusculano
1557 357 1649 394 suo,
1666 342 1782 394 dixit

342 400 466 452 mihi,
489 416 515 442 a
535 415 579 441 se
601 399 839 442 Scaevolam
863 399 963 442 hinc
995 410 1166 441 euntem
1200 414 1290 440 esse
1312 407 1588 450 conventum,
1609 394 1782 455 cx'quo

344 458 453 501 mira
473 457 670 514 quaedam
695 471 737 497 se
761 454 928 498 audisse
950 457 1142 509 dicebat3
1175 468 1231 507 te,
1248 470 1374 512 quein
1397 470 1495 513 ego,
1515 456 1642 498 toties
1663 455 1783 502 omni

344 514 510 561 ratione
533 524 717 564 tentanS,
734 514 786 555 ad
809 514 1115 570 disputandum
1136 514 1287 555 elicere
1311 528 1394 554 nou
1418 513 1669 570 potuissem,
1686 527 1783 570 per-

342 571 481 617 multa
500 572 551 613 de
573 572 819 627 eloquentia
839 586 935 612 cum
961 570 1154 612 Antonio
1176 570 1438 622 disseruisse,
1452 579 1495 611 et
1513 579 1717 626 tanquam
1736 569 1784 615 in

348 629 509 680 schola,
552 643 685 685 prope
726 628 779 669 ad
822 628 1076 670 Graecorum
1118 628 1487 680 consuetudinem,
1529 627 1783 684 disputasse.

286 686 550 743 14121taque
572 686 699 726 frater
717 686 912 726 exoravit
932 700 1013 736 me,
1029 686 1168 742 ipsum
1189 685 1401 741 quidenna
1422 684 1563 726 studio
1583 683 1785 728 audiendi

215 757 246 789 P·
266 749 335 777 110.
351 759 435 785 non
468 744 594 784 nimis
626 743 942 793 abhorrentem,
965 743 1052 792 scd,
1076 737 1331 792 mehercule,
1363 753 1595 793 verentem,
1616 756 1670 783 ne
1690 755 1784 787 mo-

307 799 442 843 a'lesti
481 801 601 841 vobis
636 800 1004 850 interveniremus,
1033 809 1078 840 ut
1112 799 1196 840 buc
1231 814 1374 840 secum
1404 800 1608 841 venirem.
1669 798 1786 842 Scae-

351 858 490 899 volam
524 859 638 898 enim
674 858 734 898 ita
765 857 906 898 dicere
938 857 1096 908 aicbat,
1126 857 1284 897 bonam
1314 867 1477 912 partem
1499 856 1706 898 sermonis
1738 855 1784 898 in

349 916 466 957 hunc
487 915 600 956 diem
622 929 712 955 csse
733 914 924 954 dilatam.
985 913 1087 955 Hoc
1109 915 1141 954 si
1165 923 1211 954 tu
1233 913 1431 969 cupidius
1453 912 1615 955 factum
1635 913 1788 954 existi-

350 988 456 1023 nias,
480 971 640 1014 Caesari
664 972 896 1013 attribues:
930 971 962 1011 si
987 971 1253 1020 familiarius,
1277 970 1445 1025 utrique
1466 979 1676 1012 nostrum.
1705 985 1784 1012 nos

350 1030 538 1084 quidem,
569 1029 649 1070 nisi
684 1028 794 1069 forte
831 1027 999 1069 molesti
1039 1027 1361 1078 intervenimus,
1390 1026 1555 1068 venisse
1586 1026 1786 1082 delectat.

302 1085 460 1133 4Tum
495 1086 687 1137 Crassus,
712 1085 938 1141 Equidem,
959 1099 1229 1140 quaecunque
1261 1099 1390 1126 causa
1410 1099 1484 1125 vos
1514 1084 1600 1126 huc
1621 1082 1788 1127 attulis-

289 1158 335 1191 15
351 1154 427 1195 set,
450 1143 630 1193 laetarer‚
653 1158 751 1185 cum
775 1143 887 1199 apud
909 1158 978 1183 me
997 1143 1183 1184 viderem
1203 1141 1397 1183 homines
1415 1141 1522 1183 mihi
1544 1141 1787 1183 carissimos

347 1212 392 1243 et
409 1201 713 1244 amicissimos:
746 1202 819 1242 sed
841 1210 1000 1251 tamen,
1023 1214 1119 1241 vere
1137 1199 1292 1249 dicum,
1309 1199 1473 1255 quaevis
1490 1197 1660 1241 mallem
1681 1197 1788 1240 fuis-

347 1269 425 1311 set,
447 1273 576 1315 quam
599 1258 693 1309 ista,
716 1272 844 1314 quam
866 1258 988 1299 dicis.
1051 1256 1144 1314 Ego
1167 1256 1281 1297 enim
1313 1262 1394 1310 (ut,
1424 1256 1788 1312 quemadmodum

347 1317 503 1367 sentio,
534 1316 701 1371 loquar)
734 1330 970 1371 numquam
992 1314 1099 1355 mihi
1136 1314 1291 1365 minus,
1312 1328 1440 1370 quam
1473 1314 1674 1358 hesterno
1700 1313 1786 1365 die,

348 1373 505 1430 placui,
543 1372 747 1428 13(magis
779 1373 885 1414 adeo
920 1372 962 1413 id
999 1371 1221 1422 facilitate,
1253 1386 1381 1426 quam
1417 1370 1500 1412 alia
1535 1370 1622 1412 ulla
1660 1369 1789 1427 culpa

348 1446 445 1473 mea
465 1430 651 1486 contigit
665 1431 696 1481 3)
727 1431 798 1485 qui
822 1430 924 1471 dum
945 1429 1159 1484 obsequor
1176 1428 1534 1480 adolescentibus,
1556 1441 1625 1469 me
1643 1442 1792 1476 senem

352 1503 444 1529 esse
476 1503 569 1528 sum
601 1487 776 1538 oblitus,
810 1487 978 1543 fecique
1009 1486 1066 1537 id,
1099 1487 1215 1542 quod
1253 1501 1306 1527 ne
1337 1485 1583 1527 adolescens
1614 1485 1793 1540 quidem

353 1545 535 1587 feceram
542 1577 553 1596 ,
573 1554 620 1586 ut
643 1545 693 1585 iis
716 1544 768 1585 de
790 1545 930 1595 rebus,
953 1558 1049 1599 quae
1071 1543 1268 1585 doctrina
1289 1543 1431 1599 aliqua
1451 1541 1790 1594 continerentur,

353 1603 631 1659 disputarem.
656 1601 739 1642 Sed
762 1601 845 1642 hoc
859 1611 1000 1642 tamen
1015 1600 1172 1642 cecidit
1185 1601 1291 1641 milri
1310 1608 1644 1657 peropportune,
1657 1598 1789 1656 quod,

355 1659 578 1701 transactis
605 1659 698 1713 jam
733 1659 837 1700 meis
868 1659 1076 1715 partibus,
1098 1658 1151 1698 ad
1173 1657 1414 1698 Antonium
1436 1656 1695 1699 audiendum
1717 1671 1790 1697 ve-

295 1722 341 1758 16
355 1717 492 1758 nistis.
560 1715 671 1758 Tum
707 1715 868 1766 Caesar,
891 1718 927 1746 14
943 1714 1168 1770 Equidem,
1202 1715 1358 1770 inquit,
1392 1714 1560 1766 Crasse,
1592 1713 1655 1763 ita
1694 1727 1790 1762 sum

351 1775 533 1831 cupidus
548 1784 588 1815 te
610 1774 653 1814 in
672 1773 743 1815 illa
764 1773 958 1830 longiore
979 1788 1028 1814 ac
1048 1771 1558 1828 perpetuadisputatione
1573 1770 1793 1823 audiendi,

350 1843 413 1883 ut,
436 1831 470 1873 si
493 1831 533 1873 id
557 1831 663 1872 mihi
686 1831 827 1872 minus
857 1830 1098 1886 contingat,
1123 1830 1187 1870 vel
1221 1830 1303 1871 hoc
1327 1830 1406 1870 sim
1439 1828 1693 1886 quotidiano
1715 1838 1790 1871 tuo

351 1903 545 1930 sermone
576 1897 820 1931 contentus.
882 1887 1035 1943 Itaque
1064 1887 1261 1943 experiar
1293 1886 1492 1942 equidem
1515 1885 1633 1938 illud,
1657 1894 1706 1926 ut
1736 1899 1793 1927 ne

351 1946 581 2003 Sulpicius,
612 1945 834 1987 familiaris
866 1960 1002 1995 meus,
1035 1956 1110 1986 aut
1132 1945 1278 1995 Cotta,
1301 1944 1394 2000 plus
1413 1958 1544 1999 quam
1569 1958 1652 1999 ego
1667 1939 1791 2000 ⁴apud

352 2014 394 2046 te
416 2003 554 2045 valere
580 2006 615 2034 ¹5
629 2002 836 2054 videatur,
855 2012 899 2046 et
922 2012 963 2044 te
984 2003 1174 2044 exorabo
1190 2000 1403 2058 profecto,
1421 2011 1469 2043 ut
1480 1999 1588 2042 mihi
1605 2013 1796 2057 quoque,

401 2151 437 2180 12
467 2147 701 2189 ltaque-frater
723 2146 796 2186 &c.]
823 2148 874 2177 Sic
897 2146 1054 2177 constitui

354 2191 443 2221 hunc
470 2191 578 2220 locum
599 2202 615 2219 e
635 2190 715 2220 Mss.
743 2195 778 2219 et
801 2189 870 2219 odd.
888 2199 937 2228 pr.
952 2189 1056 2227 quiin

355 2233 494 2273 xulgatis
512 2233 556 2262 sic
579 2238 662 2262 crat:
678 2234 725 2261 ita
749 2231 922 2270 mesraim·
944 2241 1057 2261 ecura-

353 2277 399 2305 vit
433 2285 483 2305 me
516 2276 634 2315 ipsum,
662 2284 724 2303 non
747 2274 876 2313 quidem
906 2284 927 2303 α
949 2274 1054 2303 studio

355 2317 509 2348 audiendi
532 2318 630 2346 m'mis
643 2317 880 2352 abhorrentem,
903 2315 958 2345 sed
972 2317 1054 2345 malz.

354 2364 517 2390 verentem
534 2364 655 2389 tamen.
701 2359 847 2388 Primum
870 2368 909 2387 ex
932 2358 980 2387 ita
1004 2367 1055 2387 me

355 2402 416 2432 feci
449 2403 571 2442 imque,
602 2405 640 2431 ut
670 2400 793 2430 dudum
827 2400 1053 2437 conjeoeranu

355 2444 441 2485 qnod
454 2445 499 2474 sic
515 2443 628 2474 deinde
644 2443 746 2483 reperi
760 2443 793 2472 in
808 2442 879 2472 edd.
895 2452 920 2472 s,
935 2441 956 2471 l.
971 2448 1004 2472 et
1021 2453 1051 2472 a.

357 2486 443 2517 Med.
466 2485 538 2516 Asc.
567 2485 655 2526 Lips.
715 2485 842 2515 Deinde
866 2484 1054 2524 interpunxi

356 2534 430 2569 post
457 2538 518 2563 me,
541 2528 726 2568 transposui
750 2537 812 2556 non
835 2527 868 2556 'm
886 2536 983 2557 suum
1006 2526 1054 2556 lo-

356 2580 445 2607 cum,
461 2581 478 2600 e
501 2570 736 2600 ‹·‹›n=1.1e1udine
759 2569 938 2605 Ciceronis,
953 2573 988 2598 et
1001 2568 1057 2599 de·

355 2612 418 2642 levi
433 2617 556 2647 tamen,
573 2611 658 2650 quod
672 2612 705 2641 in
727 2611 797 2641 edd.
814 2620 862 2650 pr.
878 2620 943 2640 non
968 2620 1061 2650 repe-

357 2654 455 2691 titur,
472 2655 655 2692 delevitque
678 2654 778 2683 etiam
794 2653 955 2683 Pearcius.
980 2653 1056 2682 Non

355 2696 526 2727 intellecta
534 2695 699 2735 elegantia
711 2695 744 2725 in
756 2696 862 2734 ipsum
870 2695 996 2734 quidem
1005 2694 1060 2726 de-

357 2739 443 2778 cepit
453 2738 615 2774 homines,
627 2744 664 2766 ut
677 2737 786 2766 locuni
797 2742 1059 2775 corrumperent.

1098 2145 1137 2176 E.
1166 2146 1317 2176 Pearcinz
1341 2145 1442 2176 edidit
1453 2157 1463 2175 .·
1492 2146 1543 2176 ita
1557 2155 1608 2176 me
1616 2143 1673 2185 fr.
1689 2154 1739 2176 ex.
1754 2153 1798 2175 ue

1098 2191 1205 2228 ipsum
1219 2189 1347 2228 quidem
1363 2190 1420 2218 διο.
1465 2189 1528 2218 Sed
1543 2198 1582 2218 ne
1590 2189 1649 2228 ips.
1665 2187 1796 2227 quidem

1099 2231 1175 2261 huic
1198 2230 1270 2260 loco
1285 2238 1319 2260 et
1342 2231 1515 2260 sentcntiae
1537 2240 1603 2260 non
1627 2229 1795 2260 convenit.

1097 2276 1211 2313 Spero,
1235 2283 1287 2303 me
1303 2273 1539 2303 correctionem
1555 2272 1653 2314 hujus
1666 2272 1730 2305 loci
1743 2271 1793 2302 in-

1096 2315 1325 2354 telligentibus
1336 2315 1563 2356 probaturum.

1142 2360 1179 2387 13
1204 2359 1311 2396 magis
1333 2355 1637 2396 adeo—contigit]
1656 2355 1739 2386 Haee
1760 2354 1796 2385 in

1098 2400 1284 2440 parenthesi
1299 2400 1405 2440 posui,
1421 2399 1500 2430 alias
1513 2399 1650 2431 obscum
1670 2401 1704 2427 et
1726 2405 1795 2428 non

1096 2442 1264 2473 cohaerens
1278 2447 1363 2472 esset
1376 2441 1493 2472 oratio.

1143 2487 1180 2514 14
1195 2484 1370 2523 Equidem,
1383 2484 1501 2523 inquit,
1521 2480 1661 2522 Crasse]
1679 2479 1794 2521 Inquit

1097 2527 1189 2558 abest
1204 2526 1268 2557 Ms.
1285 2526 1323 2556 E.
1337 2531 1372 2556 et
1385 2526 1436 2563 ed.
1452 2524 1541 2566 Lips.

1145 2572 1180 2599 15
1202 2567 1380 2607 videatur]
1406 2568 1458 2598 Sic
1485 2571 1572 2598 recte
1598 2576 1616 2596 e
1637 2565 1718 2596 Mss.
1745 2573 1796 2594 re-

1100 2611 1209 2650 posuit
1220 2610 1370 2641 Pearcius
1380 2619 1439 2651 pro
1451 2609 1638 2640 videantur.
1683 2606 1797 2638 Plura-

1099 2653 1165 2683 lein
1182 2662 1248 2682 non
1271 2652 1410 2692 patitur,
1433 2651 1595 2692 Sulpicius
1609 2653 1670 2682 aut
1685 2649 1798 2683 Cotta.

1101 2695 1181 2725 Mox
1195 2695 1282 2734 quod
1296 2693 1383 2724 idem
1396 2704 1414 2724 e
1429 2703 1573 2730 vereare,
1587 2697 1624 2723 tu
1637 2701 1677 2722 ne
1690 2692 1734 2722 sis
1747 2690 1796 2720 in.

1101 2737 1180 2767 fac-it
1195 2747 1225 2766 v.
1241 2746 1281 2766 ne
1295 2740 1344 2773 tu,
1360 2745 1427 2766 non
1441 2740 1572 2766 secutus
1587 2744 1679 2765 sum:
1703 2737 1741 2764 tu
1756 2741 1797 2765 ne

356 2782 482 2820 quidem
508 2781 539 2811 h.
557 2781 577 2810 l.
593 2779 766 2819 respondet
789 2788 894 2817 graeco
915 2777 961 2815 δὴ,
988 2789 1052 2817 quo
1094 2780 1138 2809 sis
1159 2779 1302 2818 ineptus,
1328 2787 1379 2808 me
1399 2787 1468 2809 esse
1491 2777 1511 2807 i.
1535 2777 1653 2808 melius
1667 2775 1729 2806 sibi
1747 2783 1797 2804 re-

358 2833 424 2852 non
452 2823 689 2858 animadverso,
712 2820 861 2851 addidere
887 2821 920 2851 in
947 2820 1054 2852 altero
1095 2820 1272 2863 spondent,
1283 2825 1318 2851 et
1329 2820 1643 2861 consultetuprimo
1653 2818 1797 2850 locoest„

357 2865 507 2897 membro
530 2869 654 2901 tamen,
682 2862 769 2902 quod
789 2863 882 2893 abest
903 2869 937 2894 et
951 2873 971 2894 a
984 2863 1048 2897 Ms.
