1945 3235
295 147 372 184 ‘2⁶0
831 158 906 197 DE
939 155 1230 197 oRAToRE

301 259 412 311 hacc,
443 275 541 317 quae
575 262 644 303 isti
679 261 858 305 forsitan
892 278 1122 320 puerorum
1154 261 1366 304 elementa
1395 259 1635 312 videantur,
1664 275 1740 303 ex-

297 318 501 372 quirere.)
524 319 595 360 sed
618 329 664 361 tu
686 320 769 362 hoc
798 323 923 363 nobis
953 322 1021 372 da,
1045 320 1255 371 Scaevola,
1277 327 1321 360 et
1351 318 1522 374 perfice,
1546 327 1592 358 ut
1614 318 1742 360 Cras-

299 389 369 416 sus
402 375 511 426 haec,
533 391 629 432 quae
662 379 900 420 coarctavit
920 390 964 420 et
996 385 1255 434 peranguste
1285 376 1452 418 refersit
1484 376 1527 416 in
1547 376 1742 417 Oratione

214 440 286 475 164
301 447 389 484 sua,
421 433 572 475 dilatet
603 436 728 476 nobis
761 446 888 491 atque
923 436 1125 492 explicet.
1187 433 1281 490 Ego
1313 432 1571 482 mehercule,
1601 432 1743 488 inquit

301 488 492 541 Mucius,
516 501 641 533 antea
664 502 802 533 vestra
822 493 960 549 magis
992 493 1074 534 hoc
1096 507 1224 534 causa
1247 490 1456 542 volebam,
1479 505 1607 545 quam
1629 503 1740 532 mea.

299 547 453 603 Neque
475 549 590 589 enim
615 559 836 605 tantopere
859 550 968 591 hanc
992 566 1017 590 a
1039 550 1194 591 Crasso
1213 548 1551 605 disputationem
1574 546 1740 588 deside-

297 605 459 656 rabam,
490 616 754 662 quantopere
785 608 876 662 ejus
909 608 951 647 in
981 607 1118 648 causis
1153 607 1346 648 oratione
1380 605 1593 646 delector:
1625 619 1741 645 nunc

296 675 413 713 vero,
448 662 614 714 Crasse,
649 678 743 704 mea
771 678 942 719 quoque
974 664 1104 705 etiam
1138 679 1266 705 causa
1294 677 1416 719 rogo,
1450 670 1498 703 ut
1535 661 1741 717 quoniam

297 729 465 759 tantum
491 720 695 761 babemus
717 722 812 771 otii,
835 731 1043 776 quantum
1059 721 1228 776 jamdiu
1252 721 1376 762 nobis
1399 734 1485 760 non
1507 719 1741 774 contingit,

296 791 350 816 ne
373 777 560 832 graveris
584 778 858 819 cxaedifieare
880 779 920 818 id
944 793 1067 835 opus,
1089 778 1205 833 quod
1236 777 1476 818 instituisti.
1538 776 1741 817 Formam

299 833 411 873 enim
437 835 568 874 totius
596 836 759 890 negotii
783 836 987 891 opinione
1017 835 1240 890 majorem,
1261 834 1567 889 melioremque
1592 833 1742 885 vide03

215 881 427 945 ssssquam
461 891 735 932 vehementer
767 893 919 948 probo.
981 892 1227 942 Enimvero,
1261 892 1402 947 inquit
1434 891 1626 942 Crassus,
1659 890 1742 931 mi·-

212 959 284 992 165
300 948 379 987 rari
402 948 504 988 satis
525 963 611 990 non
631 963 756 1004 queo,
778 950 908 990 etiam
932 958 973 990 te
1005 950 1113 1001 haec,
1137 949 1346 1000 Scaevola,
1367 948 1619 999 desiderare,
1640 962 1739 1003 quae

255 1008 285 1037 b·
299 1019 436 1060 neque
457 1020 539 1062 ego
559 1016 699 1056 teneo,
722 1007 783 1047 uti
817 1007 861 1058 ii,
884 1008 956 1062 qui
982 1007 1164 1059 docent3
1195 1020 1334 1062 neque
1365 1015 1464 1047 sunt
1485 1005 1577 1060 ejus
1608 1019 1739 1061 gene-

295 1062 367 1112 ris,
389 1072 450 1113 ut,
475 1064 508 1103 si
531 1063 695 1119 optime
720 1073 920 1115 tenerem,
937 1065 1069 1120 digna
1088 1073 1229 1105 essent
1251 1065 1333 1105 ista
1350 1063 1562 1119 sapientia
1581 1077 1631 1103 ac
1654 1062 1740 1104 tuis

294 1119 483 1160 auribus.
547 1123 582 1151 ¹3
596 1120 683 1161 Ain
706 1124 782 1163 tu?
813 1122 954 1177 inquit
976 1122 1059 1162 ille.
1120 1122 1165 1162 Si
1188 1121 1240 1162 de
1261 1121 1354 1162 istis
1373 1119 1674 1161 communibus
1695 1129 1740 1161 et

293 1177 540 1233 pervagatis
559 1178 632 1218 vix
656 1178 758 1220 huic
782 1180 900 1220 aetati
923 1179 1184 1220 audiendum
1206 1187 1347 1235 putaS,
1367 1178 1553 1219 etiamne
1575 1176 1646 1217 illa
1665 1191 1742 1218 ne·

293 1233 457 1290 gligere
487 1250 729 1291 possumus,
748 1251 845 1291 quae
878 1246 921 1277 tu
945 1237 1102 1277 oratori
1126 1235 1429 1292 cognoscenda
1450 1248 1541 1276 esse
1571 1233 1739 1286 dixisti,

294 1291 347 1331 (le
378 1293 539 1333 naturis
563 1293 801 1344 hominum,
824 1294 876 1334 de
907 1294 1114 1344 moribus,
1140 1295 1192 1335 de
1223 1293 1463 1334 rationibus
1494 1292 1561 1343 iis,
1583 1291 1740 1347 quibus

292 1347 519 1390 hominum
541 1361 705 1392 mentes
727 1361 771 1392 et
793 1351 1073 1392 incitarentur
1094 1360 1136 1392 et
1160 1351 1506 1407 reprimerentur,
1528 1349 1581 1390 de
1602 1349 1740 1390 histo-

293 1405 370 1456 ria,
391 1406 444 1447 de
475 1408 748 1462 antiquitate,
778 1409 831 1449 de
864 1409 1236 1449 administratione
1266 1407 1531 1463 reipublicae,
1553 1406 1740 1462 denique

291 1462 346 1502 (le
376 1473 522 1506 nostro
554 1465 648 1521 ipso
676 1466 774 1521 jure
804 1465 949 1507 civili?
982 1466 1110 1507 Hanc
1139 1466 1254 1506 enim
1287 1479 1370 1521 ego
1399 1479 1571 1506 omnem
1601 1464 1740 1505 scien-

291 1519 412 1572 tiam,
443 1530 486 1562 et
524 1523 694 1578 copiam
725 1538 880 1574 rerum,
912 1523 956 1563 in
990 1533 1064 1564 tua
1096 1523 1323 1579 prudentia
1357 1522 1545 1563 sciebam
1576 1521 1738 1563 inesse:

296 1577 341 1617 in
364 1579 544 1620 oratoris
566 1594 666 1622 vero
689 1580 974 1622 instrumento
998 1590 1086 1622 tam
1106 1580 1267 1621 lautam
1289 1579 1596 1636 supellectilem
1614 1593 1742 1620 num·

297 1649 425 1689 quam
449 1636 653 1678 videram.

354 1691 483 1734 Potes
518 1694 663 1750 igitur,
693 1694 833 1751 inquit
856 1695 1048 1746 Crassus,
1068 1699 1135 1748 (ut
1164 1694 1247 1736 alia
1267 1695 1466 1736 omittam
1496 1694 1741 1736 innumera-

297 1749 398 1790 bilia
419 1759 462 1791 et
483 1751 704 1804 immensa,
726 1764 769 1793 et
790 1753 842 1793 ad
865 1753 1007 1808 ipsum
1027 1762 1148 1793 tuum
1172 1753 1247 1808 jus
1269 1752 1396 1795 civile
1417 1753 1622 1804 veniam,)
1643 1767 1740 1794 ora-

294 1814 407 1848 tores
440 1819 590 1864 putare
616 1813 653 1840 ¹4
665 1825 752 1861 eos,
773 1825 880 1865 quos
913 1809 1068 1851 multas
1098 1810 1225 1851 horas
1255 1810 1540 1866 exspectavit,
1562 1825 1662 1852 cum
1693 1811 1739 1851 in

292 1879 493 1920 campum
519 1878 767 1923 properaret
789 1877 832 1908 et
863 1867 1004 1908 ridens
1025 1877 1068 1908 et
1100 1867 1373 1909 stomachans
1406 1867 1615 1919 Scaevola,
1637 1881 1738 1909 cum

294 1920 515 1978 Hypsaens
546 1925 738 1965 maxima
759 1939 880 1976 voce,
912 1924 1106 1980 plurimis
1130 1926 1284 1976 verbis,
1310 1941 1335 1966 a
1357 1925 1425 1966 M.
1449 1924 1605 1966 Crasso
1626 1939 1738 1981 prae-

293 1988 387 2019 tore
411 1982 703 2032 contenderet,
726 1990 773 2022 ut
805 1982 858 2033 ei,
891 1996 1018 2037 quem
1043 1982 1316 2033 defendebat,
1349 1997 1478 2024 causa
1505 1983 1656 2023 cadere
1688 1981 1740 2022 li-

294 2046 424 2087 ceret,
459 2037 541 2078 Cn.
575 2048 717 2080 autem
739 2039 962 2090 Octavius,
1005 2039 1136 2080 homo
1178 2039 1428 2090 consularis,
1468 2054 1555 2080 non
1595 2039 1739 2080 minus

295 2092 426 2148 longa
455 2096 649 2136 oratione
681 2105 909 2147 recusaret,
940 2111 994 2137 ne
1026 2097 1290 2138 adversarius
1320 2112 1449 2138 causa
1477 2097 1664 2148 caderet,
1688 2110 1739 2137 ac

297 2163 349 2190 ne
380 2151 430 2201 is,
460 2166 535 2207 pro
568 2167 653 2207 quo
687 2153 778 2210 ipse
809 2153 985 2201 diceret,
1025 2157 1062 2184 ¹5
1077 2154 1190 2210 turpi
1224 2154 1367 2195 tutelae
1391 2153 1576 2209 judicio,
1609 2162 1739 2208 atque

211 2208 414 2258 167omni
446 2208 656 2260 molestia,
690 2210 874 2251 stultitia
904 2211 1148 2262 adversarii,
1181 2211 1459 2252 liberaretur?
1502 2210 1598 2267 Ego
1637 2225 1739 2251 vero

294 2264 415 2315 istos,
457 2266 612 2321 inquit,
649 2268 843 2319 (memini
883 2268 997 2308 enim
1036 2268 1143 2309 mihi
1182 2283 1352 2309 narrare
1395 2267 1615 2319 Mucium)
1650 2283 1739 2309 non

293 2322 423 2363 modo
446 2325 628 2365 oratoris
650 2325 840 2376 nomine,
863 2324 935 2366 scd
958 2340 1011 2366 ne
1039 2324 1133 2367 foro
1155 2326 1330 2382 quidem
1351 2326 1506 2383 dignos
1536 2326 1739 2382 putarim.

210 1691 283 1725 166

771 2482 822 2512 Sic
846 2482 996 2513 Pearcius

339 2481 375 2508 13
398 2477 464 2510 Ain
484 2481 548 2510 tu?
570 2482 636 2521 inq.
661 2480 742 2521 illa]

295 2529 313 2550 e
349 2521 429 2551 Mes.
463 2522 589 2553 duobus
625 2523 725 2560 dedit,
741 2530 855 2554 -recte.
901 2525 997 2555 Hanc

1040 2483 1261 2522 exspectavit?
1283 2483 1334 2514 An
1360 2483 1537 2513 toleravit?
1559 2481 1657 2523 quod,
1680 2487 1745 2514 aut

1040 2525 1145 2555 simile
1169 2526 1258 2564 quid,
1282 2525 1442 2555 desiderat
1465 2525 1641 2556 sententia.
1678 2525 1740 2557 Ce-

295 2561 473 2594 lcctionem
501 2564 662 2596 desiderat
691 2566 845 2603 etiamne,
873 2567 908 2596 in
931 2577 997 2606 quo

295 2614 337 2634 ne
359 2605 507 2645 ineptum
532 2614 628 2645 esset,
655 2609 682 2638 si
704 2617 817 2638 verum
842 2614 926 2639 esset
952 2619 998 2639 αη

297 2648 354 2679 tn,-
390 2648 468 2677 item
493 2658 676 2688 possumus,
705 2651 792 2689 quod
818 2661 856 2681 eo
886 2652 997 2682 referri

296 2698 364 2718 non
380 2696 495 2728 potest.

343 2733 379 2760 14
401 2741 463 2767 eos,
488 2742 564 2772 quos
589 2735 711 2764 multas
738 2735 859 2774 horas]
890 2735 997 2765 Locus

294 2772 348 2802 hic
364 2778 414 2803 est
427 2773 578 2811 difficilis,
594 2776 695 2806 etiam
718 2777 874 2807 varietate
897 2777 996 2807 libro-

296 2823 384 2850 rum,
420 2822 453 2846 et
490 2817 541 2847 vix
578 2827 674 2847 sanus
710 2820 800 2848 satis.
838 2819 916 2849 Edd.
947 2830 995 2860 pr.

296 2857 421 2887 habt-nt
443 2861 606 2897 espec-mvi
627 2866 658 2890 et
678 2870 912 2900 properarem.-
944 2863 996 2892 cui

298 2908 461 2940 repugnat
475 2912 594 2933 nomen
613 2902 766 2934 Socer-*olai
799 2904 885 2943 Quid
901 2914 997 2944 porro

1039 2573 1112 2597 tera
1124 2573 1202 2598 sunt
1217 2567 1373 2598 faciliora.
1418 2568 1504 2597 Sunt
1517 2567 1667 2607 exempla
1678 2567 1739 2598 lio-

1040 2610 1168 2640 minum
1193 2610 1421 2649 imperitorum
1435 2609 1519 2647 juris
1545 2609 1660 2647 civilis,
1683 2611 1739 2649 qui

1040 2662 1098 2691 per
1120 2652 1284 2682 inscitiam
1306 2662 1323 2682 a
1349 2659 1487 2691 praetore
1514 2657 1666 2692 peterent
1687 2663 1739 2689 ea,

1041 2704 1098 2734 pet·
1120 2703 1193 2732 quae
1216 2694 1352 2724 clientes
1377 2693 1426 2723 sui
1449 2703 1563 2724 caussa
1583 2694 1740 2725 caderent

1041 2737 1238 2766 necessario:
1262 2743 1374 2775 estque
1400 2735 1490 2765 locus
1511 2736 1739 2767 facetissimus.

1039 2779 1102 2809 Res
1115 2778 1298 2818 explicatur
1311 2777 1421 2818 paullo
1435 2781 1520 2817 post.

1085 2823 1120 2850 15
1151 2822 1242 2860 turpi
1269 2822 1378 2850 tutela*
1395 2818 1549 2860 judicia]
1574 2819 1656 2851 Edd.
1686 2829 1737 2860 pr.

1039 2862 1347 2903 twpiculojudz'cio,
1361 2863 1411 2892 uti
1423 2862 1487 2892 Ms-
1501 2862 1539 2892 E.
1555 2863 1739 2903 Ιανμίσιιίεῑ

1039 2905 1125 2936 unde
1141 2905 1274 2946 vulgata
1290 2906 1376 2937 fat-ta
1390 2910 1438 2936 est
1453 2904 1494 2936 ab
1507 2903 1606 2936 Aldo-
