<?xml version="1.0" encoding="UTF-8"?>
<!DOCTYPE html PUBLIC "-//W3C//DTD XHTML 1.0 Transitional//EN"
    "http://www.w3.org/TR/xhtml1/DTD/xhtml1-transitional.dtd">
<html xmlns="http://www.w3.org/1999/xhtml" xml:lang="en" lang="en">
 <head>
  <title>
</title>
<meta http-equiv="Content-Type" content="text/html;charset=utf-8" />
  <meta name='ocr-system' content='tesseract 3.04.00' />
  <meta name='ocr-capabilities' content='ocr_page ocr_carea ocr_par ocr_line ocrx_word'/>
</head>
<body>
  <div class='ocr_page' id='page_1' title='image "./operaomnia01ciceuoft/operaomnia01ciceuoft_0156.png"; bbox 0 0 1945 3235; ppageno 0'>
   <div class='ocr_carea' id='block_1_1' title="bbox 337 119 1814 1923">
    <p class='ocr_par' dir='ltr' id='par_1_1' title="bbox 394 119 1811 676">
     <span class='ocr_line' id='line_1_1' title="bbox 394 119 1337 160; baseline -0.002 0"><span class='ocrx_word' id='word_1_1' title='bbox 394 128 440 160; x_wconf 62' lang='lat' dir='ltr'>Si</span> <span class='ocrx_word' id='word_1_2' title='bbox 866 121 942 159; x_wconf 90' lang='lat' dir='ltr'>AD</span> <span class='ocrx_word' id='word_1_3' title='bbox 969 119 1337 160; x_wconf 87' lang='lat' dir='ltr'>HERENNIUM</span> 
     </span>
     <span class='ocr_line' id='line_1_2' title="bbox 395 219 1807 279; baseline -0.002 -15"><span class='ocrx_word' id='word_1_4' title='bbox 395 238 508 264; x_wconf 81' lang='lat' dir='ltr'>ncin.</span> <span class='ocrx_word' id='word_1_5' title='bbox 570 222 694 273; x_wconf 79' lang='lat' dir='ltr'>Item,</span> <span class='ocrx_word' id='word_1_6' title='bbox 717 224 803 270; x_wconf 79' lang='lat' dir='ltr'>Qui</span> <span class='ocrx_word' id='word_1_7' title='bbox 838 223 1018 266; x_wconf 88' lang='lat' dir='ltr'>fortunis</span> <span class='ocrx_word' id='word_1_8' title='bbox 1052 225 1230 279; x_wconf 82' lang='lat' dir='ltr'>alicujus</span> <span class='ocrx_word' id='word_1_9' title='bbox 1262 223 1425 265; x_wconf 88' lang='lat' dir='ltr'>inducti</span> <span class='ocrx_word' id='word_1_10' title='bbox 1455 222 1687 264; x_wconf 85' lang='lat' dir='ltr'>amicitiam</span> <span class='ocrx_word' id='word_1_11' title='bbox 1715 219 1807 276; x_wconf 88' lang='lat' dir='ltr'>ejus</span> 
     </span>
     <span class='ocr_line' id='line_1_3' title="bbox 395 279 1807 336; baseline -0.001 -16"><span class='ocrx_word' id='word_1_12' title='bbox 395 280 530 321; x_wconf 77' lang='lat' dir='ltr'>secuti</span> <span class='ocrx_word' id='word_1_13' title='bbox 549 290 661 330; x_wconf 83' lang='lat' dir='ltr'>sunt,</span> <span class='ocrx_word' id='word_1_14' title='bbox 675 280 734 329; x_wconf 84' lang='lat' dir='ltr'>hi,</span> <span class='ocrx_word' id='word_1_15' title='bbox 749 280 872 321; x_wconf 86' lang='lat' dir='ltr'>simul</span> <span class='ocrx_word' id='word_1_16' title='bbox 891 296 939 322; x_wconf 85' lang='lat' dir='ltr'>ac</span> <span class='ocrx_word' id='word_1_17' title='bbox 962 281 1134 322; x_wconf 82' lang='lat' dir='ltr'>fortuna</span> <span class='ocrx_word' id='word_1_18' title='bbox 1152 281 1314 336; x_wconf 86' lang='lat' dir='ltr'>dilapsa</span> <span class='ocrx_word' id='word_1_19' title='bbox 1331 289 1408 330; x_wconf 89' lang='lat' dir='ltr'>est,</span> <span class='ocrx_word' id='word_1_20' title='bbox 1427 279 1625 320; x_wconf 86' lang='lat' dir='ltr'>devolant</span> <span class='ocrx_word' id='word_1_21' title='bbox 1645 291 1807 320; x_wconf 88' lang='lat' dir='ltr'>omnes.</span> 
     </span>
     <span class='ocr_line' id='line_1_4' title="bbox 398 335 1807 392; baseline -0.002 -15"><span class='ocrx_word' id='word_1_22' title='bbox 398 337 510 377; x_wconf 88' lang='lat' dir='ltr'>Cum</span> <span class='ocrx_word' id='word_1_23' title='bbox 543 337 657 378; x_wconf 87' lang='lat' dir='ltr'>enim</span> <span class='ocrx_word' id='word_1_24' title='bbox 689 338 860 378; x_wconf 79' lang='lat' dir='ltr'>recessit</span> <span class='ocrx_word' id='word_1_25' title='bbox 888 352 938 378; x_wconf 80' lang='lat' dir='ltr'>ea</span> <span class='ocrx_word' id='word_1_26' title='bbox 967 352 1044 388; x_wconf 90' lang='lat' dir='ltr'>res,</span> <span class='ocrx_word' id='word_1_27' title='bbox 1078 352 1174 392; x_wconf 81' lang='lat' dir='ltr'>quae</span> <span class='ocrx_word' id='word_1_28' title='bbox 1202 337 1284 377; x_wconf 87' lang='lat' dir='ltr'>fuit</span> <span class='ocrx_word' id='word_1_29' title='bbox 1315 335 1635 377; x_wconf 81' lang='lat' dir='ltr'>consuetudinis</span> <span class='ocrx_word' id='word_1_30' title='bbox 1667 348 1807 384; x_wconf 84' lang='lat' dir='ltr'>causa,</span> 
     </span>
     <span class='ocr_line' id='line_1_5' title="bbox 399 390 1808 449; baseline -0.003 -14"><span class='ocrx_word' id='word_1_31' title='bbox 399 393 505 435; x_wconf 88' lang='lat' dir='ltr'>nihil</span> <span class='ocrx_word' id='word_1_32' title='bbox 528 404 731 446; x_wconf 78' lang='lat' dir='ltr'>superest,</span> <span class='ocrx_word' id='word_1_33' title='bbox 751 408 879 448; x_wconf 83' lang='lat' dir='ltr'>quare</span> <span class='ocrx_word' id='word_1_34' title='bbox 901 395 1065 449; x_wconf 77' lang='lat' dir='ltr'>possint</span> <span class='ocrx_word' id='word_1_35' title='bbox 1084 395 1126 435; x_wconf 89' lang='lat' dir='ltr'>in</span> <span class='ocrx_word' id='word_1_36' title='bbox 1147 394 1338 435; x_wconf 83' lang='lat' dir='ltr'>amicitia</span> <span class='ocrx_word' id='word_1_37' title='bbox 1356 392 1543 434; x_wconf 87' lang='lat' dir='ltr'>retineri.</span> <span class='ocrx_word' id='word_1_38' title='bbox 1578 391 1688 432; x_wconf 89' lang='lat' dir='ltr'>Sunt</span> <span class='ocrx_word' id='word_1_39' title='bbox 1705 390 1808 432; x_wconf 88' lang='lat' dir='ltr'>item</span> 
     </span>
     <span class='ocr_line' id='line_1_6' title="bbox 400 449 1809 505; baseline -0.002 -15"><span class='ocrx_word' id='word_1_40' title='bbox 400 451 637 499; x_wconf 65' lang='lat' dir='ltr'>sementim,</span> <span class='ocrx_word' id='word_1_41' title='bbox 656 465 751 504; x_wconf 74' lang='lat' dir='ltr'>qum</span> <span class='ocrx_word' id='word_1_42' title='bbox 775 449 1000 505; x_wconf 88' lang='lat' dir='ltr'>dupliciter</span> <span class='ocrx_word' id='word_1_43' title='bbox 1019 450 1265 500; x_wconf 84' lang='lat' dir='ltr'>efferuntur,</span> <span class='ocrx_word' id='word_1_44' title='bbox 1283 453 1322 485; x_wconf 87' lang='grc'>93</span> <span class='ocrx_word' id='word_1_45' title='bbox 1334 450 1423 490; x_wconf 88' lang='lat' dir='ltr'>sine</span> <span class='ocrx_word' id='word_1_46' title='bbox 1449 449 1627 498; x_wconf 84' lang='lat' dir='ltr'>ratione,</span> <span class='ocrx_word' id='word_1_47' title='bbox 1645 456 1688 488; x_wconf 86' lang='lat' dir='ltr'>et</span> <span class='ocrx_word' id='word_1_48' title='bbox 1710 460 1809 488; x_wconf 90' lang='lat' dir='ltr'>cum</span> 
     </span>
     <span class='ocr_line' id='line_1_7' title="bbox 400 503 1810 561; baseline -0.003 -13"><span class='ocrx_word' id='word_1_49' title='bbox 400 507 578 548; x_wconf 83' lang='lat' dir='ltr'>ratione.</span> <span class='ocrx_word' id='word_1_50' title='bbox 611 507 694 547; x_wconf 86' lang='lat' dir='ltr'>hoc</span> <span class='ocrx_word' id='word_1_51' title='bbox 724 507 851 547; x_wconf 89' lang='lat' dir='ltr'>modo</span> <span class='ocrx_word' id='word_1_52' title='bbox 882 507 971 547; x_wconf 89' lang='lat' dir='ltr'>sine</span> <span class='ocrx_word' id='word_1_53' title='bbox 1002 508 1187 549; x_wconf 86' lang='lat' dir='ltr'>ratione:</span> <span class='ocrx_word' id='word_1_54' title='bbox 1221 505 1389 557; x_wconf 84' lang='lat' dir='ltr'>Errant,</span> <span class='ocrx_word' id='word_1_55' title='bbox 1419 505 1491 561; x_wconf 92' lang='lat' dir='ltr'>qui</span> <span class='ocrx_word' id='word_1_56' title='bbox 1525 505 1567 545; x_wconf 90' lang='lat' dir='ltr'>in</span> <span class='ocrx_word' id='word_1_57' title='bbox 1600 503 1810 560; x_wconf 85' lang='lat' dir='ltr'>prosperis</span> 
     </span>
     <span class='ocr_line' id='line_1_8' title="bbox 400 560 1811 619; baseline -0.004 -14"><span class='ocrx_word' id='word_1_58' title='bbox 400 565 526 605; x_wconf 86' lang='lat' dir='ltr'>rebus</span> <span class='ocrx_word' id='word_1_59' title='bbox 545 577 691 604; x_wconf 85' lang='lat' dir='ltr'>omnes</span> <span class='ocrx_word' id='word_1_60' title='bbox 712 563 892 618; x_wconf 87' lang='lat' dir='ltr'>impetus</span> <span class='ocrx_word' id='word_1_61' title='bbox 917 563 1099 604; x_wconf 85' lang='lat' dir='ltr'>fortunae</span> <span class='ocrx_word' id='word_1_62' title='bbox 1119 578 1162 604; x_wconf 90' lang='lat' dir='ltr'>se</span> <span class='ocrx_word' id='word_1_63' title='bbox 1185 572 1338 619; x_wconf 79' lang='lat' dir='ltr'>putant</span> <span class='ocrx_word' id='word_1_64' title='bbox 1356 563 1529 618; x_wconf 83' lang='lat' dir='ltr'>fugisse.</span> <span class='ocrx_word' id='word_1_65' title='bbox 1588 560 1811 616; x_wconf 80' lang='lat' dir='ltr'>Sapienter</span> 
     </span>
     <span class='ocr_line' id='line_1_9' title="bbox 400 615 1810 676; baseline -0.004 -14"><span class='ocrx_word' id='word_1_66' title='bbox 400 621 608 676; x_wconf 78' lang='lat' dir='ltr'>cogitant,</span> <span class='ocrx_word' id='word_1_67' title='bbox 631 619 702 673; x_wconf 88' lang='lat' dir='ltr'>qui</span> <span class='ocrx_word' id='word_1_68' title='bbox 727 619 989 674; x_wconf 85' lang='lat' dir='ltr'>temporibus</span> <span class='ocrx_word' id='word_1_69' title='bbox 1012 620 1207 661; x_wconf 88' lang='lat' dir='ltr'>secundis</span> <span class='ocrx_word' id='word_1_70' title='bbox 1239 635 1360 662; x_wconf 86' lang='lat' dir='ltr'>casus</span> <span class='ocrx_word' id='word_1_71' title='bbox 1389 619 1586 660; x_wconf 85' lang='lat' dir='ltr'>adversos</span> <span class='ocrx_word' id='word_1_72' title='bbox 1617 615 1810 658; x_wconf 89' lang='lat' dir='ltr'>reformi-</span> 
     </span>
    </p>

    <p class='ocr_par' dir='ltr' id='par_1_2' title="bbox 337 675 1811 732">
     <span class='ocr_line' id='line_1_10' title="bbox 337 675 1811 732; baseline -0.003 -13"><span class='ocrx_word' id='word_1_73' title='bbox 337 687 387 719; x_wconf 74' lang='grc'>95</span> <span class='ocrx_word' id='word_1_74' title='bbox 401 678 517 718; x_wconf 83' lang='lat' dir='ltr'>dant.</span> <span class='ocrx_word' id='word_1_75' title='bbox 577 675 689 716; x_wconf 88' lang='lat' dir='ltr'>Cum</span> <span class='ocrx_word' id='word_1_76' title='bbox 710 676 888 726; x_wconf 83' lang='lat' dir='ltr'>ratione,</span> <span class='ocrx_word' id='word_1_77' title='bbox 911 676 993 717; x_wconf 93' lang='lat' dir='ltr'>hoc</span> <span class='ocrx_word' id='word_1_78' title='bbox 1013 686 1162 732; x_wconf 87' lang='lat' dir='ltr'>pacto:</span> <span class='ocrx_word' id='word_1_79' title='bbox 1195 677 1283 723; x_wconf 83' lang='lat' dir='ltr'>Qui</span> <span class='ocrx_word' id='word_1_80' title='bbox 1307 675 1639 717; x_wconf 84' lang='lat' dir='ltr'>adolescentium</span> <span class='ocrx_word' id='word_1_81' title='bbox 1660 687 1811 730; x_wconf 86' lang='lat' dir='ltr'>pecca-</span> 
     </span>
    </p>

    <p class='ocr_par' dir='ltr' id='par_1_3' title="bbox 401 729 1813 790">
     <span class='ocr_line' id='line_1_11' title="bbox 401 729 1813 790; baseline -0.003 -15"><span class='ocrx_word' id='word_1_82' title='bbox 401 735 453 775; x_wconf 85' lang='lat' dir='ltr'>tis</span> <span class='ocrx_word' id='word_1_83' title='bbox 496 733 658 788; x_wconf 79' lang='lat' dir='ltr'>ignosci</span> <span class='ocrx_word' id='word_1_84' title='bbox 692 741 845 788; x_wconf 91' lang='lat' dir='ltr'>putant</span> <span class='ocrx_word' id='word_1_85' title='bbox 878 741 1088 788; x_wconf 83' lang='lat' dir='ltr'>oportere,</span> <span class='ocrx_word' id='word_1_86' title='bbox 1126 732 1343 783; x_wconf 83' lang='lat' dir='ltr'>falluntur,</span> <span class='ocrx_word' id='word_1_87' title='bbox 1386 741 1609 790; x_wconf 84' lang='lat' dir='ltr'>propterea</span> <span class='ocrx_word' id='word_1_88' title='bbox 1643 729 1813 785; x_wconf 80' lang='lat' dir='ltr'>94quod</span> 
     </span>
    </p>

    <p class='ocr_par' dir='ltr' id='par_1_4' title="bbox 395 787 1812 1127">
     <span class='ocr_line' id='line_1_12' title="bbox 399 787 1811 844; baseline -0.003 -13"><span class='ocrx_word' id='word_1_89' title='bbox 399 801 502 831; x_wconf 63' lang='lat' dir='ltr'>zetas</span> <span class='ocrx_word' id='word_1_90' title='bbox 526 789 596 829; x_wconf 85' lang='lat' dir='ltr'>illa</span> <span class='ocrx_word' id='word_1_91' title='bbox 612 803 698 829; x_wconf 91' lang='lat' dir='ltr'>non</span> <span class='ocrx_word' id='word_1_92' title='bbox 720 799 783 830; x_wconf 83' lang='lat' dir='ltr'>est</span> <span class='ocrx_word' id='word_1_93' title='bbox 805 789 1111 844; x_wconf 87' lang='lat' dir='ltr'>impedimento</span> <span class='ocrx_word' id='word_1_94' title='bbox 1132 790 1254 830; x_wconf 90' lang='lat' dir='ltr'>bonis</span> <span class='ocrx_word' id='word_1_95' title='bbox 1273 789 1438 830; x_wconf 85' lang='lat' dir='ltr'>studiis.</span> <span class='ocrx_word' id='word_1_96' title='bbox 1459 793 1499 825; x_wconf 88' lang='lat'>95</span> <span class='ocrx_word' id='word_1_97' title='bbox 1514 797 1557 829; x_wconf 85' lang='lat' dir='ltr'>at</span> <span class='ocrx_word' id='word_1_98' title='bbox 1578 787 1622 828; x_wconf 92' lang='lat' dir='ltr'>hi</span> <span class='ocrx_word' id='word_1_99' title='bbox 1645 787 1811 843; x_wconf 86' lang='lat' dir='ltr'>sapien-</span> 
     </span>
     <span class='ocr_line' id='line_1_13' title="bbox 398 843 1810 902; baseline -0.002 -16"><span class='ocrx_word' id='word_1_100' title='bbox 398 858 462 886; x_wconf 82' lang='lat' dir='ltr'>ter</span> <span class='ocrx_word' id='word_1_101' title='bbox 485 845 661 896; x_wconf 87' lang='lat' dir='ltr'>faciunt,</span> <span class='ocrx_word' id='word_1_102' title='bbox 684 846 755 900; x_wconf 89' lang='lat' dir='ltr'>qui</span> <span class='ocrx_word' id='word_1_103' title='bbox 788 845 1076 886; x_wconf 78' lang='lat' dir='ltr'>adolescentes</span> <span class='ocrx_word' id='word_1_104' title='bbox 1107 847 1294 887; x_wconf 84' lang='lat' dir='ltr'>maxime</span> <span class='ocrx_word' id='word_1_105' title='bbox 1323 846 1550 902; x_wconf 83' lang='lat' dir='ltr'>castigant,</span> <span class='ocrx_word' id='word_1_106' title='bbox 1572 855 1634 895; x_wconf 89' lang='lat' dir='ltr'>ut,</span> <span class='ocrx_word' id='word_1_107' title='bbox 1654 843 1810 899; x_wconf 84' lang='lat' dir='ltr'>quibus</span> 
     </span>
     <span class='ocr_line' id='line_1_14' title="bbox 398 902 1811 958; baseline -0.001 -15"><span class='ocrx_word' id='word_1_108' title='bbox 398 903 626 943; x_wconf 74' lang='lat' dir='ltr'>virtutibus</span> <span class='ocrx_word' id='word_1_109' title='bbox 660 916 830 942; x_wconf 83' lang='lat' dir='ltr'>omnem</span> <span class='ocrx_word' id='word_1_110' title='bbox 861 902 993 942; x_wconf 78' lang='lat' dir='ltr'>vitam</span> <span class='ocrx_word' id='word_1_111' title='bbox 1013 903 1054 936; x_wconf 89' lang='lat'>96</span> <span class='ocrx_word' id='word_1_112' title='bbox 1069 902 1177 942; x_wconf 89' lang='lat' dir='ltr'>tueri</span> <span class='ocrx_word' id='word_1_113' title='bbox 1200 903 1378 958; x_wconf 87' lang='lat' dir='ltr'>possint,</span> <span class='ocrx_word' id='word_1_114' title='bbox 1404 916 1474 943; x_wconf 85' lang='lat' dir='ltr'>eas</span> <span class='ocrx_word' id='word_1_115' title='bbox 1508 902 1549 943; x_wconf 90' lang='lat' dir='ltr'>in</span> <span class='ocrx_word' id='word_1_116' title='bbox 1573 909 1701 942; x_wconf 81' lang='lat' dir='ltr'>aetate</span> <span class='ocrx_word' id='word_1_117' title='bbox 1720 914 1811 941; x_wconf 86' lang='lat' dir='ltr'>ma-</span> 
     </span>
     <span class='ocr_line' id='line_1_15' title="bbox 397 958 1812 1015; baseline -0.001 -16"><span class='ocrx_word' id='word_1_118' title='bbox 397 959 610 1000; x_wconf 82' lang='lat' dir='ltr'>turissima</span> <span class='ocrx_word' id='word_1_119' title='bbox 630 958 760 999; x_wconf 87' lang='lat' dir='ltr'>velint</span> <span class='ocrx_word' id='word_1_120' title='bbox 778 972 1038 1014; x_wconf 84' lang='lat' dir='ltr'>comparare.</span> <span class='ocrx_word' id='word_1_121' title='bbox 1098 958 1339 999; x_wconf 88' lang='lat' dir='ltr'>Sententias</span> <span class='ocrx_word' id='word_1_122' title='bbox 1361 959 1572 1015; x_wconf 89' lang='lat' dir='ltr'>interponi</span> <span class='ocrx_word' id='word_1_123' title='bbox 1595 971 1688 999; x_wconf 90' lang='lat' dir='ltr'>raro</span> <span class='ocrx_word' id='word_1_124' title='bbox 1709 971 1812 998; x_wconf 91' lang='lat' dir='ltr'>con-</span> 
     </span>
     <span class='ocr_line' id='line_1_16' title="bbox 397 1013 1811 1071; baseline -0.001 -15"><span class='ocrx_word' id='word_1_125' title='bbox 397 1017 528 1066; x_wconf 75' lang='lat' dir='ltr'>venit,</span> <span class='ocrx_word' id='word_1_126' title='bbox 550 1024 598 1055; x_wconf 90' lang='lat' dir='ltr'>ut</span> <span class='ocrx_word' id='word_1_127' title='bbox 620 1015 678 1055; x_wconf 91' lang='lat' dir='ltr'>rei</span> <span class='ocrx_word' id='word_1_128' title='bbox 713 1024 893 1066; x_wconf 84' lang='lat' dir='ltr'>actores,</span> <span class='ocrx_word' id='word_1_129' title='bbox 915 1029 1001 1055; x_wconf 91' lang='lat' dir='ltr'>non</span> <span class='ocrx_word' id='word_1_130' title='bbox 1037 1015 1207 1055; x_wconf 79' lang='lat' dir='ltr'>vivendi</span> <span class='ocrx_word' id='word_1_131' title='bbox 1238 1029 1376 1071; x_wconf 85' lang='lat' dir='ltr'>praece</span> <span class='ocrx_word' id='word_1_132' title='bbox 1411 1025 1521 1056; x_wconf 88' lang='lat' dir='ltr'>tores</span> <span class='ocrx_word' id='word_1_133' title='bbox 1550 1028 1641 1056; x_wconf 84' lang='lat' dir='ltr'>esse</span> <span class='ocrx_word' id='word_1_134' title='bbox 1669 1013 1811 1055; x_wconf 85' lang='lat' dir='ltr'>videa-</span> 
     </span>
     <span class='ocr_line' id='line_1_17' title="bbox 395 1030 1810 1127; baseline -0.002 -14"><span class='ocrx_word' id='word_1_135' title='bbox 395 1087 503 1113; x_wconf 88' lang='lat' dir='ltr'>mur.</span> <span class='ocrx_word' id='word_1_136' title='bbox 538 1087 636 1113; x_wconf 90' lang='lat' dir='ltr'>cum</span> <span class='ocrx_word' id='word_1_137' title='bbox 671 1072 730 1112; x_wconf 85' lang='lat' dir='ltr'>ita</span> <span class='ocrx_word' id='word_1_138' title='bbox 763 1072 1102 1127; x_wconf 86' lang='lat' dir='ltr'>interponentur,</span> <span class='ocrx_word' id='word_1_139' title='bbox 1131 1071 1315 1113; x_wconf 88' lang='lat' dir='ltr'>multum</span> <span class='ocrx_word' id='word_1_140' title='bbox 1347 1030 1526 1113; x_wconf 42' lang='lat' dir='ltr'>algerent</span> <span class='ocrx_word' id='word_1_141' title='bbox 1556 1071 1810 1113; x_wconf 85' lang='lat' dir='ltr'>ornamenti.</span> 
     </span>
    </p>

    <p class='ocr_par' dir='ltr' id='par_1_5' title="bbox 394 1128 1810 1184">
     <span class='ocr_line' id='line_1_18' title="bbox 394 1128 1810 1184; baseline 0.001 -14"><span class='ocrx_word' id='word_1_142' title='bbox 394 1133 432 1163; x_wconf 83' lang='grc'>97</span> <span class='ocrx_word' id='word_1_143' title='bbox 450 1129 635 1170; x_wconf 89' lang='lat' dir='ltr'>Necesse</span> <span class='ocrx_word' id='word_1_144' title='bbox 656 1137 721 1169; x_wconf 88' lang='lat' dir='ltr'>cst</span> <span class='ocrx_word' id='word_1_145' title='bbox 745 1129 874 1179; x_wconf 85' lang='lat' dir='ltr'>enim,</span> <span class='ocrx_word' id='word_1_146' title='bbox 904 1143 997 1169; x_wconf 83' lang='lat' dir='ltr'>cam</span> <span class='ocrx_word' id='word_1_147' title='bbox 1027 1129 1281 1184; x_wconf 86' lang='lat' dir='ltr'>comprobet</span> <span class='ocrx_word' id='word_1_148' title='bbox 1315 1129 1469 1170; x_wconf 86' lang='lat' dir='ltr'>tacitus</span> <span class='ocrx_word' id='word_1_149' title='bbox 1501 1128 1684 1179; x_wconf 85' lang='lat' dir='ltr'>auditor,</span> <span class='ocrx_word' id='word_1_150' title='bbox 1712 1141 1810 1171; x_wconf 85' lang='lat' dir='ltr'>cum</span> 
     </span>
    </p>

    <p class='ocr_par' dir='ltr' id='par_1_6' title="bbox 395 1185 1811 1236">
     <span class='ocr_line' id='line_1_19' title="bbox 395 1185 1811 1236; baseline 0.001 -12"><span class='ocrx_word' id='word_1_151' title='bbox 395 1185 448 1226; x_wconf 90' lang='lat' dir='ltr'>ad</span> <span class='ocrx_word' id='word_1_152' title='bbox 470 1200 642 1227; x_wconf 83' lang='lat' dir='ltr'>causam</span> <span class='ocrx_word' id='word_1_153' title='bbox 664 1185 805 1226; x_wconf 80' lang='lat' dir='ltr'>videat</span> <span class='ocrx_word' id='word_1_154' title='bbox 824 1185 1143 1226; x_wconf 81' lang='lat' dir='ltr'>accommodari</span> <span class='ocrx_word' id='word_1_155' title='bbox 1163 1200 1250 1226; x_wconf 86' lang='lat' dir='ltr'>rem</span> <span class='ocrx_word' id='word_1_156' title='bbox 1272 1195 1447 1236; x_wconf 86' lang='lat' dir='ltr'>certam,</span> <span class='ocrx_word' id='word_1_157' title='bbox 1468 1198 1523 1226; x_wconf 87' lang='lat' dir='ltr'>ex</span> <span class='ocrx_word' id='word_1_158' title='bbox 1547 1185 1636 1226; x_wconf 84' lang='lat' dir='ltr'>vita</span> <span class='ocrx_word' id='word_1_159' title='bbox 1655 1192 1699 1225; x_wconf 87' lang='lat' dir='ltr'>et</span> <span class='ocrx_word' id='word_1_160' title='bbox 1717 1197 1811 1225; x_wconf 90' lang='lat' dir='ltr'>mo-</span> 
     </span>
    </p>

    <p class='ocr_par' dir='ltr' id='par_1_7' title="bbox 394 1243 733 1284">
     <span class='ocr_line' id='line_1_20' title="bbox 394 1243 733 1284; baseline 0 -2"><span class='ocrx_word' id='word_1_161' title='bbox 394 1243 511 1284; x_wconf 85' lang='lat' dir='ltr'>ribus</span> <span class='ocrx_word' id='word_1_162' title='bbox 535 1250 733 1283; x_wconf 89' lang='lat' dir='ltr'>sumtam.</span> 
     </span>
    </p>

    <p class='ocr_par' dir='ltr' id='par_1_8' title="bbox 391 1298 1814 1923">
     <span class='ocr_line' id='line_1_21' title="bbox 448 1298 1812 1354; baseline -0.001 -14"><span class='ocrx_word' id='word_1_163' title='bbox 448 1303 488 1335; x_wconf 82' lang='grc'>98</span> <span class='ocrx_word' id='word_1_164' title='bbox 505 1299 779 1340; x_wconf 81' lang='lat' dir='ltr'>Contrarium</span> <span class='ocrx_word' id='word_1_165' title='bbox 810 1299 920 1340; x_wconf 88' lang='lat' dir='ltr'>idem</span> <span class='ocrx_word' id='word_1_166' title='bbox 954 1298 1040 1340; x_wconf 86' lang='lat' dir='ltr'>fere</span> <span class='ocrx_word' id='word_1_167' title='bbox 1071 1307 1148 1349; x_wconf 86' lang='lat' dir='ltr'>est,</span> <span class='ocrx_word' id='word_1_168' title='bbox 1183 1299 1299 1354; x_wconf 92' lang='lat' dir='ltr'>quod</span> <span class='ocrx_word' id='word_1_169' title='bbox 1332 1299 1568 1341; x_wconf 89' lang='lat' dir='ltr'>contentio.</span> <span class='ocrx_word' id='word_1_170' title='bbox 1629 1298 1812 1340; x_wconf 85' lang='lat' dir='ltr'>Contra-</span> 
     </span>
     <span class='ocr_line' id='line_1_22' title="bbox 394 1353 1813 1412; baseline -0.001 -15"><span class='ocrx_word' id='word_1_171' title='bbox 394 1357 505 1397; x_wconf 87' lang='lat' dir='ltr'>rium</span> <span class='ocrx_word' id='word_1_172' title='bbox 536 1366 614 1407; x_wconf 88' lang='lat' dir='ltr'>est,</span> <span class='ocrx_word' id='word_1_173' title='bbox 639 1356 753 1412; x_wconf 91' lang='lat' dir='ltr'>quod</span> <span class='ocrx_word' id='word_1_174' title='bbox 785 1371 838 1397; x_wconf 86' lang='lat' dir='ltr'>cx</span> <span class='ocrx_word' id='word_1_175' title='bbox 874 1357 998 1397; x_wconf 88' lang='lat' dir='ltr'>rebus</span> <span class='ocrx_word' id='word_1_176' title='bbox 1032 1356 1210 1397; x_wconf 86' lang='lat' dir='ltr'>diversis</span> <span class='ocrx_word' id='word_1_177' title='bbox 1244 1357 1408 1398; x_wconf 84' lang='lat' dir='ltr'>duabus</span> <span class='ocrx_word' id='word_1_178' title='bbox 1431 1356 1606 1397; x_wconf 86' lang='lat' dir='ltr'>alteram</span> <span class='ocrx_word' id='word_1_179' title='bbox 1627 1353 1813 1397; x_wconf 84' lang='lat' dir='ltr'>breviter</span> 
     </span>
     <span class='ocr_line' id='line_1_23' title="bbox 392 1411 1811 1469; baseline 0 -16"><span class='ocrx_word' id='word_1_180' title='bbox 392 1422 436 1453; x_wconf 84' lang='lat' dir='ltr'>et</span> <span class='ocrx_word' id='word_1_181' title='bbox 472 1413 598 1455; x_wconf 87' lang='lat' dir='ltr'>facile</span> <span class='ocrx_word' id='word_1_182' title='bbox 630 1413 872 1463; x_wconf 84' lang='lat' dir='ltr'>confirmat,</span> <span class='ocrx_word' id='word_1_183' title='bbox 906 1413 988 1454; x_wconf 90' lang='lat' dir='ltr'>hoc</span> <span class='ocrx_word' id='word_1_184' title='bbox 1020 1421 1175 1469; x_wconf 80' lang='lat' dir='ltr'>pacto:</span> <span class='ocrx_word' id='word_1_185' title='bbox 1211 1413 1339 1464; x_wconf 84' lang='lat' dir='ltr'>Nam,</span> <span class='ocrx_word' id='word_1_186' title='bbox 1362 1414 1435 1469; x_wconf 89' lang='lat' dir='ltr'>qui</span> <span class='ocrx_word' id='word_1_187' title='bbox 1467 1413 1552 1454; x_wconf 88' lang='lat' dir='ltr'>suis</span> <span class='ocrx_word' id='word_1_188' title='bbox 1574 1411 1811 1454; x_wconf 84' lang='lat' dir='ltr'>rationibus</span> 
     </span>
     <span class='ocr_line' id='line_1_24' title="bbox 393 1468 1812 1525; baseline 0 -16"><span class='ocrx_word' id='word_1_189' title='bbox 393 1470 592 1512; x_wconf 87' lang='lat' dir='ltr'>inimicus</span> <span class='ocrx_word' id='word_1_190' title='bbox 616 1469 744 1510; x_wconf 92' lang='lat' dir='ltr'>fuerit</span> <span class='ocrx_word' id='word_1_191' title='bbox 767 1484 945 1525; x_wconf 85' lang='lat' dir='ltr'>semper,</span> <span class='ocrx_word' id='word_1_192' title='bbox 965 1484 1062 1510; x_wconf 87' lang='lat' dir='ltr'>eum</span> <span class='ocrx_word' id='word_1_193' title='bbox 1082 1470 1299 1525; x_wconf 90' lang='lat' dir='ltr'>quomodo</span> <span class='ocrx_word' id='word_1_194' title='bbox 1319 1470 1465 1511; x_wconf 87' lang='lat' dir='ltr'>alienis</span> <span class='ocrx_word' id='word_1_195' title='bbox 1479 1470 1604 1511; x_wconf 87' lang='lat' dir='ltr'>rebus</span> <span class='ocrx_word' id='word_1_196' title='bbox 1626 1468 1812 1510; x_wconf 85' lang='lat' dir='ltr'>amicum</span> 
     </span>
     <span class='ocr_line' id='line_1_25' title="bbox 394 1524 1812 1583; baseline 0 -17"><span class='ocrx_word' id='word_1_197' title='bbox 394 1526 483 1567; x_wconf 85' lang='lat' dir='ltr'>fore</span> <span class='ocrx_word' id='word_1_198' title='bbox 511 1529 682 1583; x_wconf 86' lang='lat' dir='ltr'>speres?</span> <span class='ocrx_word' id='word_1_199' title='bbox 711 1531 752 1562; x_wconf 88' lang='grc'>99</span> <span class='ocrx_word' id='word_1_200' title='bbox 769 1526 823 1566; x_wconf 79' lang='lat' dir='ltr'>Et</span> <span class='ocrx_word' id='word_1_201' title='bbox 857 1527 973 1578; x_wconf 89' lang='lat' dir='ltr'>item,</span> <span class='ocrx_word' id='word_1_202' title='bbox 1007 1526 1135 1577; x_wconf 82' lang='lat' dir='ltr'>Nam,</span> <span class='ocrx_word' id='word_1_203' title='bbox 1158 1541 1284 1581; x_wconf 89' lang='lat' dir='ltr'>quem</span> <span class='ocrx_word' id='word_1_204' title='bbox 1316 1527 1359 1567; x_wconf 91' lang='lat' dir='ltr'>in</span> <span class='ocrx_word' id='word_1_205' title='bbox 1393 1526 1585 1567; x_wconf 82' lang='lat' dir='ltr'>amicitia</span> <span class='ocrx_word' id='word_1_206' title='bbox 1611 1524 1812 1582; x_wconf 89' lang='lat' dir='ltr'>perfidio-</span> 
     </span>
     <span class='ocr_line' id='line_1_26' title="bbox 393 1581 1812 1639; baseline 0 -16"><span class='ocrx_word' id='word_1_207' title='bbox 393 1597 487 1623; x_wconf 82' lang='lat' dir='ltr'>sum</span> <span class='ocrx_word' id='word_1_208' title='bbox 520 1584 786 1639; x_wconf 83' lang='lat' dir='ltr'>cognoveris,</span> <span class='ocrx_word' id='word_1_209' title='bbox 810 1598 906 1623; x_wconf 88' lang='lat' dir='ltr'>eum</span> <span class='ocrx_word' id='word_1_210' title='bbox 929 1598 1058 1638; x_wconf 87' lang='lat' dir='ltr'>quare</span> <span class='ocrx_word' id='word_1_211' title='bbox 1088 1592 1211 1639; x_wconf 87' lang='lat' dir='ltr'>putes</span> <span class='ocrx_word' id='word_1_212' title='bbox 1243 1583 1490 1625; x_wconf 84' lang='lat' dir='ltr'>inimicitias</span> <span class='ocrx_word' id='word_1_213' title='bbox 1512 1597 1610 1624; x_wconf 90' lang='lat' dir='ltr'>cum</span> <span class='ocrx_word' id='word_1_214' title='bbox 1633 1582 1716 1623; x_wconf 91' lang='lat' dir='ltr'>fide</span> <span class='ocrx_word' id='word_1_215' title='bbox 1737 1581 1812 1623; x_wconf 85' lang='lat' dir='ltr'>ha-</span> 
     </span>
     <span class='ocr_line' id='line_1_27' title="bbox 397 1637 1811 1696; baseline -0.001 -16"><span class='ocrx_word' id='word_1_216' title='bbox 397 1641 494 1680; x_wconf 87' lang='lat' dir='ltr'>bere</span> <span class='ocrx_word' id='word_1_217' title='bbox 516 1642 666 1696; x_wconf 79' lang='lat' dir='ltr'>posse?</span> <span class='ocrx_word' id='word_1_218' title='bbox 727 1639 795 1690; x_wconf 78' lang='lat' dir='ltr'>Et,</span> <span class='ocrx_word' id='word_1_219' title='bbox 819 1640 905 1686; x_wconf 78' lang='lat' dir='ltr'>Qui</span> <span class='ocrx_word' id='word_1_220' title='bbox 943 1641 1131 1695; x_wconf 73' lang='lat' dir='ltr'>privatus</span> <span class='ocrx_word' id='word_1_221' title='bbox 1154 1640 1410 1682; x_wconf 85' lang='lat' dir='ltr'>intolerabili</span> <span class='ocrx_word' id='word_1_222' title='bbox 1441 1639 1641 1695; x_wconf 85' lang='lat' dir='ltr'>superbia</span> <span class='ocrx_word' id='word_1_223' title='bbox 1668 1637 1811 1690; x_wconf 88' lang='lat' dir='ltr'>fuerit,</span> 
     </span>
     <span class='ocr_line' id='line_1_28' title="bbox 392 1696 1812 1753; baseline -0.001 -15"><span class='ocrx_word' id='word_1_224' title='bbox 392 1711 490 1738; x_wconf 88' lang='lat' dir='ltr'>eum</span> <span class='ocrx_word' id='word_1_225' title='bbox 513 1697 787 1738; x_wconf 82' lang='lat' dir='ltr'>commodum</span> <span class='ocrx_word' id='word_1_226' title='bbox 815 1707 858 1737; x_wconf 88' lang='lat' dir='ltr'>et</span> <span class='ocrx_word' id='word_1_227' title='bbox 891 1698 953 1737; x_wconf 84' lang='lat' dir='ltr'>sui</span> <span class='ocrx_word' id='word_1_228' title='bbox 985 1706 1316 1753; x_wconf 79' lang='lat' dir='ltr'>cognoscentem</span> <span class='ocrx_word' id='word_1_229' title='bbox 1344 1701 1401 1728; x_wconf 88' lang='lat'>¹00</span> <span class='ocrx_word' id='word_1_230' title='bbox 1415 1696 1506 1738; x_wconf 89' lang='lat' dir='ltr'>fore</span> <span class='ocrx_word' id='word_1_231' title='bbox 1523 1696 1567 1737; x_wconf 90' lang='lat' dir='ltr'>in</span> <span class='ocrx_word' id='word_1_232' title='bbox 1586 1702 1812 1752; x_wconf 87' lang='lat' dir='ltr'>potestate,</span> 
     </span>
     <span class='ocr_line' id='line_1_29' title="bbox 391 1752 1814 1810; baseline 0 -16"><span class='ocrx_word' id='word_1_233' title='bbox 391 1752 467 1808; x_wconf 73' lang='lat' dir='ltr'>qui</span> <span class='ocrx_word' id='word_1_234' title='bbox 490 1768 629 1810; x_wconf 84' lang='lat' dir='ltr'>speres</span> <span class='ocrx_word' id='word_1_235' title='bbox 653 1757 665 1795; x_wconf 85' lang='lat'>?</span> <span class='ocrx_word' id='word_1_236' title='bbox 700 1753 767 1804; x_wconf 82' lang='lat' dir='ltr'>Et,</span> <span class='ocrx_word' id='word_1_237' title='bbox 792 1754 880 1799; x_wconf 80' lang='lat' dir='ltr'>Qui</span> <span class='ocrx_word' id='word_1_238' title='bbox 915 1754 954 1794; x_wconf 89' lang='lat' dir='ltr'>in</span> <span class='ocrx_word' id='word_1_239' title='bbox 979 1754 1245 1794; x_wconf 88' lang='lat' dir='ltr'>sermonibus</span> <span class='ocrx_word' id='word_1_240' title='bbox 1274 1762 1317 1794; x_wconf 92' lang='lat' dir='ltr'>et</span> <span class='ocrx_word' id='word_1_241' title='bbox 1341 1762 1555 1794; x_wconf 90' lang='lat' dir='ltr'>conventu</span> <span class='ocrx_word' id='word_1_242' title='bbox 1578 1752 1814 1794; x_wconf 85' lang='lat' dir='ltr'>amicorum</span> 
     </span>
     <span class='ocr_line' id='line_1_30' title="bbox 396 1809 1814 1864; baseline -0.001 -14"><span class='ocrx_word' id='word_1_243' title='bbox 396 1814 407 1840; x_wconf 89' lang='lat'>1</span> <span class='ocrx_word' id='word_1_244' title='bbox 435 1825 580 1851; x_wconf 83' lang='lat' dir='ltr'>verum</span> <span class='ocrx_word' id='word_1_245' title='bbox 603 1811 761 1852; x_wconf 86' lang='lat' dir='ltr'>dixerit</span> <span class='ocrx_word' id='word_1_246' title='bbox 783 1824 1014 1864; x_wconf 82' lang='lat' dir='ltr'>nunquam,</span> <span class='ocrx_word' id='word_1_247' title='bbox 1034 1825 1130 1851; x_wconf 88' lang='lat' dir='ltr'>eum</span> <span class='ocrx_word' id='word_1_248' title='bbox 1153 1810 1233 1851; x_wconf 92' lang='lat' dir='ltr'>sibi</span> <span class='ocrx_word' id='word_1_249' title='bbox 1257 1811 1300 1851; x_wconf 89' lang='lat' dir='ltr'>in</span> <span class='ocrx_word' id='word_1_250' title='bbox 1327 1810 1609 1852; x_wconf 90' lang='lat' dir='ltr'>concionibus</span> <span class='ocrx_word' id='word_1_251' title='bbox 1630 1809 1766 1851; x_wconf 91' lang='lat' dir='ltr'>credis</span> <span class='ocrx_word' id='word_1_252' title='bbox 1788 1823 1814 1849; x_wconf 85' lang='lat' dir='ltr'>a</span> 
     </span>
     <span class='ocr_line' id='line_1_31' title="bbox 392 1865 1813 1923; baseline -0.001 -16"><span class='ocrx_word' id='word_1_253' title='bbox 392 1867 615 1909; x_wconf 85' lang='lat' dir='ltr'>mendacio</span> <span class='ocrx_word' id='word_1_254' title='bbox 644 1870 1007 1923; x_wconf 78' lang='lat' dir='ltr'>temperaturum?</span> <span class='ocrx_word' id='word_1_255' title='bbox 1068 1866 1193 1919; x_wconf 88' lang='lat' dir='ltr'>Item,</span> <span class='ocrx_word' id='word_1_256' title='bbox 1225 1867 1347 1914; x_wconf 84' lang='lat' dir='ltr'>Quos</span> <span class='ocrx_word' id='word_1_257' title='bbox 1377 1881 1431 1908; x_wconf 90' lang='lat' dir='ltr'>ex</span> <span class='ocrx_word' id='word_1_258' title='bbox 1458 1866 1637 1908; x_wconf 89' lang='lat' dir='ltr'>collibus</span> <span class='ocrx_word' id='word_1_259' title='bbox 1656 1865 1813 1921; x_wconf 88' lang='lat' dir='ltr'>dejeci-</span> 
     </span>
    </p>
   </div>
   <div class='ocr_carea' id='block_1_2' title="bbox 316 1298 380 1347">
    <p class='ocr_par' dir='ltr' id='par_1_9' title="bbox 316 1298 380 1347">
     <span class='ocr_line' id='line_1_32' title="bbox 316 1298 380 1347; baseline 0.031 -2"><span class='ocrx_word' id='word_1_260' title='bbox 316 1298 380 1347; x_wconf 85' lang='lat'>18</span> 
     </span>
    </p>
   </div>
   <div class='ocr_carea' id='block_1_3' title="bbox 283 1878 378 1915">
    <p class='ocr_par' dir='ltr' id='par_1_10' title="bbox 283 1878 378 1915">
     <span class='ocr_line' id='line_1_33' title="bbox 283 1878 378 1915; baseline -0.011 -10"><span class='ocrx_word' id='word_1_261' title='bbox 283 1885 315 1915; x_wconf 62' lang='grc' dir='ltr'>ιι.</span> <span class='ocrx_word' id='word_1_262' title='bbox 330 1878 378 1906; x_wconf 83' lang='lat'>30.</span> 
     </span>
    </p>
   </div>
   <div class='ocr_carea' id='block_1_4' title="bbox 389 1980 1082 2189">
    <p class='ocr_par' dir='ltr' id='par_1_11' title="bbox 389 1980 1082 2189">
     <span class='ocr_line' id='line_1_34' title="bbox 389 1980 1080 2017; baseline 0 -6"><span class='ocrx_word' id='word_1_263' title='bbox 389 1985 439 2011; x_wconf 82' lang='lat' dir='ltr'>est</span> <span class='ocrx_word' id='word_1_264' title='bbox 460 1981 584 2012; x_wconf 77' lang='lat' dir='ltr'>factum</span> <span class='ocrx_word' id='word_1_265' title='bbox 605 1992 643 2012; x_wconf 74' lang='lat' dir='ltr'>ex</span> <span class='ocrx_word' id='word_1_266' title='bbox 663 1981 924 2017; x_wconf 77' lang='lat' dir='ltr'>dominationem,</span> <span class='ocrx_word' id='word_1_267' title='bbox 947 1985 983 2010; x_wconf 88' lang='lat' dir='ltr'>ut</span> <span class='ocrx_word' id='word_1_268' title='bbox 1000 1980 1080 2011; x_wconf 82' lang='lat' dir='ltr'>inol-</span> 
     </span>
     <span class='ocr_line' id='line_1_35' title="bbox 389 2023 1080 2062; baseline 0.001 -10"><span class='ocrx_word' id='word_1_269' title='bbox 389 2023 452 2053; x_wconf 90' lang='lat' dir='ltr'>lius</span> <span class='ocrx_word' id='word_1_270' title='bbox 471 2028 573 2061; x_wconf 78' lang='lat' dir='ltr'>essct3</span> <span class='ocrx_word' id='word_1_271' title='bbox 597 2023 690 2062; x_wconf 64' lang='lat' dir='ltr'>idque.</span> <span class='ocrx_word' id='word_1_272' title='bbox 716 2033 822 2053; x_wconf 74' lang='lat' dir='ltr'>rursus</span> <span class='ocrx_word' id='word_1_273' title='bbox 843 2028 1022 2053; x_wconf 66' lang='lat' dir='ltr'>correctum</span> <span class='ocrx_word' id='word_1_274' title='bbox 1047 2023 1080 2053; x_wconf 88' lang='lat' dir='ltr'>in</span> 
     </span>
     <span class='ocr_line' id='line_1_36' title="bbox 390 2064 1081 2105; baseline -0.001 -10"><span class='ocrx_word' id='word_1_275' title='bbox 390 2064 611 2105; x_wconf 68' lang='lat' dir='ltr'>wilgatum,f.</span> <span class='ocrx_word' id='word_1_276' title='bbox 626 2066 847 2101; x_wconf 59' lang='lat' dir='ltr'>dominationi,</span> <span class='ocrx_word' id='word_1_277' title='bbox 857 2065 941 2103; x_wconf 85' lang='lat' dir='ltr'>quod</span> <span class='ocrx_word' id='word_1_278' title='bbox 957 2065 1081 2103; x_wconf 86' lang='lat' dir='ltr'>primus</span> 
     </span>
     <span class='ocr_line' id='line_1_37' title="bbox 389 2106 1082 2147; baseline -0.001 -11"><span class='ocrx_word' id='word_1_279' title='bbox 389 2106 477 2137; x_wconf 87' lang='lat' dir='ltr'>dedit</span> <span class='ocrx_word' id='word_1_280' title='bbox 499 2107 611 2138; x_wconf 83' lang='lat' dir='ltr'>Aldus.</span> <span class='ocrx_word' id='word_1_281' title='bbox 635 2109 726 2147; x_wconf 61' lang='lat' dir='ltr'>Saepe</span> <span class='ocrx_word' id='word_1_282' title='bbox 748 2108 855 2137; x_wconf 79' lang='lat' dir='ltr'>utitur</span> <span class='ocrx_word' id='word_1_283' title='bbox 882 2107 994 2137; x_wconf 75' lang='lat' dir='ltr'>Cicero</span> <span class='ocrx_word' id='word_1_284' title='bbox 1023 2106 1082 2136; x_wconf 84' lang='lat' dir='ltr'>hac</span> 
     </span>
     <span class='ocr_line' id='line_1_38' title="bbox 389 2148 1082 2189; baseline 0 -12"><span class='ocrx_word' id='word_1_285' title='bbox 389 2148 506 2184; x_wconf 82' lang='lat' dir='ltr'>forma,</span> <span class='ocrx_word' id='word_1_286' title='bbox 517 2149 694 2189; x_wconf 75' lang='lat' dir='ltr'>praescrtini</span> <span class='ocrx_word' id='word_1_287' title='bbox 705 2149 738 2179; x_wconf 91' lang='lat' dir='ltr'>in</span> <span class='ocrx_word' id='word_1_288' title='bbox 747 2149 955 2178; x_wconf 76' lang='lat' dir='ltr'>divisionibus</span> <span class='ocrx_word' id='word_1_289' title='bbox 964 2153 997 2178; x_wconf 82' lang='lat' dir='ltr'>et</span> <span class='ocrx_word' id='word_1_290' title='bbox 1011 2157 1082 2187; x_wconf 88' lang='lat' dir='ltr'>par-</span> 
     </span>
    </p>
   </div>
   <div class='ocr_carea' id='block_1_5' title="bbox 1124 1981 1813 2187">
    <p class='ocr_par' dir='ltr' id='par_1_12' title="bbox 1124 1981 1538 2022">
     <span class='ocr_line' id='line_1_39' title="bbox 1124 1981 1538 2022; baseline 0 -11"><span class='ocrx_word' id='word_1_291' title='bbox 1124 1987 1212 2018; x_wconf 78' lang='lat' dir='ltr'>sum,</span> <span class='ocrx_word' id='word_1_292' title='bbox 1228 1987 1265 2012; x_wconf 81' lang='lat' dir='ltr'>ut</span> <span class='ocrx_word' id='word_1_293' title='bbox 1277 1986 1327 2012; x_wconf 84' lang='lat' dir='ltr'>est</span> <span class='ocrx_word' id='word_1_294' title='bbox 1340 1982 1373 2012; x_wconf 89' lang='lat' dir='ltr'>in</span> <span class='ocrx_word' id='word_1_295' title='bbox 1387 1981 1538 2022; x_wconf 85' lang='lat' dir='ltr'>vulgatis.</span> 
     </span>
    </p>

    <p class='ocr_par' dir='ltr' id='par_1_13' title="bbox 1124 2019 1813 2187">
     <span class='ocr_line' id='line_1_40' title="bbox 1165 2019 1812 2060; baseline -0.009 -4"><span class='ocrx_word' id='word_1_296' title='bbox 1165 2027 1204 2057; x_wconf 78' lang='lat'>97</span> <span class='ocrx_word' id='word_1_297' title='bbox 1223 2023 1358 2054; x_wconf 78' lang='lat' dir='ltr'>Necesse</span> <span class='ocrx_word' id='word_1_298' title='bbox 1370 2027 1416 2053; x_wconf 80' lang='lat' dir='ltr'>est</span> <span class='ocrx_word' id='word_1_299' title='bbox 1427 2025 1525 2060; x_wconf 79' lang='lat' dir='ltr'>enim,</span> <span class='ocrx_word' id='word_1_300' title='bbox 1539 2020 1638 2060; x_wconf 65' lang='lat' dir='ltr'>eam]</span> <span class='ocrx_word' id='word_1_301' title='bbox 1676 2020 1728 2052; x_wconf 87' lang='lat' dir='ltr'>Sic</span> <span class='ocrx_word' id='word_1_302' title='bbox 1739 2019 1812 2051; x_wconf 78' lang='lat' dir='ltr'>dedi</span> 
     </span>
     <span class='ocr_line' id='line_1_41' title="bbox 1124 2064 1812 2105; baseline -0.003 -11"><span class='ocrx_word' id='word_1_303' title='bbox 1124 2075 1182 2105; x_wconf 89' lang='lat' dir='ltr'>pro</span> <span class='ocrx_word' id='word_1_304' title='bbox 1197 2065 1347 2104; x_wconf 79' lang='lat' dir='ltr'>vulgato:</span> <span class='ocrx_word' id='word_1_305' title='bbox 1374 2065 1467 2095; x_wconf 82' lang='lat' dir='ltr'>Nam</span> <span class='ocrx_word' id='word_1_306' title='bbox 1481 2075 1514 2095; x_wconf 81' lang='lat' dir='ltr'>n.</span> <span class='ocrx_word' id='word_1_307' title='bbox 1527 2068 1574 2094; x_wconf 77' lang='lat' dir='ltr'>est</span> <span class='ocrx_word' id='word_1_308' title='bbox 1593 2064 1702 2093; x_wconf 78' lang='lat' dir='ltr'>animo</span> <span class='ocrx_word' id='word_1_309' title='bbox 1728 2071 1812 2092; x_wconf 84' lang='lat' dir='ltr'>eam.</span> 
     </span>
     <span class='ocr_line' id='line_1_42' title="bbox 1124 2104 1812 2144; baseline -0.004 -7"><span class='ocrx_word' id='word_1_310' title='bbox 1124 2107 1241 2137; x_wconf 80' lang='lat' dir='ltr'>Animo</span> <span class='ocrx_word' id='word_1_311' title='bbox 1255 2106 1378 2137; x_wconf 86' lang='lat' dir='ltr'>factum</span> <span class='ocrx_word' id='word_1_312' title='bbox 1393 2112 1442 2137; x_wconf 88' lang='lat' dir='ltr'>est</span> <span class='ocrx_word' id='word_1_313' title='bbox 1457 2117 1496 2137; x_wconf 86' lang='lat' dir='ltr'>ex</span> <span class='ocrx_word' id='word_1_314' title='bbox 1509 2107 1607 2142; x_wconf 72' lang='lat' dir='ltr'>enim,</span> <span class='ocrx_word' id='word_1_315' title='bbox 1623 2104 1709 2144; x_wconf 88' lang='lat' dir='ltr'>quod</span> <span class='ocrx_word' id='word_1_316' title='bbox 1725 2104 1812 2134; x_wconf 86' lang='lat' dir='ltr'>clare</span> 
     </span>
     <span class='ocr_line' id='line_1_43' title="bbox 1124 2145 1813 2187; baseline -0.004 -8"><span class='ocrx_word' id='word_1_317' title='bbox 1124 2149 1222 2179; x_wconf 82' lang='lat' dir='ltr'>habet</span> <span class='ocrx_word' id='word_1_318' title='bbox 1244 2148 1307 2178; x_wconf 88' lang='lat' dir='ltr'>Ms.</span> <span class='ocrx_word' id='word_1_319' title='bbox 1323 2152 1445 2185; x_wconf 82' lang='lat' dir='ltr'>noster,</span> <span class='ocrx_word' id='word_1_320' title='bbox 1460 2159 1480 2179; x_wconf 89' lang='lat' dir='ltr'>a</span> <span class='ocrx_word' id='word_1_321' title='bbox 1493 2158 1556 2187; x_wconf 89' lang='lat' dir='ltr'>quo</span> <span class='ocrx_word' id='word_1_322' title='bbox 1570 2151 1604 2178; x_wconf 80' lang='lat' dir='ltr'>et</span> <span class='ocrx_word' id='word_1_323' title='bbox 1616 2155 1696 2176; x_wconf 79' lang='lat' dir='ltr'>nam</span> <span class='ocrx_word' id='word_1_324' title='bbox 1709 2145 1813 2182; x_wconf 82' lang='lat' dir='ltr'>abest,</span> 
     </span>
    </p>
   </div>
   <div class='ocr_carea' id='block_1_6' title="bbox 388 2189 1089 2900">
    <p class='ocr_par' dir='ltr' id='par_1_14' title="bbox 388 2189 1061 2225">
     <span class='ocr_line' id='line_1_44' title="bbox 388 2189 1061 2225; baseline 0 -5"><span class='ocrx_word' id='word_1_325' title='bbox 388 2189 578 2220; x_wconf 84' lang='lat' dir='ltr'>titionibus:</span> <span class='ocrx_word' id='word_1_326' title='bbox 603 2191 649 2221; x_wconf 89' lang='lat' dir='ltr'>bis</span> <span class='ocrx_word' id='word_1_327' title='bbox 664 2191 775 2221; x_wconf 80' lang='lat' dir='ltr'>codem</span> <span class='ocrx_word' id='word_1_328' title='bbox 791 2190 862 2220; x_wconf 89' lang='lat' dir='ltr'>loco</span> <span class='ocrx_word' id='word_1_329' title='bbox 875 2190 971 2220; x_wconf 87' lang='lat' dir='ltr'>Tusc.</span> <span class='ocrx_word' id='word_1_330' title='bbox 986 2192 1017 2225; x_wconf 89' lang='lat'>5,</span> <span class='ocrx_word' id='word_1_331' title='bbox 1032 2191 1061 2220; x_wconf 70' lang='lat'>⁶2.</span> 
     </span>
    </p>

    <p class='ocr_par' dir='ltr' id='par_1_15' title="bbox 388 2231 1080 2397">
     <span class='ocr_line' id='line_1_45' title="bbox 431 2231 1080 2272; baseline -0.002 -10"><span class='ocrx_word' id='word_1_332' title='bbox 431 2234 470 2266; x_wconf 80' lang='lat'>93</span> <span class='ocrx_word' id='word_1_333' title='bbox 488 2232 566 2264; x_wconf 80' lang='lat' dir='ltr'>Sine</span> <span class='ocrx_word' id='word_1_334' title='bbox 579 2234 703 2263; x_wconf 72' lang='lat' dir='ltr'>ratione</span> <span class='ocrx_word' id='word_1_335' title='bbox 715 2237 746 2262; x_wconf 82' lang='lat' dir='ltr'>ec</span> <span class='ocrx_word' id='word_1_336' title='bbox 758 2242 832 2262; x_wconf 82' lang='lat' dir='ltr'>cnm</span> <span class='ocrx_word' id='word_1_337' title='bbox 844 2233 924 2272; x_wconf 67' lang='grc' dir='ltr'>ναι]</span> <span class='ocrx_word' id='word_1_338' title='bbox 959 2231 1080 2261; x_wconf 82' lang='lat' dir='ltr'>Delent</span> 
     </span>
     <span class='ocr_line' id='line_1_46' title="bbox 388 2272 1078 2314; baseline 0 -11"><span class='ocrx_word' id='word_1_339' title='bbox 388 2272 459 2304; x_wconf 84' lang='lat' dir='ltr'>haec</span> <span class='ocrx_word' id='word_1_340' title='bbox 473 2274 604 2314; x_wconf 84' lang='lat' dir='ltr'>quidam</span> <span class='ocrx_word' id='word_1_341' title='bbox 619 2275 699 2305; x_wconf 77' lang='lat' dir='ltr'>Mss.</span> <span class='ocrx_word' id='word_1_342' title='bbox 711 2280 745 2305; x_wconf 84' lang='lat' dir='ltr'>et</span> <span class='ocrx_word' id='word_1_343' title='bbox 758 2273 829 2304; x_wconf 87' lang='lat' dir='ltr'>edd.</span> <span class='ocrx_word' id='word_1_344' title='bbox 845 2274 900 2304; x_wconf 85' lang='lat' dir='ltr'>sed</span> <span class='ocrx_word' id='word_1_345' title='bbox 913 2274 995 2305; x_wconf 83' lang='lat' dir='ltr'>ratio</span> <span class='ocrx_word' id='word_1_346' title='bbox 1008 2283 1078 2313; x_wconf 83' lang='lat' dir='ltr'>pcr-</span> 
     </span>
     <span class='ocr_line' id='line_1_47' title="bbox 389 2315 1078 2357; baseline 0 -12"><span class='ocrx_word' id='word_1_347' title='bbox 389 2320 489 2354; x_wconf 81' lang='lat' dir='ltr'>petua</span> <span class='ocrx_word' id='word_1_348' title='bbox 509 2317 651 2346; x_wconf 81' lang='lat' dir='ltr'>auctoris</span> <span class='ocrx_word' id='word_1_349' title='bbox 674 2316 874 2357; x_wconf 84' lang='lat' dir='ltr'>proponendi</span> <span class='ocrx_word' id='word_1_350' title='bbox 896 2317 931 2346; x_wconf 89' lang='lat' dir='ltr'>in</span> <span class='ocrx_word' id='word_1_351' title='bbox 959 2315 1078 2346; x_wconf 83' lang='lat' dir='ltr'>talibus</span> 
     </span>
     <span class='ocr_line' id='line_1_48' title="bbox 388 2358 623 2397; baseline 0.009 -11"><span class='ocrx_word' id='word_1_352' title='bbox 388 2358 507 2388; x_wconf 76' lang='lat' dir='ltr'>servari</span> <span class='ocrx_word' id='word_1_353' title='bbox 518 2358 623 2397; x_wconf 84' lang='lat' dir='ltr'>jubet.</span> 
     </span>
    </p>

    <p class='ocr_par' dir='ltr' id='par_1_16' title="bbox 388 2398 1082 2721">
     <span class='ocr_line' id='line_1_49' title="bbox 430 2398 1077 2439; baseline -0.005 -7"><span class='ocrx_word' id='word_1_354' title='bbox 430 2402 472 2433; x_wconf 78' lang='lat'>94</span> <span class='ocrx_word' id='word_1_355' title='bbox 484 2399 586 2439; x_wconf 74' lang='lat' dir='ltr'>,Quod</span> <span class='ocrx_word' id='word_1_356' title='bbox 595 2405 672 2430; x_wconf 69' lang='lat' dir='ltr'>aetas</span> <span class='ocrx_word' id='word_1_357' title='bbox 692 2401 753 2430; x_wconf 81' lang='lat' dir='ltr'><em>illa</em></span> <span class='ocrx_word' id='word_1_358' title='bbox 773 2410 836 2430; x_wconf 79' lang='lat' dir='ltr'>non</span> <span class='ocrx_word' id='word_1_359' title='bbox 853 2399 924 2438; x_wconf 57' lang='grc' dir='ltr'>δία]</span> <span class='ocrx_word' id='word_1_360' title='bbox 951 2398 1014 2429; x_wconf 85' lang='lat' dir='ltr'>Hic</span> <span class='ocrx_word' id='word_1_361' title='bbox 1029 2399 1077 2429; x_wconf 90' lang='lat' dir='ltr'>lo-</span> 
     </span>
     <span class='ocr_line' id='line_1_50' title="bbox 389 2441 1077 2477; baseline 0.003 -8"><span class='ocrx_word' id='word_1_362' title='bbox 389 2450 446 2470; x_wconf 83' lang='lat' dir='ltr'>cus</span> <span class='ocrx_word' id='word_1_363' title='bbox 459 2442 592 2472; x_wconf 84' lang='lat' dir='ltr'>vitiosus</span> <span class='ocrx_word' id='word_1_364' title='bbox 607 2447 669 2477; x_wconf 82' lang='lat' dir='ltr'>est,</span> <span class='ocrx_word' id='word_1_365' title='bbox 685 2451 744 2472; x_wconf 86' lang='lat' dir='ltr'>nec</span> <span class='ocrx_word' id='word_1_366' title='bbox 758 2441 857 2472; x_wconf 82' lang='lat' dir='ltr'>habet</span> <span class='ocrx_word' id='word_1_367' title='bbox 869 2441 1077 2472; x_wconf 85' lang='lat' dir='ltr'>commodum</span> 
     </span>
     <span class='ocr_line' id='line_1_51' title="bbox 388 2483 1075 2520; baseline 0.001 -9"><span class='ocrx_word' id='word_1_368' title='bbox 388 2491 532 2519; x_wconf 71' lang='lat' dir='ltr'>sensum,</span> <span class='ocrx_word' id='word_1_369' title='bbox 556 2484 621 2513; x_wconf 76' lang='lat' dir='ltr'>sive</span> <span class='ocrx_word' id='word_1_370' title='bbox 642 2483 748 2514; x_wconf 80' lang='lat' dir='ltr'>deleas</span> <span class='ocrx_word' id='word_1_371' title='bbox 769 2493 844 2520; x_wconf 78' lang='lat' dir='ltr'>non,</span> <span class='ocrx_word' id='word_1_372' title='bbox 866 2488 905 2513; x_wconf 88' lang='lat' dir='ltr'>ut</span> <span class='ocrx_word' id='word_1_373' title='bbox 925 2483 957 2514; x_wconf 83' lang='lat' dir='ltr'>J.</span> <span class='ocrx_word' id='word_1_374' title='bbox 975 2483 1075 2514; x_wconf 82' lang='lat' dir='ltr'>Gron.</span> 
     </span>
     <span class='ocr_line' id='line_1_52' title="bbox 389 2523 1075 2563; baseline 0.001 -9"><span class='ocrx_word' id='word_1_375' title='bbox 389 2523 497 2563; x_wconf 88' lang='lat' dir='ltr'>placet</span> <span class='ocrx_word' id='word_1_376' title='bbox 518 2535 535 2555; x_wconf 84' lang='lat' dir='ltr'>e</span> <span class='ocrx_word' id='word_1_377' title='bbox 557 2525 620 2555; x_wconf 88' lang='lat' dir='ltr'>Ms.</span> <span class='ocrx_word' id='word_1_378' title='bbox 644 2526 730 2555; x_wconf 84' lang='lat' dir='ltr'>Med.</span> <span class='ocrx_word' id='word_1_379' title='bbox 754 2526 819 2556; x_wconf 79' lang='lat' dir='ltr'>sive</span> <span class='ocrx_word' id='word_1_380' title='bbox 836 2535 951 2556; x_wconf 82' lang='lat' dir='ltr'>serves.</span> <span class='ocrx_word' id='word_1_381' title='bbox 975 2525 1075 2555; x_wconf 88' lang='lat' dir='ltr'>Gron.</span> 
     </span>
     <span class='ocr_line' id='line_1_53' title="bbox 389 2565 1082 2607; baseline 0.001 -11"><span class='ocrx_word' id='word_1_382' title='bbox 389 2571 487 2605; x_wconf 84' lang='lat' dir='ltr'>putat</span> <span class='ocrx_word' id='word_1_383' title='bbox 508 2565 570 2596; x_wconf 88' lang='lat' dir='ltr'>hoc</span> <span class='ocrx_word' id='word_1_384' title='bbox 593 2567 701 2597; x_wconf 76' lang='lat' dir='ltr'>referri</span> <span class='ocrx_word' id='word_1_385' title='bbox 726 2568 765 2598; x_wconf 81' lang='lat' dir='ltr'>ad</span> <span class='ocrx_word' id='word_1_386' title='bbox 795 2569 931 2607; x_wconf 65' lang='lat' dir='ltr'>ignosci:</span> <span class='ocrx_word' id='word_1_387' title='bbox 958 2567 1012 2598; x_wconf 88' lang='lat' dir='ltr'>sed</span> <span class='ocrx_word' id='word_1_388' title='bbox 1034 2568 1082 2597; x_wconf 83' lang='lat' dir='ltr'>ita</span> 
     </span>
     <span class='ocr_line' id='line_1_54' title="bbox 390 2608 1081 2648; baseline 0.003 -12"><span class='ocrx_word' id='word_1_389' title='bbox 390 2616 457 2637; x_wconf 85' lang='lat' dir='ltr'>non</span> <span class='ocrx_word' id='word_1_390' title='bbox 472 2613 554 2638; x_wconf 86' lang='lat' dir='ltr'>esset</span> <span class='ocrx_word' id='word_1_391' title='bbox 571 2611 652 2639; x_wconf 79' lang='lat' dir='ltr'>ratio</span> <span class='ocrx_word' id='word_1_392' title='bbox 667 2611 852 2645; x_wconf 70' lang='lat' dir='ltr'>sententiae,</span> <span class='ocrx_word' id='word_1_393' title='bbox 862 2608 934 2648; x_wconf 83' lang='lat' dir='ltr'>quae</span> <span class='ocrx_word' id='word_1_394' title='bbox 948 2619 1015 2640; x_wconf 83' lang='lat' dir='ltr'>esse</span> <span class='ocrx_word' id='word_1_395' title='bbox 1028 2609 1081 2639; x_wconf 71' lang='lat' dir='ltr'>dc-</span> 
     </span>
     <span class='ocr_line' id='line_1_55' title="bbox 389 2648 1081 2691; baseline 0.004 -13"><span class='ocrx_word' id='word_1_396' title='bbox 389 2648 459 2679; x_wconf 85' lang='lat' dir='ltr'>bet:</span> <span class='ocrx_word' id='word_1_397' title='bbox 485 2659 543 2680; x_wconf 83' lang='lat' dir='ltr'>nec</span> <span class='ocrx_word' id='word_1_398' title='bbox 557 2660 669 2681; x_wconf 82' lang='lat' dir='ltr'>sensus</span> <span class='ocrx_word' id='word_1_399' title='bbox 683 2656 732 2681; x_wconf 86' lang='lat' dir='ltr'>est</span> <span class='ocrx_word' id='word_1_400' title='bbox 747 2651 781 2681; x_wconf 92' lang='lat' dir='ltr'>in</span> <span class='ocrx_word' id='word_1_401' title='bbox 795 2652 911 2689; x_wconf 84' lang='lat' dir='ltr'>verbis,</span> <span class='ocrx_word' id='word_1_402' title='bbox 933 2661 1029 2691; x_wconf 87' lang='lat' dir='ltr'>quem</span> <span class='ocrx_word' id='word_1_403' title='bbox 1044 2651 1081 2681; x_wconf 80' lang='lat' dir='ltr'>iis</span> 
     </span>
     <span class='ocr_line' id='line_1_56' title="bbox 389 2690 551 2721; baseline 0.006 -1"><span class='ocrx_word' id='word_1_404' title='bbox 389 2690 551 2721; x_wconf 79' lang='lat' dir='ltr'>attribuit.</span> 
     </span>
    </p>

    <p class='ocr_par' dir='ltr' id='par_1_17' title="bbox 389 2733 1089 2816">
     <span class='ocr_line' id='line_1_57' title="bbox 430 2733 1089 2773; baseline 0.003 -11"><span class='ocrx_word' id='word_1_405' title='bbox 430 2736 470 2766; x_wconf 85' lang='lat'>95</span> <span class='ocrx_word' id='word_1_406' title='bbox 483 2733 527 2763; x_wconf 84' lang='lat' dir='ltr'>At</span> <span class='ocrx_word' id='word_1_407' title='bbox 541 2734 574 2763; x_wconf 73' lang='grc' dir='ltr'>Ιιὶ</span> <span class='ocrx_word' id='word_1_408' title='bbox 590 2734 663 2773; x_wconf 80' lang='lat' dir='ltr'>&amp;c.]</span> <span class='ocrx_word' id='word_1_409' title='bbox 682 2734 763 2765; x_wconf 80' lang='lat' dir='ltr'>Ha‘c</span> <span class='ocrx_word' id='word_1_410' title='bbox 775 2735 956 2765; x_wconf 81' lang='lat' dir='ltr'>Priscianus</span> <span class='ocrx_word' id='word_1_411' title='bbox 970 2734 1008 2765; x_wconf 89' lang='lat' dir='ltr'>L.</span> <span class='ocrx_word' id='word_1_412' title='bbox 1019 2733 1089 2771; x_wconf 69' lang='lat'>111,</span> 
     </span>
     <span class='ocr_line' id='line_1_58' title="bbox 389 2775 850 2816; baseline 0.007 -12"><span class='ocrx_word' id='word_1_413' title='bbox 389 2785 423 2814; x_wconf 84' lang='lat' dir='ltr'>p.</span> <span class='ocrx_word' id='word_1_414' title='bbox 435 2778 486 2805; x_wconf 71' lang='lat'>80.</span> <span class='ocrx_word' id='word_1_415' title='bbox 499 2775 581 2805; x_wconf 84' lang='lat' dir='ltr'>citat</span> <span class='ocrx_word' id='word_1_416' title='bbox 594 2787 611 2806; x_wconf 88' lang='lat' dir='ltr'>e</span> <span class='ocrx_word' id='word_1_417' title='bbox 626 2775 709 2806; x_wconf 81' lang='lat' dir='ltr'>libro</span> <span class='ocrx_word' id='word_1_418' title='bbox 725 2776 850 2816; x_wconf 81' lang='lat' dir='ltr'>quinto.</span> 
     </span>
    </p>

    <p class='ocr_par' dir='ltr' id='par_1_18' title="bbox 391 2816 1080 2900">
     <span class='ocr_line' id='line_1_59' title="bbox 431 2816 1077 2858; baseline 0.005 -12"><span class='ocrx_word' id='word_1_419' title='bbox 431 2818 472 2849; x_wconf 75' lang='lat'>96</span> <span class='ocrx_word' id='word_1_420' title='bbox 486 2816 741 2858; x_wconf 60' lang='lat' dir='ltr'>Tueripossint]</span> <span class='ocrx_word' id='word_1_421' title='bbox 769 2819 820 2848; x_wconf 90' lang='lat' dir='ltr'>Sic</span> <span class='ocrx_word' id='word_1_422' title='bbox 837 2818 886 2850; x_wconf 84' lang='lat' dir='ltr'>ed.</span> <span class='ocrx_word' id='word_1_423' title='bbox 914 2821 1003 2852; x_wconf 79' lang='lat'><strong>1474.</strong></span> <span class='ocrx_word' id='word_1_424' title='bbox 1027 2821 1077 2851; x_wconf 76' lang='lat'>75.</span> 
     </span>
     <span class='ocr_line' id='line_1_60' title="bbox 391 2857 1080 2900; baseline 0.004 -12"><span class='ocrx_word' id='word_1_425' title='bbox 391 2857 477 2888; x_wconf 80' lang='lat' dir='ltr'>Med.</span> <span class='ocrx_word' id='word_1_426' title='bbox 495 2865 630 2898; x_wconf 74' lang='lat' dir='ltr'>utraque</span> <span class='ocrx_word' id='word_1_427' title='bbox 642 2860 737 2890; x_wconf 64' lang='lat' dir='ltr'>dunt.</span> <span class='ocrx_word' id='word_1_428' title='bbox 760 2859 833 2892; x_wconf 88' lang='lat' dir='ltr'>Ald.</span> <span class='ocrx_word' id='word_1_429' title='bbox 854 2862 910 2892; x_wconf 75' lang='grc' dir='ltr'>διε.</span> <span class='ocrx_word' id='word_1_430' title='bbox 935 2869 999 2891; x_wconf 87' lang='lat' dir='ltr'>non</span> <span class='ocrx_word' id='word_1_431' title='bbox 1008 2869 1080 2900; x_wconf 79' lang='lat' dir='ltr'>pos-</span> 
     </span>
    </p>
   </div>
   <div class='ocr_carea' id='block_1_7' title="bbox 1118 2187 1815 2901">
    <p class='ocr_par' dir='ltr' id='par_1_19' title="bbox 1124 2187 1811 2265">
     <span class='ocr_line' id='line_1_61' title="bbox 1124 2187 1811 2224; baseline -0.003 -4"><span class='ocrx_word' id='word_1_432' title='bbox 1124 2195 1158 2220; x_wconf 85' lang='lat' dir='ltr'>et</span> <span class='ocrx_word' id='word_1_433' title='bbox 1179 2190 1229 2220; x_wconf 88' lang='lat' dir='ltr'>ed.</span> <span class='ocrx_word' id='word_1_434' title='bbox 1253 2193 1341 2224; x_wconf 79' lang='lat'>1474.</span> <span class='ocrx_word' id='word_1_435' title='bbox 1368 2191 1448 2221; x_wconf 87' lang='lat' dir='ltr'>item</span> <span class='ocrx_word' id='word_1_436' title='bbox 1472 2190 1591 2220; x_wconf 83' lang='lat' dir='ltr'>animo.</span> <span class='ocrx_word' id='word_1_437' title='bbox 1634 2188 1686 2218; x_wconf 88' lang='lat' dir='ltr'>Sic</span> <span class='ocrx_word' id='word_1_438' title='bbox 1705 2192 1738 2219; x_wconf 86' lang='lat' dir='ltr'>et</span> <span class='ocrx_word' id='word_1_439' title='bbox 1761 2187 1811 2218; x_wconf 86' lang='lat' dir='ltr'>ed.</span> 
     </span>
     <span class='ocr_line' id='line_1_62' title="bbox 1128 2232 1341 2265; baseline 0 -3"><span class='ocrx_word' id='word_1_440' title='bbox 1128 2234 1217 2265; x_wconf 77' lang='lat'><strong>1471.</strong></span> <span class='ocrx_word' id='word_1_441' title='bbox 1231 2232 1341 2262; x_wconf 80' lang='lat' dir='ltr'>habet.</span> 
     </span>
    </p>

    <p class='ocr_par' dir='ltr' id='par_1_20' title="bbox 1121 2272 1813 2357">
     <span class='ocr_line' id='line_1_63' title="bbox 1163 2272 1813 2311; baseline -0.006 -5"><span class='ocrx_word' id='word_1_442' title='bbox 1163 2277 1202 2307; x_wconf 83' lang='lat'>98</span> <span class='ocrx_word' id='word_1_443' title='bbox 1221 2272 1651 2311; x_wconf 54' lang='lat' dir='ltr'>Contrarium—contentia]</span> <span class='ocrx_word' id='word_1_444' title='bbox 1664 2272 1745 2304; x_wconf 82' lang='lat' dir='ltr'>Haec</span> <span class='ocrx_word' id='word_1_445' title='bbox 1757 2272 1813 2304; x_wconf 87' lang='lat' dir='ltr'>ab-</span> 
     </span>
     <span class='ocr_line' id='line_1_64' title="bbox 1121 2315 1716 2357; baseline -0.002 -11"><span class='ocrx_word' id='word_1_446' title='bbox 1121 2321 1199 2346; x_wconf 88' lang='lat' dir='ltr'>sunt</span> <span class='ocrx_word' id='word_1_447' title='bbox 1212 2327 1231 2347; x_wconf 89' lang='lat' dir='ltr'>a</span> <span class='ocrx_word' id='word_1_448' title='bbox 1243 2316 1307 2346; x_wconf 87' lang='lat' dir='ltr'>Ms.</span> <span class='ocrx_word' id='word_1_449' title='bbox 1322 2316 1410 2357; x_wconf 89' lang='lat' dir='ltr'>Lips.</span> <span class='ocrx_word' id='word_1_450' title='bbox 1427 2320 1526 2352; x_wconf 85' lang='lat' dir='ltr'>recte,</span> <span class='ocrx_word' id='word_1_451' title='bbox 1542 2321 1579 2346; x_wconf 91' lang='lat' dir='ltr'>ut</span> <span class='ocrx_word' id='word_1_452' title='bbox 1590 2315 1716 2355; x_wconf 78' lang='lat' dir='ltr'>opinor.</span> 
     </span>
    </p>

    <p class='ocr_par' dir='ltr' id='par_1_21' title="bbox 1118 2356 1813 2481">
     <span class='ocr_line' id='line_1_65' title="bbox 1163 2356 1812 2398; baseline -0.008 -7"><span class='ocrx_word' id='word_1_453' title='bbox 1163 2362 1203 2391; x_wconf 90' lang='lat'>99</span> <span class='ocrx_word' id='word_1_454' title='bbox 1216 2357 1265 2389; x_wconf 78' lang='lat' dir='ltr'>Ec</span> <span class='ocrx_word' id='word_1_455' title='bbox 1278 2359 1380 2398; x_wconf 66' lang='lat' dir='ltr'>item]</span> <span class='ocrx_word' id='word_1_456' title='bbox 1400 2357 1449 2389; x_wconf 86' lang='lat' dir='ltr'>Et</span> <span class='ocrx_word' id='word_1_457' title='bbox 1461 2357 1567 2388; x_wconf 81' lang='lat' dir='ltr'>aMss.</span> <span class='ocrx_word' id='word_1_458' title='bbox 1582 2356 1683 2387; x_wconf 86' lang='lat' dir='ltr'>Gron.</span> <span class='ocrx_word' id='word_1_459' title='bbox 1693 2357 1812 2393; x_wconf 80' lang='lat' dir='ltr'>abfuit,</span> 
     </span>
     <span class='ocr_line' id='line_1_66' title="bbox 1120 2398 1813 2437; baseline -0.001 -7"><span class='ocrx_word' id='word_1_460' title='bbox 1120 2409 1180 2430; x_wconf 85' lang='lat' dir='ltr'>nec</span> <span class='ocrx_word' id='word_1_461' title='bbox 1195 2400 1292 2430; x_wconf 84' lang='lat' dir='ltr'>estin</span> <span class='ocrx_word' id='word_1_462' title='bbox 1311 2401 1443 2437; x_wconf 82' lang='lat' dir='ltr'>nostris,</span> <span class='ocrx_word' id='word_1_463' title='bbox 1465 2403 1524 2430; x_wconf 81' lang='lat' dir='ltr'>aut</span> <span class='ocrx_word' id='word_1_464' title='bbox 1543 2398 1593 2430; x_wconf 85' lang='lat' dir='ltr'>ed.</span> <span class='ocrx_word' id='word_1_465' title='bbox 1619 2401 1707 2433; x_wconf 85' lang='lat'><strong>1474.</strong></span> <span class='ocrx_word' id='word_1_466' title='bbox 1750 2399 1813 2430; x_wconf 86' lang='lat' dir='ltr'>Sed</span> 
     </span>
     <span class='ocr_line' id='line_1_67' title="bbox 1118 2441 1622 2481; baseline 0 -10"><span class='ocrx_word' id='word_1_467' title='bbox 1118 2448 1294 2481; x_wconf 81' lang='lat' dir='ltr'>utrumque</span> <span class='ocrx_word' id='word_1_468' title='bbox 1308 2443 1390 2473; x_wconf 80' lang='lat' dir='ltr'>bene</span> <span class='ocrx_word' id='word_1_469' title='bbox 1405 2441 1546 2473; x_wconf 84' lang='lat' dir='ltr'>latinum</span> <span class='ocrx_word' id='word_1_470' title='bbox 1560 2445 1622 2471; x_wconf 88' lang='lat' dir='ltr'>est.</span> 
     </span>
    </p>

    <p class='ocr_par' dir='ltr' id='par_1_22' title="bbox 1120 2480 1812 2775">
     <span class='ocr_line' id='line_1_68' title="bbox 1164 2480 1810 2523; baseline -0.003 -9"><span class='ocrx_word' id='word_1_471' title='bbox 1164 2486 1221 2514; x_wconf 88' lang='lat' dir='ltr'>loo</span> <span class='ocrx_word' id='word_1_472' title='bbox 1236 2483 1316 2514; x_wconf 77' lang='lat' dir='ltr'>Fore</span> <span class='ocrx_word' id='word_1_473' title='bbox 1329 2485 1364 2514; x_wconf 80' lang='lat' dir='ltr'>in</span> <span class='ocrx_word' id='word_1_474' title='bbox 1385 2483 1596 2522; x_wconf 70' lang='lat' dir='ltr'>mag-istrata,</span> <span class='ocrx_word' id='word_1_475' title='bbox 1611 2481 1668 2523; x_wconf 68' lang='lat' dir='ltr'>qui</span> <span class='ocrx_word' id='word_1_476' title='bbox 1681 2480 1810 2522; x_wconf 68' lang='lat' dir='ltr'>speres]</span> 
     </span>
     <span class='ocr_line' id='line_1_69' title="bbox 1120 2523 1812 2556; baseline -0.001 -1"><span class='ocrx_word' id='word_1_477' title='bbox 1120 2526 1171 2556; x_wconf 85' lang='lat' dir='ltr'>Sic</span> <span class='ocrx_word' id='word_1_478' title='bbox 1187 2526 1389 2556; x_wconf 87' lang='lat' dir='ltr'>restituimus</span> <span class='ocrx_word' id='word_1_479' title='bbox 1409 2525 1496 2555; x_wconf 86' lang='lat' dir='ltr'>hunc</span> <span class='ocrx_word' id='word_1_480' title='bbox 1515 2523 1624 2554; x_wconf 85' lang='lat' dir='ltr'>locum</span> <span class='ocrx_word' id='word_1_481' title='bbox 1646 2535 1663 2554; x_wconf 90' lang='lat' dir='ltr'>e</span> <span class='ocrx_word' id='word_1_482' title='bbox 1686 2524 1763 2555; x_wconf 84' lang='lat' dir='ltr'>Mss.</span> <span class='ocrx_word' id='word_1_483' title='bbox 1777 2530 1812 2555; x_wconf 86' lang='lat' dir='ltr'>et</span> 
     </span>
     <span class='ocr_line' id='line_1_70' title="bbox 1122 2566 1811 2607; baseline -0.004 -9"><span class='ocrx_word' id='word_1_484' title='bbox 1122 2567 1193 2598; x_wconf 84' lang='lat' dir='ltr'>edd.</span> <span class='ocrx_word' id='word_1_485' title='bbox 1216 2571 1295 2598; x_wconf 80' lang='lat' dir='ltr'>vett.</span> <span class='ocrx_word' id='word_1_486' title='bbox 1306 2567 1386 2607; x_wconf 76' lang='lat' dir='ltr'>Jbre</span> <span class='ocrx_word' id='word_1_487' title='bbox 1409 2577 1427 2597; x_wconf 93' lang='lat' dir='ltr'>e</span> <span class='ocrx_word' id='word_1_488' title='bbox 1451 2566 1529 2596; x_wconf 89' lang='lat' dir='ltr'>Mss.</span> <span class='ocrx_word' id='word_1_489' title='bbox 1552 2566 1637 2596; x_wconf 90' lang='lat' dir='ltr'>Oud.</span> <span class='ocrx_word' id='word_1_490' title='bbox 1658 2570 1811 2606; x_wconf 79' lang='lat' dir='ltr'>quatuor,</span> 
     </span>
     <span class='ocr_line' id='line_1_71' title="bbox 1123 2607 1812 2648; baseline -0.001 -9"><span class='ocrx_word' id='word_1_491' title='bbox 1123 2609 1193 2639; x_wconf 86' lang='lat' dir='ltr'>edd.</span> <span class='ocrx_word' id='word_1_492' title='bbox 1210 2611 1300 2642; x_wconf 83' lang='lat'>1474.</span> <span class='ocrx_word' id='word_1_493' title='bbox 1320 2616 1353 2639; x_wconf 83' lang='lat' dir='ltr'>et</span> <span class='ocrx_word' id='word_1_494' title='bbox 1369 2607 1501 2639; x_wconf 87' lang='lat' dir='ltr'>Mediol.</span> <span class='ocrx_word' id='word_1_495' title='bbox 1516 2617 1564 2648; x_wconf 88' lang='lat' dir='ltr'>pr.</span> <span class='ocrx_word' id='word_1_496' title='bbox 1584 2608 1642 2647; x_wconf 65' lang='lat' dir='ltr'>qui</span> <span class='ocrx_word' id='word_1_497' title='bbox 1655 2617 1760 2648; x_wconf 73' lang='lat' dir='ltr'>speres</span> <span class='ocrx_word' id='word_1_498' title='bbox 1771 2618 1812 2638; x_wconf 84' lang='lat' dir='ltr'>ex</span> 
     </span>
     <span class='ocr_line' id='line_1_72' title="bbox 1123 2649 1811 2689; baseline -0.001 -9"><span class='ocrx_word' id='word_1_499' title='bbox 1123 2651 1234 2680; x_wconf 87' lang='lat' dir='ltr'>iisdem</span> <span class='ocrx_word' id='word_1_500' title='bbox 1248 2651 1350 2687; x_wconf 85' lang='lat' dir='ltr'>libris,</span> <span class='ocrx_word' id='word_1_501' title='bbox 1366 2651 1426 2681; x_wconf 89' lang='lat' dir='ltr'>nisi</span> <span class='ocrx_word' id='word_1_502' title='bbox 1441 2649 1527 2689; x_wconf 88' lang='lat' dir='ltr'>quod</span> <span class='ocrx_word' id='word_1_503' title='bbox 1543 2649 1592 2680; x_wconf 81' lang='lat' dir='ltr'>ed.</span> <span class='ocrx_word' id='word_1_504' title='bbox 1602 2651 1690 2683; x_wconf 78' lang='lat'>1474.</span> <span class='ocrx_word' id='word_1_505' title='bbox 1713 2649 1811 2680; x_wconf 82' lang='lat' dir='ltr'>habet</span> 
     </span>
     <span class='ocr_line' id='line_1_73' title="bbox 1123 2690 1811 2732; baseline -0.003 -9"><span class='ocrx_word' id='word_1_506' title='bbox 1123 2693 1201 2732; x_wconf 73' lang='lat' dir='ltr'>quid</span> <span class='ocrx_word' id='word_1_507' title='bbox 1212 2702 1326 2732; x_wconf 74' lang='lat' dir='ltr'>speres.</span> <span class='ocrx_word' id='word_1_508' title='bbox 1348 2692 1471 2723; x_wconf 73' lang='lat' dir='ltr'>Fir-mat</span> <span class='ocrx_word' id='word_1_509' title='bbox 1483 2695 1516 2722; x_wconf 84' lang='lat' dir='ltr'>et</span> <span class='ocrx_word' id='word_1_510' title='bbox 1528 2690 1634 2731; x_wconf 81' lang='lat' dir='ltr'>glossa</span> <span class='ocrx_word' id='word_1_511' title='bbox 1645 2691 1709 2722; x_wconf 85' lang='lat' dir='ltr'>Ms.</span> <span class='ocrx_word' id='word_1_512' title='bbox 1723 2691 1811 2732; x_wconf 79' lang='lat' dir='ltr'>Lips.</span> 
     </span>
     <span class='ocr_line' id='line_1_74' title="bbox 1123 2735 1283 2775; baseline 0 -11"><span class='ocrx_word' id='word_1_513' title='bbox 1123 2735 1283 2775; x_wconf 83' lang='lat' dir='ltr'>quomodo.</span> 
     </span>
    </p>

    <p class='ocr_par' dir='ltr' id='par_1_23' title="bbox 1122 2772 1815 2901">
     <span class='ocr_line' id='line_1_75' title="bbox 1169 2772 1810 2816; baseline -0.005 -10"><span class='ocrx_word' id='word_1_514' title='bbox 1169 2779 1180 2806; x_wconf 89' lang='lat'>1</span> <span class='ocrx_word' id='word_1_515' title='bbox 1200 2775 1321 2806; x_wconf 77' lang='lat' dir='ltr'>Verum</span> <span class='ocrx_word' id='word_1_516' title='bbox 1342 2775 1460 2806; x_wconf 63' lang='lat' dir='ltr'>diser-it</span> <span class='ocrx_word' id='word_1_517' title='bbox 1481 2773 1674 2816; x_wconf 66' lang='lat' dir='ltr'>nunquam]</span> <span class='ocrx_word' id='word_1_518' title='bbox 1719 2772 1810 2804; x_wconf 83' lang='lat' dir='ltr'>Libri</span> 
     </span>
     <span class='ocr_line' id='line_1_76' title="bbox 1122 2815 1811 2857; baseline -0.004 -9"><span class='ocrx_word' id='word_1_519' title='bbox 1122 2818 1174 2849; x_wconf 77' lang='lat' dir='ltr'>liic</span> <span class='ocrx_word' id='word_1_520' title='bbox 1199 2819 1344 2849; x_wconf 82' lang='lat' dir='ltr'>variant:</span> <span class='ocrx_word' id='word_1_521' title='bbox 1367 2817 1496 2857; x_wconf 85' lang='lat' dir='ltr'>quidam</span> <span class='ocrx_word' id='word_1_522' title='bbox 1520 2827 1551 2847; x_wconf 83' lang='lat' dir='ltr'>v.</span> <span class='ocrx_word' id='word_1_523' title='bbox 1573 2827 1636 2847; x_wconf 80' lang='lat' dir='ltr'>mm</span> <span class='ocrx_word' id='word_1_524' title='bbox 1657 2815 1811 2847; x_wconf 56' lang='lat' dir='ltr'>dixerint.</span> 
     </span>
     <span class='ocr_line' id='line_1_77' title="bbox 1122 2856 1815 2901; baseline -0.007 -10"><span class='ocrx_word' id='word_1_525' title='bbox 1122 2869 1309 2901; x_wconf 80' lang='lat' dir='ltr'>nunquam.-</span> <span class='ocrx_word' id='word_1_526' title='bbox 1331 2859 1460 2899; x_wconf 85' lang='lat' dir='ltr'>quidam</span> <span class='ocrx_word' id='word_1_527' title='bbox 1482 2859 1639 2899; x_wconf 76' lang='lat' dir='ltr'>nunquid,</span> <span class='ocrx_word' id='word_1_528' title='bbox 1653 2856 1738 2898; x_wconf 84' lang='lat' dir='ltr'>quod</span> <span class='ocrx_word' id='word_1_529' title='bbox 1759 2867 1815 2887; x_wconf 76' lang='lat' dir='ltr'>ve·</span> 
     </span>
    </p>
   </div>
   <div class='ocr_carea' id='block_1_8' title="bbox 1910 0 1945 3004">
    <p class='ocr_par' dir='ltr' id='par_1_24' title="bbox 1910 0 1945 3004">
     <span class='ocr_line' id='line_1_78' title="bbox 1910 0 1945 3004; baseline 0 0"><span class='ocrx_word' id='word_1_530' title='bbox 1910 0 1945 3004; x_wconf 95' lang='lat' dir='ltr'> </span> 
     </span>
    </p>
   </div>
  </div>
 </body>
</html>
