1945 3235
726 118 1004 158 BRUTUS.
1520 122 1595 158 485

130 222 268 274 lenus,
292 224 367 280 qui
391 238 436 266 se
460 224 552 281 ipse
574 224 872 281 adoptaverat,
896 229 940 263 et
962 221 1015 262 de
1038 219 1212 262 Staieno
1235 220 1398 263 AElium
1419 220 1595 275 fecerat,

128 279 297 326 fervido
339 282 545 338 quodam,
578 290 622 323 et
664 280 891 338 petulanti,
925 287 969 320 et
1001 277 1165 319 furioso
1203 293 1359 334 genere
1392 280 1592 322 dicendi:

130 339 245 393 quod
272 340 375 395 quia
405 340 551 381 multis
585 349 759 396 gratum
789 347 882 379 erat
910 344 955 377 et
988 335 1267 391 probabatur,
1300 336 1592 380 adscendisset

128 395 182 437 ad
214 396 414 448 honores,
437 397 520 438 nisi
552 397 594 438 in
627 396 819 438 facinore
848 393 1081 436 manifesto
1103 392 1408 449 deprehensus,
1432 409 1585 449 poenas

124 453 297 509 legibus
328 464 372 496 et
395 450 566 510 judicio
588 454 790 495 dedisset.
852 451 1019 494 Eodem
1040 460 1236 507 tempore
1259 449 1312 492 C.
1335 458 1378 490 et
1412 451 1460 491 L.
1485 451 1583 494 Cae-
1597 436 1670 500 69

125 511 235 567 pasii
260 511 410 553 fratres
432 511 621 563 fuerunt,
645 511 717 566 qui
741 509 878 552 multa
898 524 1045 567 opera,
1069 508 1210 564 ignoti
1235 507 1432 548 homines
1455 517 1499 549 et
1520 524 1583 550 re-
1595 515 1673 552 24⁶2.

125 569 309 624 pentini‚
330 580 566 625 quaestores
597 568 794 610 celeriter
824 568 930 609 facti
963 576 1063 608 sunt
1084 565 1305 623 oppidano
1328 565 1516 621 quodam
1538 576 1583 608 et

124 627 350 668 incondito
380 641 536 683 genere
566 626 756 667 dicendi.
815 625 1040 667 Addamus
1069 624 1157 665 huc
1188 623 1335 673 etiam,
1369 637 1423 663 ne
1452 638 1582 678 quem

124 683 317 725 vocalem
353 683 609 740 praeteriisse
642 684 878 735 videamur,
907 683 960 725 C.
990 681 1256 724 Cosconium
1290 680 1581 734 Calidianum,

122 741 164 771 56
176 741 249 796 qui
274 740 391 782 nullo
414 741 629 793 acumine,
651 756 747 782 eam
769 751 914 783 tamen
935 741 1166 782 verborum
1188 739 1377 795 copiam,
1397 738 1429 779 si
1451 754 1583 794 quam

119 795 324 851 habebat,
367 800 594 855 praebebat
634 799 797 856 populo
830 813 930 841 cum
959 797 1096 839 multa
1128 796 1462 838 concursatione
1492 811 1584 838 ma-

117 869 295 911 gnoque
327 856 530 898 clamore.
592 857 722 904 Quod
756 857 870 899 idem
901 856 1091 898 faciebat
1122 855 1178 902 Q.
1202 853 1370 905 Arrius,
1398 854 1472 910 qui
1497 854 1582 895 fuit

118 914 158 946 57
173 911 242 954 M.
269 913 413 956 Crassi
437 915 559 970 quasi
583 915 883 956 secundarum.
932 914 975 955 Is
998 913 1201 955 omnibus
1224 910 1426 968 exemplo
1450 912 1581 953 debet

117 984 224 1022 esse,
247 982 459 1028 quantum
490 973 536 1014 in
565 973 647 1015 hac
680 974 786 1014 urbe
820 972 981 1029 polleat
1010 971 1246 1013 multorum
1269 969 1446 1011 obedire
1469 978 1578 1011 tem-

115 1029 228 1084 pori,
261 1029 584 1087 multorumque
619 1031 686 1072 vel
717 1030 889 1082 honori,
925 1030 992 1072 vel
1028 1028 1220 1086 periculo
1255 1027 1428 1069 servire.
1490 1027 1664 1070 His243

114 1086 231 1134 enim
263 1088 406 1139 rebus,
430 1088 582 1130 infimo
605 1089 701 1130 loco
724 1097 865 1140 natus,
887 1097 931 1129 et
961 1087 1163 1137 honores,
1188 1094 1232 1127 et
1263 1085 1507 1142 pecuniam,
1531 1094 1576 1127 et

113 1145 301 1199 gratiam
334 1156 608 1198 consecutus,
638 1147 770 1188 etiam
809 1147 853 1187 in
895 1155 1193 1202 patronorum,
1231 1144 1322 1184 sine
1358 1143 1572 1196 doctrina,

115 1201 208 1264 sine
230 1202 422 1259 ingenio,
447 1203 632 1260 aliquem
664 1219 892 1245 numerum
924 1211 1192 1260 pervenerat.
1225 1202 1299 1242 sed
1324 1210 1372 1242 ut
1403 1201 1572 1258 pugiles

113 1261 403 1312 inexercitati,
428 1262 597 1303 etiamsi
622 1277 808 1319 pugnos,
831 1272 873 1302 et
897 1263 1061 1318 plagaS,
1077 1260 1385 1316 Olympiorum
1408 1259 1573 1316 cupidi,

112 1315 224 1359 ferre
263 1328 458 1374 possunt,
495 1320 627 1361 solem
662 1329 806 1361 tamen
846 1334 962 1376 saepe
1001 1318 1112 1360 ferre
1148 1333 1236 1359 non
1271 1331 1477 1373 possunt:
1512 1318 1574 1359 sic

111 1371 197 1427 ille,
219 1390 319 1417 cum
342 1378 459 1418 omni
484 1374 580 1433 jam
603 1377 780 1419 fortuna
801 1391 1006 1434 prospere
1037 1376 1228 1427 functus,
1251 1374 1418 1416 labores
1441 1375 1574 1416 etiam

109 1445 292 1489 magnos
311 1434 570 1490 excepisset,
590 1438 629 1467 58
644 1435 756 1477 illius
772 1435 996 1492 judicialis
1014 1434 1116 1476 anni
1141 1433 1431 1485 severitatem,
1448 1433 1570 1490 quasi

107 1489 257 1543 solem,
279 1507 366 1533 non
390 1492 504 1534 tulit.

163 1546 274 1590 Tum
300 1549 490 1600 Atticm,
512 1549 579 1592 Tu
610 1549 786 1605 quidem
817 1549 870 1591 de
894 1549 1018 1601 faece,
1049 1548 1206 1604 inquit,
1235 1548 1399 1600 hauris,
1435 1547 1566 1604 idque
1579 1554 1658 1591 244

91 1604 384 1661 jamdudum:
419 1608 491 1649 sed
514 1609 736 1650 tacebam:
769 1607 854 1649 hoc
877 1622 978 1649 vero
1001 1622 1088 1648 non
1116 1606 1341 1663 putabam,
1365 1614 1406 1647 te
1430 1621 1567 1663 usque

103 1663 158 1705 ad
193 1664 390 1707 Stalenos
418 1674 462 1707 et
493 1663 733 1707 Autronios
767 1679 860 1707 esse
895 1675 1138 1706 venturum.
1202 1665 1306 1705 Non
1341 1674 1465 1720 puto,
1499 1665 1566 1706 in-

104 1734 250 1776 quam,
277 1723 527 1764 existimare
561 1733 617 1776 te,
646 1724 886 1765 ambitione
918 1737 988 1764 me
1021 1722 1134 1764 labi:
1167 1722 1331 1778 quippe
1360 1722 1414 1763 de
1448 1736 1567 1763 mor·

103 1779 215 1821 tuis:
248 1781 320 1822 sed
344 1781 540 1822 ordinem
570 1796 767 1837 sequens,
799 1782 841 1822 in
873 1780 1128 1822 memoriam
1162 1791 1312 1821 notam
1341 1788 1385 1820 et
1418 1794 1566 1835 aequa-

58 1878 60 1880 ,
102 1834 187 1878 lem
213 1839 451 1880 necessario
475 1839 661 1881 incurro.
722 1839 834 1881 Volo
857 1848 1002 1880 autem
1024 1838 1109 1879 hoc
1132 1837 1335 1894 perspici,
1358 1837 1565 1879 omnibus

104 1896 377 1950 conquisitis,
407 1895 481 1953 qui
517 1897 561 1938 in
596 1897 875 1939 multitudine
907 1897 1051 1938 dicere
1085 1897 1176 1937 ausi
1215 1897 1315 1947 sint,
1352 1895 1566 1937 memoria.

101 1953 278 2007 quidem
307 1954 463 2010 dignos
495 1969 759 2011 perpaucos3
792 1969 956 2005 verum,
987 1954 1060 2009 qui
1093 1953 1272 1995 omnino
1296 1967 1454 1995 nomen
1487 1952 1564 1993 ha-

103 2010 291 2062 buerint,
314 2027 402 2053 non
433 2013 495 2054 ita
518 2013 676 2054 multos
701 2012 846 2054 fuisse.
909 2012 994 2053 Sed
1025 2011 1078 2052 ad
1111 2025 1354 2052 sermonem
1385 2010 1562 2052 institu-

100 2075 194 2116 tum
232 2080 510 2111 revertamur.
571 2070 622 2112 T.
655 2070 915 2127 Torquatus,
948 2069 1000 2110 T.
1042 2069 1091 2110 F.
1129 2078 1173 2110 et
1211 2070 1366 2111 doctus
1398 2069 1465 2110 vir
1502 2082 1557 2110 ex
1572 2058 1646 2114 70

100 2124 277 2168 Rhodia
307 2127 537 2185 disciplina
563 2128 774 2181 Molonis,
798 2138 842 2169 et
871 2143 897 2168 a
927 2136 1082 2168 natura
1111 2127 1163 2168 ad
1187 2127 1419 2168 dicendum
1453 2127 1557 2168 satis
1569 2132 1647 2167 245

99 2183 264 2232 solutus
294 2196 425 2242 atque
454 2186 709 2243 expeditus:
742 2186 832 2241 (cui
866 2186 900 2227 si
935 2186 1024 2228 vita
1051 2184 1432 2242 suppeditavisset,
1456 2185 1557 2226 sub-

843 2337 959 2363 monet
984 2333 1019 2363 in
1045 2332 1096 2363 ed.
1120 2332 1218 2364 Rom.
1241 2340 1310 2362 esse
1335 2331 1555 2363 semmdanus.

93 2331 190 2363 Rivio
221 2332 262 2363 ad
290 2332 322 2364 h.
347 2332 370 2364 l.
405 2333 476 2364 Etsi
505 2334 656 2373 quaedam
684 2337 803 2364 contra

845 2376 905 2406 Ed.
922 2375 1010 2406 Med.
1032 2375 1108 2406 inde
1122 2375 1203 2405 fecit
1223 2375 1450 2409 secundarius,
1467 2373 1556 2412 quod

94 2375 242 2415 disputat
272 2376 308 2406 P.
339 2376 511 2406 Manutius
548 2377 589 2407 ad
617 2377 708 2407 illam
743 2377 801 2407 Or.

96 2418 206 2458 (quem
236 2419 317 2458 vid.)
352 2423 465 2449 tamen
494 2420 684 2450 constantia
711 2419 802 2450 adhi-

93 2459 201 2491 benda
215 2462 248 2491 in
266 2462 381 2492 eodem
399 2463 569 2502 scriptore.

135 2503 176 2533 56
204 2506 259 2544 qui
287 2506 377 2535 nullo
402 2505 655 2545 acu—elamore]
692 2505 800 2535 Locus

92 2543 206 2576 durior
237 2551 300 2584 est,
328 2547 414 2587 quod
442 2557 643 2587 consequens
672 2548 802 2578 videtur

93 2586 214 2619 deesse.
258 2589 351 2620 Nihil
377 2591 466 2620 enim
495 2590 670 2630 respondet
694 2590 800 2620 verbis

91 2639 167 2661 eam
191 2635 313 2662 tamen.
357 2632 479 2663 Planus
496 2633 568 2670 fiat,
592 2633 619 2663 si
640 2632 748 2663 deleas
772 2634 801 2663 si

91 2673 128 2704 in
142 2674 248 2703 verbis
261 2675 289 2704 εἰ
303 2684 400 2713 quam
418 2676 567 2706 habebat.

136 2718 175 2749 57
210 2716 260 2746 M
291 2718 399 2748 Crassi
429 2719 522 2758 quasi
547 2717 796 2758 secundarum]

92 2757 145 2788 Sic
168 2769 186 2789 e
208 2758 289 2790 Mss.
311 2759 400 2790 dedit
416 2761 611 2798 Lambinus,
628 2771 726 2800 quem
749 2771 798 2791 se-

90 2803 188 2831 cutus
216 2805 268 2831 est
292 2801 325 2832 J.
353 2803 551 2841 Gronovius,
576 2804 672 2834 nixus
695 2803 797 2834 etiam

91 2842 320 2874 observatione
344 2849 481 2885 paterna
503 2855 602 2887 super
622 2856 684 2877 usu
699 2846 798 2885 hujus

90 2885 207 2919 formae
221 2887 256 2919 in
275 2887 355 2921 Obs.
371 2888 463 2921 Eccl.
477 2899 505 2922 c.
517 2889 583 2923 ult.
606 2889 671 2921 Sed
683 2888 799 2921 Rivius

845 2419 945 2449 ceteri
974 2419 1079 2448 secuti
1106 2423 1196 2447 sunt.
1243 2416 1475 2447 Seeundarum
1503 2420 1556 2446 ta-

846 2471 923 2491 men
932 2463 1006 2501 jam
1027 2461 1129 2490 habet
1150 2459 1200 2490 ed.
1215 2459 1300 2490 Veu.
1324 2464 1358 2490 et
1374 2458 1449 2489 inde
1473 2459 1557 2490 Cor-

844 2504 953 2541 radus,
969 2508 1008 2534 ut
1023 2503 1151 2543 opinor.

886 2549 925 2577 58
948 2548 1039 2576 illius
1043 2544 1220 2586 judicialis
1233 2545 1316 2574 anm'
1327 2543 1552 2585 severitatem]

845 2589 1000 2628 Intellige
1016 2597 1154 2624 annum,
1171 2597 1235 2627 quo
1252 2598 1271 2617 a
1292 2587 1449 2626 Pompeio
1471 2587 1554 2626 legi-

843 2632 903 2662 bus
916 2632 1062 2672 pluribus
1070 2629 1384 2669 formajudiciorum
1394 2629 1554 2661 immuta-

842 2679 891 2710 ta,
906 2679 940 2704 et
955 2678 1115 2711 oratores,
1130 2673 1218 2703 brevi
1233 2682 1327 2702 mora
1339 2672 1552 2712 interposita,

843 2717 950 2748 dicere
963 2717 1048 2757 jussi
1064 2720 1165 2754 sunt;
1189 2715 1278 2754 quod
1291 2724 1368 2745 cum
1392 2723 1460 2744 non
1477 2723 1554 2754 pos-

841 2764 917 2790 sent
943 2760 1053 2790 minus
1088 2759 1274 2794 exercitati,
1304 2757 1327 2787 ii
1365 2756 1552 2794 relinquere

841 2803 988 2833 actiones
1003 2802 1110 2833 coacti
1133 2805 1223 2832 sunt.
1237 2800 1276 2831 de
1299 2809 1365 2840 qua
1379 2809 1412 2829 re
1429 2798 1553 2829 adeun-

842 2844 901 2875 dus
923 2845 1043 2878 Ascon,
1069 2844 1112 2877 ad
1131 2844 1202 2878 Cic.
1224 2848 1260 2875 et
1280 2842 1367 2875 infra
1387 2845 1502 2874 nostaer
1521 2850 1552 2873 c.

772 2930 876 2975 1i3
