1945 3235
570 148 764 189 LIBER
795 147 1127 187 SECUNDUS.
1500 153 1579 189 361

134 258 250 295 reete
271 253 313 298 id
337 254 429 297 fieri
462 262 635 312 potest:
667 267 816 309 eaeque
848 266 989 293 causae
1023 259 1124 293 sunt
1143 251 1186 282 ⁶⁸0
1199 251 1253 293 ad
1285 252 1517 309 agendum,
1537 263 1582 296 et

135 309 188 352 ad
211 313 450 354 ornandum
485 311 750 369 gravissimae
777 320 907 365 atque
940 308 1216 365 plenissimae,
1246 325 1343 364 quae
1375 312 1585 367 plurimos

136 367 278 410 exitus
307 371 412 412 dant
436 371 490 412 ad
526 368 739 425 ejusmodi
772 367 1107 423 degressionem,
1129 376 1179 407 ut
1214 366 1280 407 his
1309 367 1416 408 locis
1448 368 1512 410 uti
1534 369 1585 411 li-

135 436 245 477 ceat,
268 427 302 457 6¹
321 428 477 482 quibus
506 428 748 468 animorum
781 426 968 481 impetus
999 438 1166 475 eorum,
1188 423 1263 479 qui
1296 423 1490 475 audiant,
1513 435 1589 473 aut

135 481 426 539 impellantur,
463 497 538 524 aut
570 485 861 524 reflectantur.
920 481 1067 537 Atque
1100 482 1232 523 etiam
1265 481 1310 523 in
1341 481 1414 523 illo
1448 496 1678 538 repre-313

137 538 280 583 hendo
303 556 391 592 eos,
413 542 502 596 qui,
521 556 618 596 quae
641 539 820 581 minime
842 539 967 580 firma
988 549 1103 591 sunt,
1126 553 1177 580 ea
1198 539 1338 596 prima
1359 539 1591 581 collocant.

140 595 190 638 In
227 613 314 654 quo
346 599 440 640 illos
475 612 648 653 quoque
688 611 828 638 errare
869 597 1070 647 arbitror,
1110 597 1200 652 qui,
1239 596 1272 637 si
1316 596 1492 652 quando
1530 597 1593 652 (id

136 657 252 709 quod
276 656 382 697 mihi
415 670 651 710 numquam
685 654 867 711 placuit)
900 655 1042 710 plures
1072 654 1282 696 adhibent
1303 664 1525 710 patronOS,
1547 664 1596 696 ut

138 711 182 755 in
215 727 388 768 quoque
419 727 568 754 eorum
601 713 830 754 minimum
857 721 1012 769 putant
1044 726 1150 762 esse,
1181 712 1243 752 ita
1275 726 1375 752 eum
1407 713 1595 768 primum

139 769 290 812 volunt
309 771 467 811 dicere.
531 770 618 813 Res
649 770 763 811 enim
785 770 869 811 hoc
892 769 1098 826 postulat,
1122 778 1171 810 ut
1197 783 1344 810 eorum
1369 778 1596 826 exspecta-

139 827 262 878 tioni,
280 827 356 883 qui
378 827 574 879 audiunt,
595 843 726 884 quam
750 827 970 869 celerrime
991 836 1268 869 occurratur:
1301 827 1370 868 cui
1405 827 1437 868 si
1470 827 1597 869 initio

140 883 412 926 satisfactum
435 900 522 927 non
542 885 611 937 sit,
634 885 772 926 multo
798 885 891 942 plus
915 885 971 926 sit
993 885 1037 926 in
1060 884 1226 940 reliqua
1247 899 1378 926 causa
1398 884 1597 930 laboran-

139 941 258 983 dum.
320 942 443 984 Male
476 943 590 983 enim
629 957 672 984 se
702 957 767 983 res
799 943 945 993 habet,
982 957 1080 997 quae
1116 957 1202 983 non
1235 943 1395 994 statim,
1432 951 1481 983 ut
1510 943 1596 984 dici

138 1008 289 1055 coepta
308 1009 389 1052 est,
410 1001 562 1042 melior
585 1000 675 1042 fieri
701 1001 884 1041 videtur.
945 999 1063 1056 Ergo
1081 1009 1127 1040 ut
1149 1000 1193 1040 in
1215 1009 1385 1041 oratore
1407 1000 1598 1056 optimus
1609 1008 1688 1042 314

141 1057 338 1112 quisque,
372 1059 434 1099 sic
467 1067 512 1099 et
547 1058 591 1098 in
625 1058 835 1109 oratione,
870 1057 1164 1099 firmissimum
1199 1057 1401 1113 quodque
1434 1058 1490 1098 sit
1512 1059 1600 1114 pri-

139 1128 285 1156 mum:
318 1115 421 1157 dum
445 1115 548 1156 illud
582 1125 725 1156 tamen
749 1117 790 1156 in
812 1126 996 1170 utroque
1016 1124 1225 1165 teneatur,
1245 1125 1294 1156 ut
1315 1129 1380 1167 ea,
1402 1130 1500 1170 quae
1522 1130 1601 1157 ex-

141 1171 313 1224 cellant,
336 1183 560 1214 serventur
591 1174 722 1214 etiam
753 1173 806 1213 ad
840 1173 1153 1228 perorandum:
1187 1173 1220 1213 si
1244 1187 1342 1227 quae
1364 1183 1490 1214 erunt
1512 1188 1601 1215 me-

141 1229 307 1271 diocria
328 1234 448 1283 (nam
472 1231 638 1271 vitiosis
672 1245 884 1285 nusquam
915 1245 1007 1271 esse
1044 1239 1218 1286 oportet
1250 1230 1482 1280 locum)—in
1514 1245 1602 1272 me-

142 1286 259 1328 diam
282 1289 468 1338 turbam,
497 1298 627 1342 atque
659 1288 702 1329 in
726 1302 902 1344 gregem
926 1287 1233 1343 conjiciantur.
1297 1287 1433 1329 Hisce
1461 1289 1689 1341 omni-315

142 1344 223 1384 bus
253 1346 380 1386 rebus
413 1345 711 1395 consideratis,
747 1355 838 1385 tum
871 1346 1058 1400 denique
1086 1346 1144 1397 id,
1169 1345 1506 1401 quod-primum
1537 1356 1603 1388 est

141 1401 388 1453 dicendum,
432 1412 698 1457 postremum
738 1403 854 1444 soleo
897 1403 1106 1458 cogitare,
1147 1418 1233 1458 quo
1266 1412 1361 1444 utar
1403 1404 1601 1446 exordio.

143 1473 244 1500 nam
268 1459 301 1500 si
326 1460 500 1515 quando
525 1460 565 1501 id
602 1460 789 1516 primum
821 1461 1015 1501 invenire
1047 1460 1178 1512 volui,
1202 1460 1368 1502 nullum
1397 1462 1506 1503 mihi
1526 1477 1602 1504 oc-

143 1516 295 1568 currit,
329 1517 413 1558 nisi
449 1525 524 1559 aut
555 1517 684 1569 exile,
707 1528 781 1558 aut
814 1518 1110 1574 nugatorium,
1144 1528 1220 1560 aut
1252 1518 1443 1576 vulgare,
1472 1529 1602 1576 atque

143 1587 390 1616 commune.

204 1630 428 1688 Principia
448 1639 593 1672 autern
627 1632 799 1673 dicendi
834 1646 1003 1688 semper
1023 1647 1123 1674 cum
1146 1641 1362 1685 accurata,
1383 1643 1427 1675 et
1459 1630 1685 1685 acuta,78

144 1696 189 1729 et
218 1689 430 1730 instructa
452 1690 691 1740 sententiis,
714 1699 816 1746 apta
840 1691 994 1741 verbis,
1017 1699 1110 1731 tum
1133 1705 1235 1731 vero
1258 1706 1481 1733 causarum
1503 1706 1602 1748 pro-

145 1745 241 1803 pria
272 1760 364 1787 esse
392 1747 566 1788 debent.
629 1747 777 1788 Prima
798 1757 863 1788 est
885 1749 1001 1788 enim
1031 1748 1153 1804 quasi
1183 1749 1380 1805 cognitio
1408 1760 1452 1790 et
1483 1764 1602 1791 com-

145 1803 368 1844 mendatio
390 1804 598 1845 orationis
621 1805 663 1845 in
689 1805 920 1862 principio,
942 1820 1039 1861 quae
1063 1806 1274 1848 continuo
1295 1821 1409 1857 eum,
1432 1808 1506 1862 qui
1525 1822 1601 1849 au·
1612 1822 1644 1853 p.
1664 1815 1732 1844 138-

147 1861 226 1912 dit,
248 1861 513 1917 permulcere
529 1871 659 1917 atque
681 1863 849 1904 allicere
867 1864 1010 1904 debet.
1074 1862 1125 1904 In
1145 1879 1231 1919 quo
1245 1865 1447 1905 admirari
1469 1865 1600 1917 soleo,
1612 1866 1643 1920 ᾖ
1666 1902 1691 1936 6

147 1933 236 1969 non
257 1919 456 1974 equidem
472 1919 592 1971 istos,
606 1920 681 1975 qui
703 1920 863 1961 nullam
886 1920 987 1961 huic
1011 1920 1070 1961 rei
1094 1936 1270 1977 operam
1287 1923 1514 1974 dederunt,
1528 1903 1660 1965 sed'’l

146 1975 370 2017 hominem
401 1977 444 2017 in
481 1977 630 2033 primis
664 1977 872 2018 disertum
900 1988 1030 2033 atque
1065 1979 1298 2030 eruditum,
1333 1979 1602 2037 Philippum,

147 2033 223 2088 ‚qui
242 2033 304 2074 ita
326 2033 434 2075 solet
455 2034 508 2075 ad
528 2034 760 2076 dicendum
782 2049 971 2091 surgere,
991 2045 1051 2087 ut,
1074 2037 1189 2092 quod
1214 2037 1401 2093 primum
1423 2039 1604 2080 verbum

148 2090 376 2140 habiturus
410 2091 480 2142 sit,
510 2092 699 2144 nesciat3
731 2101 774 2133 et
806 2093 868 2133 ait
903 2093 1033 2144 idem,
1055 2094 1207 2135 62cum
1243 2095 1468 2136 brachium
1499 2098 1605 2137 con-

148 2148 410 2200 ealefecerit,
452 2158 544 2190 tum
583 2164 627 2190 se
668 2149 804 2191 solere
846 2165 1065 2206 pugnare:
1116 2166 1257 2208 neque
1297 2153 1498 2205 attendit,
1532 2168 1605 2194 eos

151 2205 285 2261 ipsos,
306 2207 346 2237 63
365 2206 477 2249 unde
498 2206 582 2248 hoc
606 2207 745 2248 simile
767 2208 911 2259 ducat,
935 2207 1026 2249 illas
1045 2209 1203 2264 primas
1223 2209 1366 2251 hastas
1389 2212 1450 2252 ita
1464 2210 1608 2266 jacta-

150 2277 197 2306 re
218 2263 387 2316 leniter,
410 2273 458 2304 ut
478 2273 522 2305 et
554 2265 770 2306 venustati
803 2265 870 2307 vel
902 2265 1092 2307 maxime
1122 2268 1327 2320 serviant,
1358 2277 1401 2309 et
1433 2268 1609 2325 reliquis

154 2415 157 2417 >
195 2394 238 2424 60
252 2393 477 2432 mingendum
492 2398 523 2424 et
534 2393 581 2423 ad
593 2394 679 2434 orm]
704 2395 857 2426 Pearcius
943 2396 985 2428 62
999 2406 1075 2427 cum
1090 2397 1261 2429 brachium
1273 2398 1446 2439 coneaqul]
1465 2399 1544 2430 Non
1558 2403 1611 2430 ta-

154 2436 277 2476 recepit
294 2437 485 2474 aug-endum
497 2448 507 2465 :
529 2441 562 2466 et
580 2435 613 2466 id
627 2447 704 2468 sane
719 2447 805 2478 saepe
820 2439 856 2468 'in
900 2439 1003 2469 cenda
1015 2445 1065 2469 est
1078 2439 1178 2470 lectio
1188 2441 1238 2471 ed.
1252 2441 1305 2471 w.
1316 2442 1354 2475 ii,
1366 2452 1442 2481 quos
1455 2442 1610 2473 Bacchus

154 2479 322 2516 agendum
335 2484 386 2508 est
397 2484 579 2515 mutatum,
596 2483 633 2509 ut
656 2489 755 2520 supra
775 2480 857 2510 vidi·
900 2481 1159 2521 συνιεαῖςῙὲεενὶῐ,
1193 2487 1264 2513 tum
1299 2493 1331 2512 se
1363 2485 1462 2515 aiunt
1490 2485 1610 2525 optime

157 2529 231 2551 mus
245 2520 417 2560 exemplis.
464 2520 528 2552 Sed
543 2526 658 2552 tamen
680 2521 735 2552 hic
756 2532 858 2561 agen·
895 2532 1064 2562 pugnare.
1110 2524 1172 2555 Sed
1199 2531 1237 2555 ut
1258 2527 1428 2558 sentent-ia
1451 2528 1538 2558 bona
1551 2528 1609 2564 sit,

156 2563 236 2594 dum
251 2563 359 2594 locum
377 2563 489 2599 habet,
507 2564 711 2604 referturque
724 2564 765 2594 ad
776 2575 859 2603 gm-
902 2571 1017 2595 tamen
1042 2576 1110 2596 non
1132 2569 1301 2598 consentit
1322 2570 1536 2607 sequentibus
1551 2575 1610 2600 aut

155 2606 306 2642 vissimae,
321 2610 361 2636 ut
383 2606 570 2636 ornandum
593 2606 634 2637 ad
651 2608 859 2647 plenissimae.
903 2608 948 2637 rei
964 2608 1136 2639 nniversae.
1182 2610 1295 2641 Simile
1321 2612 1399 2649 quid
1415 2618 1466 2642 est
1490 2613 1523 2643 in
1544 2612 1610 2643 Ms.

158 2647 204 2678 Et
230 2647 346 2678 Cicero
368 2647 445 2679 alibi
469 2659 597 2688 quoque
614 2649 683 2680 haec
699 2649 764 2679 duo
781 2659 861 2680 con·
903 2650 942 2681 E.
961 2649 1131 2682 Bacchum
1150 2661 1226 2682 eum
1238 2652 1434 2693 calefecerit.

157 2690 283 2731 jungit,
295 2695 333 2720 ut
347 2701 406 2730 pro
421 2690 588 2721 L.Mani1.
609 2694 635 2721 l.
946 2692 986 2724 63
1010 2694 1097 2723 unde
1121 2695 1179 2725 hoc
1201 2696 1308 2726 simile
1330 2696 1446 2736 ducat]
1479 2696 1609 2733 Simile,

164 2733 165 2737 ’
202 2733 239 2763 61
256 2733 569 2771 qeoibusanimorum
584 2734 725 2774 impetus
735 2744 861 2771 eorum,
905 2735 967 2766 etsi
993 2736 1059 2765 scio
1083 2747 1104 2767 a
1129 2737 1290 2768 Cicerone
1315 2738 1484 2772 interdum
1507 2740 1553 2769 sie
1576 2740 1610 2769 iu

156 2774 230 2814 qui]
244 2774 374 2806 Durum
389 2775 463 2806 hoe.
476 2777 665 2807 animorum
683 2776 764 2806 mihi
779 2775 865 2815 glos·
908 2776 1081 2809 rhetoricis
1104 2778 1180 2815 dici,
1205 2790 1264 2820 pro
1287 2779 1523 2812 similitudine:
1562 2786 1612 2811 ta-

159 2826 231 2846 sam
253 2817 331 2847 olet.
377 2817 456 2848 Mox
488 2818 549 2848 Ms.
577 2819 617 2850 Ε.
641 2819 794 2854 audiant,
818 2829 866 2849 re·
908 2829 985 2852 men
1010 2819 1063 2852 hie
1089 2831 1109 2852 a
1134 2823 1319 2862 suspicione
1343 2822 1460 2862 glossae
1483 2833 1551 2855 non
1574 2824 1612 2854 li·

159 2859 255 2890 ntius.
273 2868 350 2889 nam
365 2865 399 2894 et
411 2859 490 2891 alibi
502 2866 565 2899 est,
579 2861 633 2900 qui
649 2861 802 2899 aredium,
815 2861 867 2892 vel
911 2861 998 2894 bero.

161 2902 311 2934 «accident.
