<?xml version="1.0" encoding="UTF-8"?>
<!DOCTYPE html PUBLIC "-//W3C//DTD XHTML 1.0 Transitional//EN"
    "http://www.w3.org/TR/xhtml1/DTD/xhtml1-transitional.dtd">
<html xmlns="http://www.w3.org/1999/xhtml" xml:lang="en" lang="en">
 <head>
  <title>
</title>
<meta http-equiv="Content-Type" content="text/html;charset=utf-8" />
  <meta name='ocr-system' content='tesseract 3.04.00' />
  <meta name='ocr-capabilities' content='ocr_page ocr_carea ocr_par ocr_line ocrx_word'/>
</head>
<body>
  <div class='ocr_page' id='page_1' title='image "./operaomnia01ciceuoft/operaomnia01ciceuoft_0639.png"; bbox 0 0 1945 3235; ppageno 0'>
   <div class='ocr_carea' id='block_1_1' title="bbox 743 117 1597 170">
    <p class='ocr_par' dir='ltr' id='par_1_1' title="bbox 743 117 1597 170">
     <span class='ocr_line' id='line_1_1' title="bbox 743 117 1597 170; baseline -0.001 -13"><span class='ocrx_word' id='word_1_1' title='bbox 743 117 1029 166; x_wconf 71' lang='lat' dir='ltr'>ORATOR.</span> <span class='ocrx_word' id='word_1_2' title='bbox 1519 121 1597 170; x_wconf 58' lang='grc' dir='ltr'>ειη</span> 
     </span>
    </p>
   </div>
   <div class='ocr_carea' id='block_1_2' title="bbox 127 221 1738 2258">
    <p class='ocr_par' dir='ltr' id='par_1_2' title="bbox 133 221 1690 1033">
     <span class='ocr_line' id='line_1_2' title="bbox 139 221 1602 283; baseline -0.001 -17"><span class='ocrx_word' id='word_1_3' title='bbox 139 226 183 259; x_wconf 78' lang='lat'>1⁰</span> <span class='ocrx_word' id='word_1_4' title='bbox 195 231 452 283; x_wconf 82' lang='lat' dir='ltr'>tantumque</span> <span class='ocrx_word' id='word_1_5' title='bbox 484 226 622 278; x_wconf 86' lang='lat' dir='ltr'>abest,</span> <span class='ocrx_word' id='word_1_6' title='bbox 654 234 717 278; x_wconf 85' lang='lat' dir='ltr'>ut,</span> <span class='ocrx_word' id='word_1_7' title='bbox 746 224 864 281; x_wconf 88' lang='lat' dir='ltr'>quod</span> <span class='ocrx_word' id='word_1_8' title='bbox 893 223 940 275; x_wconf 87' lang='lat' dir='ltr'>ii,</span> <span class='ocrx_word' id='word_1_9' title='bbox 969 222 1044 278; x_wconf 92' lang='lat' dir='ltr'>qui</span> <span class='ocrx_word' id='word_1_10' title='bbox 1074 221 1160 263; x_wconf 91' lang='lat' dir='ltr'>hoc</span> <span class='ocrx_word' id='word_1_11' title='bbox 1189 232 1264 265; x_wconf 85' lang='lat' dir='ltr'>aut</span> <span class='ocrx_word' id='word_1_12' title='bbox 1293 223 1602 281; x_wconf 83' lang='lat' dir='ltr'>magistrorum</span> 
     </span>
     <span class='ocr_line' id='line_1_3' title="bbox 137 279 1602 342; baseline -0.003 -19"><span class='ocrx_word' id='word_1_13' title='bbox 137 280 302 340; x_wconf 82' lang='lat' dir='ltr'>inopia,</span> <span class='ocrx_word' id='word_1_14' title='bbox 333 294 408 327; x_wconf 85' lang='lat' dir='ltr'>aut</span> <span class='ocrx_word' id='word_1_15' title='bbox 439 285 604 342; x_wconf 80' lang='lat' dir='ltr'>ingenii</span> <span class='ocrx_word' id='word_1_16' title='bbox 641 283 858 334; x_wconf 83' lang='lat' dir='ltr'>tarditate,</span> <span class='ocrx_word' id='word_1_17' title='bbox 879 290 956 333; x_wconf 85' lang='lat' dir='ltr'>aut</span> <span class='ocrx_word' id='word_1_18' title='bbox 986 279 1146 321; x_wconf 88' lang='lat' dir='ltr'>laboris</span> <span class='ocrx_word' id='word_1_19' title='bbox 1170 279 1274 336; x_wconf 81' lang='lat' dir='ltr'>fuga</span> <span class='ocrx_word' id='word_1_20' title='bbox 1303 296 1388 323; x_wconf 91' lang='lat' dir='ltr'>non</span> <span class='ocrx_word' id='word_1_21' title='bbox 1413 292 1514 324; x_wconf 91' lang='lat' dir='ltr'>sunt</span> <span class='ocrx_word' id='word_1_22' title='bbox 1536 297 1602 323; x_wconf 72' lang='lat' dir='ltr'>as-</span> 
     </span>
     <span class='ocr_line' id='line_1_4' title="bbox 139 338 1601 394; baseline 0.001 -13"><span class='ocrx_word' id='word_1_23' title='bbox 139 342 293 393; x_wconf 87' lang='lat' dir='ltr'>secuti,</span> <span class='ocrx_word' id='word_1_24' title='bbox 315 342 456 385; x_wconf 85' lang='lat' dir='ltr'>solent</span> <span class='ocrx_word' id='word_1_25' title='bbox 481 343 639 394; x_wconf 80' lang='lat' dir='ltr'><strong>dicere,</strong></span> <span class='ocrx_word' id='word_1_26' title='bbox 668 350 896 390; x_wconf 80' lang='lat' dir='ltr'>enervetur</span> <span class='ocrx_word' id='word_1_27' title='bbox 926 338 1066 379; x_wconf 81' lang='lat' dir='ltr'>oratio</span> <span class='ocrx_word' id='word_1_28' title='bbox 1095 339 1415 393; x_wconf 83' lang='lat' dir='ltr'>compositione</span> <span class='ocrx_word' id='word_1_29' title='bbox 1445 341 1601 381; x_wconf 87' lang='lat' dir='ltr'>verbo-</span> 
     </span>
     <span class='ocr_line' id='line_1_5' title="bbox 136 395 1596 454; baseline 0 -15"><span class='ocrx_word' id='word_1_30' title='bbox 136 412 249 450; x_wconf 88' lang='lat' dir='ltr'>rum,</span> <span class='ocrx_word' id='word_1_31' title='bbox 272 409 321 441; x_wconf 90' lang='lat' dir='ltr'>ut</span> <span class='ocrx_word' id='word_1_32' title='bbox 352 400 476 442; x_wconf 87' lang='lat' dir='ltr'>aliter</span> <span class='ocrx_word' id='word_1_33' title='bbox 503 401 549 442; x_wconf 92' lang='lat' dir='ltr'>in</span> <span class='ocrx_word' id='word_1_34' title='bbox 579 415 630 442; x_wconf 89' lang='lat' dir='ltr'>ea</span> <span class='ocrx_word' id='word_1_35' title='bbox 651 414 730 446; x_wconf 80' lang='lat' dir='ltr'>nec</span> <span class='ocrx_word' id='word_1_36' title='bbox 754 399 942 454; x_wconf 85' lang='lat' dir='ltr'>impetus</span> <span class='ocrx_word' id='word_1_37' title='bbox 975 395 1100 446; x_wconf 87' lang='lat' dir='ltr'>ullus,</span> <span class='ocrx_word' id='word_1_38' title='bbox 1121 409 1203 436; x_wconf 90' lang='lat' dir='ltr'>nec</span> <span class='ocrx_word' id='word_1_39' title='bbox 1221 396 1297 436; x_wconf 74' lang='lat' dir='ltr'>&#39;vis</span> <span class='ocrx_word' id='word_1_40' title='bbox 1319 410 1410 437; x_wconf 89' lang='lat' dir='ltr'>esse</span> <span class='ocrx_word' id='word_1_41' title='bbox 1443 398 1596 454; x_wconf 85' lang='lat' dir='ltr'>possit.</span> 
     </span>
     <span class='ocr_line' id='line_1_6' title="bbox 137 443 1683 514; baseline 0.001 -17"><span class='ocrx_word' id='word_1_42' title='bbox 137 455 224 498; x_wconf 85' lang='lat' dir='ltr'>Sed</span> <span class='ocrx_word' id='word_1_43' title='bbox 243 472 447 514; x_wconf 86' lang='lat' dir='ltr'>magnam</span> <span class='ocrx_word' id='word_1_44' title='bbox 465 458 822 500; x_wconf 83' lang='lat' dir='ltr'>exercitationem</span> <span class='ocrx_word' id='word_1_45' title='bbox 845 469 911 496; x_wconf 87' lang='lat' dir='ltr'>res</span> <span class='ocrx_word' id='word_1_46' title='bbox 934 454 1121 510; x_wconf 81' lang='lat' dir='ltr'>flagitat,</span> <span class='ocrx_word' id='word_1_47' title='bbox 1144 453 1314 508; x_wconf 89' lang='lat' dir='ltr'>nequid</span> <span class='ocrx_word' id='word_1_48' title='bbox 1336 468 1500 505; x_wconf 85' lang='lat' dir='ltr'>eorum,</span> <span class='ocrx_word' id='word_1_49' title='bbox 1522 455 1594 511; x_wconf 90' lang='lat' dir='ltr'>qui</span> <span class='ocrx_word' id='word_1_50' title='bbox 1610 443 1683 507; x_wconf 78' lang='lat'>69</span> 
     </span>
     <span class='ocr_line' id='line_1_7' title="bbox 137 510 1597 570; baseline -0.001 -14"><span class='ocrx_word' id='word_1_51' title='bbox 137 527 276 570; x_wconf 88' lang='lat' dir='ltr'>genus</span> <span class='ocrx_word' id='word_1_52' title='bbox 308 515 393 558; x_wconf 91' lang='lat' dir='ltr'>hoc</span> <span class='ocrx_word' id='word_1_53' title='bbox 415 516 552 557; x_wconf 90' lang='lat' dir='ltr'>secuti</span> <span class='ocrx_word' id='word_1_54' title='bbox 574 529 662 561; x_wconf 84' lang='lat' dir='ltr'>non</span> <span class='ocrx_word' id='word_1_55' title='bbox 694 521 941 564; x_wconf 85' lang='lat' dir='ltr'>tenuerunt,</span> <span class='ocrx_word' id='word_1_56' title='bbox 965 511 1103 553; x_wconf 86' lang='lat' dir='ltr'>simile</span> <span class='ocrx_word' id='word_1_57' title='bbox 1125 510 1361 563; x_wconf 77' lang='lat' dir='ltr'>faciamu53</span> <span class='ocrx_word' id='word_1_58' title='bbox 1397 514 1430 542; x_wconf 88' lang='lat' dir='ltr'>ll</span> <span class='ocrx_word' id='word_1_59' title='bbox 1447 527 1502 553; x_wconf 89' lang='lat' dir='ltr'>ne</span> <span class='ocrx_word' id='word_1_60' title='bbox 1523 523 1597 555; x_wconf 90' lang='lat' dir='ltr'>aut</span> 
     </span>
     <span class='ocr_line' id='line_1_8' title="bbox 137 569 1599 629; baseline -0.001 -16"><span class='ocrx_word' id='word_1_61' title='bbox 137 573 271 614; x_wconf 81' lang='lat' dir='ltr'>verba</span> <span class='ocrx_word' id='word_1_62' title='bbox 291 573 558 629; x_wconf 82' lang='lat' dir='ltr'>trajiciamus</span> <span class='ocrx_word' id='word_1_63' title='bbox 580 581 742 628; x_wconf 88' lang='lat' dir='ltr'>aperte,</span> <span class='ocrx_word' id='word_1_64' title='bbox 759 586 846 627; x_wconf 90' lang='lat' dir='ltr'>quo</span> <span class='ocrx_word' id='word_1_65' title='bbox 869 570 1022 612; x_wconf 87' lang='lat' dir='ltr'>melius</span> <span class='ocrx_word' id='word_1_66' title='bbox 1042 578 1117 611; x_wconf 83' lang='lat' dir='ltr'>aut</span> <span class='ocrx_word' id='word_1_67' title='bbox 1139 569 1280 621; x_wconf 88' lang='lat' dir='ltr'>cadat,</span> <span class='ocrx_word' id='word_1_68' title='bbox 1303 578 1378 610; x_wconf 86' lang='lat' dir='ltr'>aut</span> <span class='ocrx_word' id='word_1_69' title='bbox 1401 569 1599 611; x_wconf 88' lang='lat' dir='ltr'>volvatur</span> 
     </span>
     <span class='ocr_line' id='line_1_9' title="bbox 135 626 1598 687; baseline -0.001 -17"><span class='ocrx_word' id='word_1_70' title='bbox 135 631 302 673; x_wconf 87' lang='lat' dir='ltr'>oratio:</span> <span class='ocrx_word' id='word_1_71' title='bbox 333 631 450 687; x_wconf 88' lang='lat' dir='ltr'>quod</span> <span class='ocrx_word' id='word_1_72' title='bbox 470 644 514 672; x_wconf 91' lang='lat' dir='ltr'>se</span> <span class='ocrx_word' id='word_1_73' title='bbox 538 630 588 671; x_wconf 90' lang='lat' dir='ltr'>L.</span> <span class='ocrx_word' id='word_1_74' title='bbox 611 629 780 671; x_wconf 88' lang='lat' dir='ltr'>Coelius</span> <span class='ocrx_word' id='word_1_75' title='bbox 802 628 1049 685; x_wconf 81' lang='lat' dir='ltr'>Antipater,</span> <span class='ocrx_word' id='word_1_76' title='bbox 1070 629 1114 668; x_wconf 91' lang='lat' dir='ltr'>in</span> <span class='ocrx_word' id='word_1_77' title='bbox 1135 628 1353 684; x_wconf 84' lang='lat' dir='ltr'>prooemio</span> <span class='ocrx_word' id='word_1_78' title='bbox 1379 627 1477 669; x_wconf 91' lang='lat' dir='ltr'>belli</span> <span class='ocrx_word' id='word_1_79' title='bbox 1510 626 1598 669; x_wconf 89' lang='lat' dir='ltr'>Pu-</span> 
     </span>
     <span class='ocr_line' id='line_1_10' title="bbox 134 685 1690 743; baseline -0.006 -13"><span class='ocrx_word' id='word_1_80' title='bbox 134 688 240 740; x_wconf 88' lang='lat' dir='ltr'>nici,</span> <span class='ocrx_word' id='word_1_81' title='bbox 260 688 344 729; x_wconf 89' lang='lat' dir='ltr'>nisi</span> <span class='ocrx_word' id='word_1_82' title='bbox 371 688 628 739; x_wconf 85' lang='lat' dir='ltr'>necessario,</span> <span class='ocrx_word' id='word_1_83' title='bbox 650 688 868 730; x_wconf 88' lang='lat' dir='ltr'>facturum</span> <span class='ocrx_word' id='word_1_84' title='bbox 897 695 1044 743; x_wconf 82' lang='lat' dir='ltr'>negat.</span> <span class='ocrx_word' id='word_1_85' title='bbox 1108 685 1149 727; x_wconf 94' lang='lat' dir='ltr'>O</span> <span class='ocrx_word' id='word_1_86' title='bbox 1171 686 1310 727; x_wconf 84' lang='lat' dir='ltr'>virum</span> <span class='ocrx_word' id='word_1_87' title='bbox 1341 685 1690 743; x_wconf 74' lang='lat' dir='ltr'>simplicem,230</span> 
     </span>
     <span class='ocr_line' id='line_1_11' title="bbox 139 743 1602 802; baseline -0.001 -15"><span class='ocrx_word' id='word_1_88' title='bbox 139 745 264 802; x_wconf 87' lang='lat' dir='ltr'>l2qui</span> <span class='ocrx_word' id='word_1_89' title='bbox 302 759 382 786; x_wconf 91' lang='lat' dir='ltr'>nos</span> <span class='ocrx_word' id='word_1_90' title='bbox 423 745 534 787; x_wconf 89' lang='lat' dir='ltr'>nihil</span> <span class='ocrx_word' id='word_1_91' title='bbox 569 746 702 789; x_wconf 87' lang='lat' dir='ltr'>celet:</span> <span class='ocrx_word' id='word_1_92' title='bbox 739 745 995 802; x_wconf 84' lang='lat' dir='ltr'>sapientem,</span> <span class='ocrx_word' id='word_1_93' title='bbox 1026 743 1101 800; x_wconf 87' lang='lat' dir='ltr'>qui</span> <span class='ocrx_word' id='word_1_94' title='bbox 1136 743 1410 785; x_wconf 79' lang='lat' dir='ltr'>serviendum</span> <span class='ocrx_word' id='word_1_95' title='bbox 1453 759 1602 785; x_wconf 91' lang='lat' dir='ltr'>neces-</span> 
     </span>
     <span class='ocr_line' id='line_1_12' title="bbox 135 801 1603 860; baseline -0.001 -16"><span class='ocrx_word' id='word_1_96' title='bbox 135 803 254 844; x_wconf 85' lang='lat' dir='ltr'>sitati</span> <span class='ocrx_word' id='word_1_97' title='bbox 281 804 430 860; x_wconf 87' lang='lat' dir='ltr'>putet!</span> <span class='ocrx_word' id='word_1_98' title='bbox 465 804 551 846; x_wconf 89' lang='lat' dir='ltr'>Sed</span> <span class='ocrx_word' id='word_1_99' title='bbox 582 804 655 845; x_wconf 87' lang='lat' dir='ltr'>hic</span> <span class='ocrx_word' id='word_1_100' title='bbox 686 806 864 845; x_wconf 89' lang='lat' dir='ltr'>omnino</span> <span class='ocrx_word' id='word_1_101' title='bbox 888 803 1020 844; x_wconf 91' lang='lat' dir='ltr'>rudis.</span> <span class='ocrx_word' id='word_1_102' title='bbox 1083 801 1225 843; x_wconf 84' lang='lat' dir='ltr'>Nobis</span> <span class='ocrx_word' id='word_1_103' title='bbox 1256 812 1403 843; x_wconf 85' lang='lat' dir='ltr'>autem</span> <span class='ocrx_word' id='word_1_104' title='bbox 1426 802 1470 843; x_wconf 90' lang='lat' dir='ltr'>in</span> <span class='ocrx_word' id='word_1_105' title='bbox 1499 802 1603 843; x_wconf 89' lang='lat' dir='ltr'>scri-</span> 
     </span>
     <span class='ocr_line' id='line_1_13' title="bbox 135 860 1604 918; baseline 0 -16"><span class='ocrx_word' id='word_1_106' title='bbox 135 860 295 912; x_wconf 83' lang='lat' dir='ltr'>bendo,</span> <span class='ocrx_word' id='word_1_107' title='bbox 318 870 449 918; x_wconf 86' lang='lat' dir='ltr'>atque</span> <span class='ocrx_word' id='word_1_108' title='bbox 477 863 520 904; x_wconf 90' lang='lat' dir='ltr'>in</span> <span class='ocrx_word' id='word_1_109' title='bbox 545 862 730 904; x_wconf 85' lang='lat' dir='ltr'>dicendo</span> <span class='ocrx_word' id='word_1_110' title='bbox 763 860 1034 903; x_wconf 83' lang='lat' dir='ltr'>necessitatis</span> <span class='ocrx_word' id='word_1_111' title='bbox 1068 860 1295 902; x_wconf 82' lang='lat' dir='ltr'>excusatio</span> <span class='ocrx_word' id='word_1_112' title='bbox 1328 875 1414 902; x_wconf 91' lang='lat' dir='ltr'>non</span> <span class='ocrx_word' id='word_1_113' title='bbox 1446 861 1604 916; x_wconf 85' lang='lat' dir='ltr'>proba-</span> 
     </span>
     <span class='ocr_line' id='line_1_14' title="bbox 135 917 1605 973; baseline 0 -13"><span class='ocrx_word' id='word_1_114' title='bbox 135 926 231 961; x_wconf 84' lang='lat' dir='ltr'>tur:</span> <span class='ocrx_word' id='word_1_115' title='bbox 262 919 374 961; x_wconf 84' lang='lat' dir='ltr'>nihil</span> <span class='ocrx_word' id='word_1_116' title='bbox 395 929 462 961; x_wconf 91' lang='lat' dir='ltr'>est</span> <span class='ocrx_word' id='word_1_117' title='bbox 481 920 598 962; x_wconf 86' lang='lat' dir='ltr'>enim</span> <span class='ocrx_word' id='word_1_118' title='bbox 630 934 829 963; x_wconf 90' lang='lat' dir='ltr'>necesse:</span> <span class='ocrx_word' id='word_1_119' title='bbox 863 928 921 970; x_wconf 85' lang='lat' dir='ltr'>et,</span> <span class='ocrx_word' id='word_1_120' title='bbox 945 919 978 959; x_wconf 89' lang='lat' dir='ltr'>si</span> <span class='ocrx_word' id='word_1_121' title='bbox 1004 918 1109 973; x_wconf 87' lang='lat' dir='ltr'>quid</span> <span class='ocrx_word' id='word_1_122' title='bbox 1127 927 1254 970; x_wconf 85' lang='lat' dir='ltr'>esset,</span> <span class='ocrx_word' id='word_1_123' title='bbox 1277 917 1318 959; x_wconf 94' lang='lat' dir='ltr'>id</span> <span class='ocrx_word' id='word_1_124' title='bbox 1342 932 1518 960; x_wconf 82' lang='lat' dir='ltr'>necesse</span> <span class='ocrx_word' id='word_1_125' title='bbox 1540 928 1605 960; x_wconf 89' lang='lat' dir='ltr'>ta-</span> 
     </span>
     <span class='ocr_line' id='line_1_15' title="bbox 133 975 1605 1033; baseline 0.001 -16"><span class='ocrx_word' id='word_1_126' title='bbox 133 990 236 1019; x_wconf 84' lang='lat' dir='ltr'>men</span> <span class='ocrx_word' id='word_1_127' title='bbox 258 992 347 1019; x_wconf 89' lang='lat' dir='ltr'>non</span> <span class='ocrx_word' id='word_1_128' title='bbox 373 987 465 1019; x_wconf 83' lang='lat' dir='ltr'>erat</span> <span class='ocrx_word' id='word_1_129' title='bbox 487 979 701 1020; x_wconf 89' lang='lat' dir='ltr'>confiteri.</span> <span class='ocrx_word' id='word_1_130' title='bbox 763 977 821 1019; x_wconf 88' lang='lat' dir='ltr'>Et</span> <span class='ocrx_word' id='word_1_131' title='bbox 843 977 914 1018; x_wconf 89' lang='lat' dir='ltr'>hic</span> <span class='ocrx_word' id='word_1_132' title='bbox 946 977 1138 1033; x_wconf 89' lang='lat' dir='ltr'>quidem,</span> <span class='ocrx_word' id='word_1_133' title='bbox 1165 977 1239 1032; x_wconf 88' lang='lat' dir='ltr'>qui</span> <span class='ocrx_word' id='word_1_134' title='bbox 1270 975 1382 1017; x_wconf 84' lang='lat' dir='ltr'>hanc</span> <span class='ocrx_word' id='word_1_135' title='bbox 1404 991 1429 1017; x_wconf 85' lang='lat' dir='ltr'>a</span> <span class='ocrx_word' id='word_1_136' title='bbox 1454 976 1605 1028; x_wconf 84' lang='lat' dir='ltr'>Laelio,</span> 
     </span>
    </p>

    <p class='ocr_par' dir='ltr' id='par_1_3' title="bbox 127 1034 1738 2024">
     <span class='ocr_line' id='line_1_16' title="bbox 137 1034 1608 1093; baseline 0.001 -17"><span class='ocrx_word' id='word_1_137' title='bbox 137 1036 175 1066; x_wconf 87' lang='lat'>13</span> <span class='ocrx_word' id='word_1_138' title='bbox 190 1035 244 1079; x_wconf 86' lang='lat' dir='ltr'>ad</span> <span class='ocrx_word' id='word_1_139' title='bbox 265 1050 394 1091; x_wconf 90' lang='lat' dir='ltr'>quem</span> <span class='ocrx_word' id='word_1_140' title='bbox 423 1037 610 1093; x_wconf 88' lang='lat' dir='ltr'>scripsit,</span> <span class='ocrx_word' id='word_1_141' title='bbox 635 1037 706 1078; x_wconf 85' lang='lat' dir='ltr'>cui</span> <span class='ocrx_word' id='word_1_142' title='bbox 730 1051 773 1078; x_wconf 90' lang='lat' dir='ltr'>se</span> <span class='ocrx_word' id='word_1_143' title='bbox 796 1044 970 1092; x_wconf 84' lang='lat' dir='ltr'>purgat,</span> <span class='ocrx_word' id='word_1_144' title='bbox 996 1035 1167 1076; x_wconf 84' lang='lat' dir='ltr'>veniam</span> <span class='ocrx_word' id='word_1_145' title='bbox 1192 1035 1316 1091; x_wconf 87' lang='lat' dir='ltr'>petit,</span> <span class='ocrx_word' id='word_1_146' title='bbox 1336 1044 1379 1075; x_wconf 89' lang='lat' dir='ltr'>et</span> <span class='ocrx_word' id='word_1_147' title='bbox 1401 1034 1538 1076; x_wconf 90' lang='lat' dir='ltr'>utitur</span> <span class='ocrx_word' id='word_1_148' title='bbox 1556 1049 1608 1077; x_wconf 78' lang='lat' dir='ltr'>ea</span> 
     </span>
     <span class='ocr_line' id='line_1_17' title="bbox 135 1091 1607 1149; baseline 0 -16"><span class='ocrx_word' id='word_1_149' title='bbox 135 1092 395 1148; x_wconf 84' lang='lat' dir='ltr'>trajectione</span> <span class='ocrx_word' id='word_1_150' title='bbox 418 1096 664 1147; x_wconf 90' lang='lat' dir='ltr'>verborum,</span> <span class='ocrx_word' id='word_1_151' title='bbox 685 1104 730 1136; x_wconf 89' lang='lat' dir='ltr'>et</span> <span class='ocrx_word' id='word_1_152' title='bbox 751 1094 888 1135; x_wconf 86' lang='lat' dir='ltr'>nihilo</span> <span class='ocrx_word' id='word_1_153' title='bbox 911 1103 1056 1135; x_wconf 85' lang='lat' dir='ltr'>tamen</span> <span class='ocrx_word' id='word_1_154' title='bbox 1081 1093 1224 1149; x_wconf 80' lang='lat' dir='ltr'>aptius</span> <span class='ocrx_word' id='word_1_155' title='bbox 1247 1092 1411 1149; x_wconf 85' lang='lat' dir='ltr'>explet,</span> <span class='ocrx_word' id='word_1_156' title='bbox 1429 1091 1607 1142; x_wconf 85' lang='lat' dir='ltr'>conclu-</span> 
     </span>
     <span class='ocr_line' id='line_1_18' title="bbox 132 1150 1607 1210; baseline 0.001 -18"><span class='ocrx_word' id='word_1_157' title='bbox 132 1150 289 1207; x_wconf 87' lang='lat' dir='ltr'>ditque</span> <span class='ocrx_word' id='word_1_158' title='bbox 311 1153 562 1194; x_wconf 89' lang='lat' dir='ltr'>sententias.</span> <span class='ocrx_word' id='word_1_159' title='bbox 623 1152 755 1210; x_wconf 87' lang='lat' dir='ltr'>Apud</span> <span class='ocrx_word' id='word_1_160' title='bbox 777 1152 884 1194; x_wconf 85' lang='lat' dir='ltr'>alios</span> <span class='ocrx_word' id='word_1_161' title='bbox 911 1162 1072 1203; x_wconf 87' lang='lat' dir='ltr'>autem,</span> <span class='ocrx_word' id='word_1_162' title='bbox 1092 1159 1135 1191; x_wconf 91' lang='lat' dir='ltr'>et</span> <span class='ocrx_word' id='word_1_163' title='bbox 1156 1150 1377 1192; x_wconf 88' lang='lat' dir='ltr'>Asiaticos</span> <span class='ocrx_word' id='word_1_164' title='bbox 1398 1151 1607 1204; x_wconf 77' lang='lat' dir='ltr'>maxime,</span> 
     </span>
     <span class='ocr_line' id='line_1_19' title="bbox 137 1209 1608 1266; baseline 0 -16"><span class='ocrx_word' id='word_1_165' title='bbox 137 1222 321 1252; x_wconf 89' lang='lat' dir='ltr'>numero</span> <span class='ocrx_word' id='word_1_166' title='bbox 350 1211 600 1262; x_wconf 79' lang='lat' dir='ltr'>servientes,</span> <span class='ocrx_word' id='word_1_167' title='bbox 632 1211 850 1254; x_wconf 83' lang='lat' dir='ltr'>inculcata</span> <span class='ocrx_word' id='word_1_168' title='bbox 883 1210 1070 1266; x_wconf 86' lang='lat' dir='ltr'>reperias</span> <span class='ocrx_word' id='word_1_169' title='bbox 1102 1209 1251 1250; x_wconf 85' lang='lat' dir='ltr'>inania</span> <span class='ocrx_word' id='word_1_170' title='bbox 1280 1209 1483 1265; x_wconf 86' lang='lat' dir='ltr'>quaedam</span> <span class='ocrx_word' id='word_1_171' title='bbox 1514 1224 1608 1252; x_wconf 79' lang='lat' dir='ltr'>ver-</span> 
     </span>
     <span class='ocr_line' id='line_1_20' title="bbox 135 1266 1608 1326; baseline 0 -18"><span class='ocrx_word' id='word_1_172' title='bbox 135 1267 207 1318; x_wconf 87' lang='lat' dir='ltr'>ba,</span> <span class='ocrx_word' id='word_1_173' title='bbox 238 1269 372 1324; x_wconf 79' lang='lat' dir='ltr'>quasi·</span> <span class='ocrx_word' id='word_1_174' title='bbox 397 1269 719 1326; x_wconf 89' lang='lat' dir='ltr'>complementa</span> <span class='ocrx_word' id='word_1_175' title='bbox 750 1282 1045 1311; x_wconf 85' lang='lat' dir='ltr'>numerorum.</span> <span class='ocrx_word' id='word_1_176' title='bbox 1119 1268 1231 1308; x_wconf 87' lang='lat' dir='ltr'>Sunt</span> <span class='ocrx_word' id='word_1_177' title='bbox 1264 1267 1395 1309; x_wconf 85' lang='lat' dir='ltr'>etiam</span> <span class='ocrx_word' id='word_1_178' title='bbox 1429 1266 1504 1324; x_wconf 92' lang='lat' dir='ltr'>qui</span> <span class='ocrx_word' id='word_1_179' title='bbox 1533 1267 1608 1316; x_wconf 86' lang='lat' dir='ltr'>illo</span> 
     </span>
     <span class='ocr_line' id='line_1_21' title="bbox 135 1325 1607 1384; baseline 0.001 -18"><span class='ocrx_word' id='word_1_180' title='bbox 135 1325 261 1378; x_wconf 86' lang='lat' dir='ltr'>vitio,</span> <span class='ocrx_word' id='word_1_181' title='bbox 293 1326 410 1383; x_wconf 92' lang='lat' dir='ltr'>quod</span> <span class='ocrx_word' id='word_1_182' title='bbox 443 1328 498 1369; x_wconf 86' lang='lat' dir='ltr'>ab</span> <span class='ocrx_word' id='word_1_183' title='bbox 524 1327 719 1384; x_wconf 83' lang='lat' dir='ltr'>Hegesia</span> <span class='ocrx_word' id='word_1_184' title='bbox 746 1327 939 1368; x_wconf 84' lang='lat' dir='ltr'>maxime</span> <span class='ocrx_word' id='word_1_185' title='bbox 962 1325 1109 1376; x_wconf 79' lang='lat' dir='ltr'>fiuxit,</span> <span class='ocrx_word' id='word_1_186' title='bbox 1131 1325 1436 1382; x_wconf 80' lang='lat' dir='ltr'>infringendis,</span> <span class='ocrx_word' id='word_1_187' title='bbox 1459 1325 1607 1367; x_wconf 90' lang='lat' dir='ltr'>conci-</span> 
     </span>
     <span class='ocr_line' id='line_1_22' title="bbox 136 1383 1605 1442; baseline 0 -17"><span class='ocrx_word' id='word_1_188' title='bbox 136 1383 378 1441; x_wconf 87' lang='lat' dir='ltr'>dendisque</span> <span class='ocrx_word' id='word_1_189' title='bbox 408 1387 600 1426; x_wconf 88' lang='lat' dir='ltr'>numeris</span> <span class='ocrx_word' id='word_1_190' title='bbox 634 1386 676 1427; x_wconf 91' lang='lat' dir='ltr'>in</span> <span class='ocrx_word' id='word_1_191' title='bbox 717 1385 938 1442; x_wconf 83' lang='lat' dir='ltr'>quoddam</span> <span class='ocrx_word' id='word_1_192' title='bbox 970 1398 1107 1441; x_wconf 86' lang='lat' dir='ltr'>genus</span> <span class='ocrx_word' id='word_1_193' title='bbox 1138 1383 1361 1439; x_wconf 84' lang='lat' dir='ltr'>abjectum</span> <span class='ocrx_word' id='word_1_194' title='bbox 1393 1383 1605 1436; x_wconf 85' lang='lat' dir='ltr'>incidant,</span> 
     </span>
     <span class='ocr_line' id='line_1_23' title="bbox 137 1441 1691 1498; baseline -0.001 -15"><span class='ocrx_word' id='word_1_195' title='bbox 137 1441 385 1484; x_wconf 91' lang='lat' dir='ltr'>Siculorum</span> <span class='ocrx_word' id='word_1_196' title='bbox 406 1443 690 1485; x_wconf 89' lang='lat' dir='ltr'>simillimum.</span> <span class='ocrx_word' id='word_1_197' title='bbox 751 1442 948 1485; x_wconf 91' lang='lat' dir='ltr'>Tertium</span> <span class='ocrx_word' id='word_1_198' title='bbox 969 1451 1050 1493; x_wconf 86' lang='lat' dir='ltr'>est,</span> <span class='ocrx_word' id='word_1_199' title='bbox 1075 1441 1116 1482; x_wconf 92' lang='lat' dir='ltr'>in</span> <span class='ocrx_word' id='word_1_200' title='bbox 1140 1457 1227 1498; x_wconf 90' lang='lat' dir='ltr'>quo</span> <span class='ocrx_word' id='word_1_201' title='bbox 1251 1441 1427 1483; x_wconf 89' lang='lat' dir='ltr'>fuerunt</span> <span class='ocrx_word' id='word_1_202' title='bbox 1450 1442 1604 1483; x_wconf 86' lang='lat' dir='ltr'>fratres</span> <span class='ocrx_word' id='word_1_203' title='bbox 1617 1441 1691 1475; x_wconf 79' lang='lat'>231</span> 
     </span>
     <span class='ocr_line' id='line_1_24' title="bbox 134 1498 1738 1558; baseline 0.001 -18"><span class='ocrx_word' id='word_1_204' title='bbox 134 1498 212 1551; x_wconf 91' lang='lat' dir='ltr'>illi,</span> <span class='ocrx_word' id='word_1_205' title='bbox 244 1499 541 1543; x_wconf 85' lang='lat' dir='ltr'>Asiaticorum</span> <span class='ocrx_word' id='word_1_206' title='bbox 574 1501 798 1544; x_wconf 88' lang='lat' dir='ltr'>rhetorum</span> <span class='ocrx_word' id='word_1_207' title='bbox 832 1501 1067 1558; x_wconf 83' lang='lat' dir='ltr'>principes,</span> <span class='ocrx_word' id='word_1_208' title='bbox 1102 1499 1347 1552; x_wconf 86' lang='lat' dir='ltr'>Hierocles,</span> <span class='ocrx_word' id='word_1_209' title='bbox 1377 1510 1422 1542; x_wconf 88' lang='lat' dir='ltr'>et</span> <span class='ocrx_word' id='word_1_210' title='bbox 1447 1499 1738 1542; x_wconf 48' lang='lat' dir='ltr'>Mene-10³2&amp;</span> 
     </span>
     <span class='ocr_line' id='line_1_25' title="bbox 127 1554 1647 1610; baseline 0.001 -11"><span class='ocrx_word' id='word_1_211' title='bbox 127 1557 237 1610; x_wconf 81' lang='lat' dir='ltr'>cles,</span> <span class='ocrx_word' id='word_1_212' title='bbox 259 1559 440 1601; x_wconf 89' lang='lat' dir='ltr'>minime</span> <span class='ocrx_word' id='word_1_213' title='bbox 461 1574 559 1601; x_wconf 86' lang='lat' dir='ltr'>mea</span> <span class='ocrx_word' id='word_1_214' title='bbox 589 1560 804 1601; x_wconf 86' lang='lat' dir='ltr'>sententia</span> <span class='ocrx_word' id='word_1_215' title='bbox 826 1558 1150 1600; x_wconf 87' lang='lat' dir='ltr'>contemnendi.</span> <span class='ocrx_word' id='word_1_216' title='bbox 1213 1557 1308 1600; x_wconf 87' lang='lat' dir='ltr'>Etsi</span> <span class='ocrx_word' id='word_1_217' title='bbox 1330 1559 1446 1600; x_wconf 87' lang='lat' dir='ltr'>enim</span> <span class='ocrx_word' id='word_1_218' title='bbox 1470 1573 1495 1600; x_wconf 87' lang='lat' dir='ltr'>a</span> <span class='ocrx_word' id='word_1_219' title='bbox 1516 1557 1605 1600; x_wconf 87' lang='lat' dir='ltr'>for·</span> <span class='ocrx_word' id='word_1_220' title='bbox 1617 1554 1647 1575; x_wconf 72' lang='lat'>²·</span> 
     </span>
     <span class='ocr_line' id='line_1_26' title="bbox 134 1616 1606 1674; baseline 0 -16"><span class='ocrx_word' id='word_1_221' title='bbox 134 1630 209 1658; x_wconf 86' lang='lat' dir='ltr'>ma</span> <span class='ocrx_word' id='word_1_222' title='bbox 231 1617 425 1658; x_wconf 88' lang='lat' dir='ltr'>veritatis</span> <span class='ocrx_word' id='word_1_223' title='bbox 457 1626 501 1658; x_wconf 92' lang='lat' dir='ltr'>et</span> <span class='ocrx_word' id='word_1_224' title='bbox 530 1619 585 1660; x_wconf 88' lang='lat' dir='ltr'>ab</span> <span class='ocrx_word' id='word_1_225' title='bbox 609 1617 860 1660; x_wconf 87' lang='lat' dir='ltr'>Atticorum</span> <span class='ocrx_word' id='word_1_226' title='bbox 886 1616 1038 1674; x_wconf 82' lang='lat' dir='ltr'>regula</span> <span class='ocrx_word' id='word_1_227' title='bbox 1068 1618 1242 1670; x_wconf 87' lang='lat' dir='ltr'>absunt,</span> <span class='ocrx_word' id='word_1_228' title='bbox 1266 1626 1411 1658; x_wconf 87' lang='lat' dir='ltr'>tamen</span> <span class='ocrx_word' id='word_1_229' title='bbox 1435 1616 1520 1669; x_wconf 83' lang='lat' dir='ltr'>hoc</span> <span class='ocrx_word' id='word_1_230' title='bbox 1541 1617 1606 1658; x_wconf 83' lang='lat' dir='ltr'>vi·</span> 
     </span>
     <span class='ocr_line' id='line_1_27' title="bbox 135 1673 1605 1732; baseline 0.001 -17"><span class='ocrx_word' id='word_1_231' title='bbox 135 1673 247 1717; x_wconf 85' lang='lat' dir='ltr'>tium</span> <span class='ocrx_word' id='word_1_232' title='bbox 276 1685 564 1732; x_wconf 85' lang='lat' dir='ltr'>compensant</span> <span class='ocrx_word' id='word_1_233' title='bbox 597 1676 664 1718; x_wconf 84' lang='lat' dir='ltr'>vel</span> <span class='ocrx_word' id='word_1_234' title='bbox 694 1675 917 1726; x_wconf 84' lang='lat' dir='ltr'>facultate,</span> <span class='ocrx_word' id='word_1_235' title='bbox 948 1674 1015 1716; x_wconf 90' lang='lat' dir='ltr'>vel</span> <span class='ocrx_word' id='word_1_236' title='bbox 1043 1675 1187 1732; x_wconf 89' lang='lat' dir='ltr'>copia.</span> <span class='ocrx_word' id='word_1_237' title='bbox 1262 1674 1347 1716; x_wconf 91' lang='lat' dir='ltr'>Sed</span> <span class='ocrx_word' id='word_1_238' title='bbox 1382 1674 1497 1731; x_wconf 84' lang='lat' dir='ltr'>apud</span> <span class='ocrx_word' id='word_1_239' title='bbox 1531 1689 1605 1717; x_wconf 87' lang='lat' dir='ltr'>eos</span> 
     </span>
     <span class='ocr_line' id='line_1_28' title="bbox 135 1732 1606 1791; baseline 0.001 -18"><span class='ocrx_word' id='word_1_240' title='bbox 135 1732 322 1774; x_wconf 85' lang='lat' dir='ltr'>varietas</span> <span class='ocrx_word' id='word_1_241' title='bbox 341 1748 430 1775; x_wconf 90' lang='lat' dir='ltr'>non</span> <span class='ocrx_word' id='word_1_242' title='bbox 452 1743 558 1787; x_wconf 80' lang='lat' dir='ltr'>erat,</span> <span class='ocrx_word' id='word_1_243' title='bbox 580 1735 697 1791; x_wconf 92' lang='lat' dir='ltr'>quod</span> <span class='ocrx_word' id='word_1_244' title='bbox 720 1734 868 1776; x_wconf 83' lang='lat' dir='ltr'>omnia</span> <span class='ocrx_word' id='word_1_245' title='bbox 890 1733 980 1775; x_wconf 84' lang='lat' dir='ltr'>fere</span> <span class='ocrx_word' id='word_1_246' title='bbox 1002 1733 1379 1775; x_wconf 84' lang='lat' dir='ltr'>concludebantur</span> <span class='ocrx_word' id='word_1_247' title='bbox 1402 1748 1489 1774; x_wconf 92' lang='lat' dir='ltr'>uno</span> <span class='ocrx_word' id='word_1_248' title='bbox 1511 1748 1606 1774; x_wconf 90' lang='lat' dir='ltr'>mo-</span> 
     </span>
     <span class='ocr_line' id='line_1_29' title="bbox 135 1789 1606 1850; baseline 0.001 -19"><span class='ocrx_word' id='word_1_249' title='bbox 135 1789 208 1832; x_wconf 85' lang='lat' dir='ltr'>do.</span> <span class='ocrx_word' id='word_1_250' title='bbox 271 1791 383 1838; x_wconf 87' lang='lat' dir='ltr'>Quae</span> <span class='ocrx_word' id='word_1_251' title='bbox 407 1792 515 1834; x_wconf 90' lang='lat' dir='ltr'>vitia</span> <span class='ocrx_word' id='word_1_252' title='bbox 549 1794 624 1850; x_wconf 91' lang='lat' dir='ltr'>qui</span> <span class='ocrx_word' id='word_1_253' title='bbox 656 1793 834 1850; x_wconf 84' lang='lat' dir='ltr'>fugerit,</span> <span class='ocrx_word' id='word_1_254' title='bbox 859 1801 908 1833; x_wconf 88' lang='lat' dir='ltr'>ut</span> <span class='ocrx_word' id='word_1_255' title='bbox 929 1806 1070 1847; x_wconf 84' lang='lat' dir='ltr'>neque</span> <span class='ocrx_word' id='word_1_256' title='bbox 1101 1792 1283 1835; x_wconf 87' lang='lat' dir='ltr'>verbum</span> <span class='ocrx_word' id='word_1_257' title='bbox 1306 1791 1367 1832; x_wconf 86' lang='lat' dir='ltr'>ita</span> <span class='ocrx_word' id='word_1_258' title='bbox 1398 1791 1606 1847; x_wconf 84' lang='lat' dir='ltr'>trajiciat,</span> 
     </span>
     <span class='ocr_line' id='line_1_30' title="bbox 133 1848 1606 1907; baseline 0.001 -17"><span class='ocrx_word' id='word_1_259' title='bbox 133 1856 185 1890; x_wconf 86' lang='lat' dir='ltr'>ut</span> <span class='ocrx_word' id='word_1_260' title='bbox 206 1848 250 1890; x_wconf 94' lang='lat' dir='ltr'>id</span> <span class='ocrx_word' id='word_1_261' title='bbox 273 1850 326 1891; x_wconf 88' lang='lat' dir='ltr'>de</span> <span class='ocrx_word' id='word_1_262' title='bbox 348 1850 560 1892; x_wconf 86' lang='lat' dir='ltr'>industria</span> <span class='ocrx_word' id='word_1_263' title='bbox 588 1850 754 1893; x_wconf 88' lang='lat' dir='ltr'>factum</span> <span class='ocrx_word' id='word_1_264' title='bbox 778 1850 1060 1907; x_wconf 86' lang='lat' dir='ltr'>intelligatur,</span> <span class='ocrx_word' id='word_1_265' title='bbox 1082 1864 1224 1906; x_wconf 87' lang='lat' dir='ltr'>neque</span> <span class='ocrx_word' id='word_1_266' title='bbox 1255 1849 1488 1891; x_wconf 87' lang='lat' dir='ltr'>inferciens</span> <span class='ocrx_word' id='word_1_267' title='bbox 1512 1864 1606 1891; x_wconf 89' lang='lat' dir='ltr'>ver-</span> 
     </span>
     <span class='ocr_line' id='line_1_31' title="bbox 138 1906 1604 1966; baseline -0.001 -15"><span class='ocrx_word' id='word_1_268' title='bbox 138 1906 205 1960; x_wconf 82' lang='lat' dir='ltr'>ba,</span> <span class='ocrx_word' id='word_1_269' title='bbox 225 1907 348 1963; x_wconf 85' lang='lat' dir='ltr'>quasi</span> <span class='ocrx_word' id='word_1_270' title='bbox 371 1909 500 1950; x_wconf 84' lang='lat' dir='ltr'>rimas</span> <span class='ocrx_word' id='word_1_271' title='bbox 522 1909 712 1966; x_wconf 82' lang='lat' dir='ltr'>expleat,</span> <span class='ocrx_word' id='word_1_272' title='bbox 736 1924 816 1951; x_wconf 91' lang='lat' dir='ltr'>nec</span> <span class='ocrx_word' id='word_1_273' title='bbox 838 1909 1031 1950; x_wconf 89' lang='lat' dir='ltr'>minutos</span> <span class='ocrx_word' id='word_1_274' title='bbox 1056 1923 1258 1950; x_wconf 85' lang='lat' dir='ltr'>numeros</span> <span class='ocrx_word' id='word_1_275' title='bbox 1281 1922 1480 1964; x_wconf 89' lang='lat' dir='ltr'>sequens,</span> <span class='ocrx_word' id='word_1_276' title='bbox 1499 1922 1604 1949; x_wconf 89' lang='lat' dir='ltr'>con-</span> 
     </span>
     <span class='ocr_line' id='line_1_32' title="bbox 135 1965 1605 2024; baseline 0 -18"><span class='ocrx_word' id='word_1_277' title='bbox 135 1965 255 2006; x_wconf 84' lang='lat' dir='ltr'>cidat</span> <span class='ocrx_word' id='word_1_278' title='bbox 286 1966 594 2024; x_wconf 83' lang='lat' dir='ltr'>delumbetque</span> <span class='ocrx_word' id='word_1_279' title='bbox 624 1968 875 2019; x_wconf 82' lang='lat' dir='ltr'>sententias,</span> <span class='ocrx_word' id='word_1_280' title='bbox 909 1981 989 2008; x_wconf 91' lang='lat' dir='ltr'>nec</span> <span class='ocrx_word' id='word_1_281' title='bbox 1020 1966 1111 2007; x_wconf 88' lang='lat' dir='ltr'>sine</span> <span class='ocrx_word' id='word_1_282' title='bbox 1142 1966 1229 2008; x_wconf 89' lang='lat' dir='ltr'>ulla</span> <span class='ocrx_word' id='word_1_283' title='bbox 1257 1965 1605 2008; x_wconf 88' lang='lat' dir='ltr'>commutatione</span> 
     </span>
    </p>

    <p class='ocr_par' dir='ltr' id='par_1_4' title="bbox 134 2022 1691 2258">
     <span class='ocr_line' id='line_1_33' title="bbox 135 2022 1604 2082; baseline 0.001 -18"><span class='ocrx_word' id='word_1_284' title='bbox 135 2022 182 2064; x_wconf 91' lang='lat' dir='ltr'>in</span> <span class='ocrx_word' id='word_1_285' title='bbox 224 2025 378 2066; x_wconf 78' lang='lat' dir='ltr'>eodem</span> <span class='ocrx_word' id='word_1_286' title='bbox 412 2040 582 2082; x_wconf 87' lang='lat' dir='ltr'>semper</span> <span class='ocrx_word' id='word_1_287' title='bbox 614 2035 806 2068; x_wconf 83' lang='lat' dir='ltr'>versetur</span> <span class='ocrx_word' id='word_1_288' title='bbox 851 2039 1008 2082; x_wconf 87' lang='lat' dir='ltr'>genere</span> <span class='ocrx_word' id='word_1_289' title='bbox 1037 2039 1341 2066; x_wconf 89' lang='lat' dir='ltr'>numerorum:</span> <span class='ocrx_word' id='word_1_290' title='bbox 1386 2024 1421 2066; x_wconf 88' lang='lat' dir='ltr'>is</span> <span class='ocrx_word' id='word_1_291' title='bbox 1455 2024 1604 2066; x_wconf 90' lang='lat' dir='ltr'>omnia</span> 
     </span>
     <span class='ocr_line' id='line_1_34' title="bbox 134 2080 1602 2138; baseline -0.001 -15"><span class='ocrx_word' id='word_1_292' title='bbox 134 2080 226 2123; x_wconf 87' lang='lat' dir='ltr'>fere</span> <span class='ocrx_word' id='word_1_293' title='bbox 255 2083 361 2125; x_wconf 88' lang='lat' dir='ltr'>vitia</span> <span class='ocrx_word' id='word_1_294' title='bbox 393 2083 609 2126; x_wconf 79' lang='lat' dir='ltr'>vitaverit.</span> <span class='ocrx_word' id='word_1_295' title='bbox 630 2099 732 2126; x_wconf 85' lang='lat' dir='ltr'>nam</span> <span class='ocrx_word' id='word_1_296' title='bbox 755 2085 808 2125; x_wconf 92' lang='lat' dir='ltr'>de</span> <span class='ocrx_word' id='word_1_297' title='bbox 830 2083 1030 2125; x_wconf 85' lang='lat' dir='ltr'>laudibus</span> <span class='ocrx_word' id='word_1_298' title='bbox 1053 2083 1190 2125; x_wconf 86' lang='lat' dir='ltr'>multa</span> <span class='ocrx_word' id='word_1_299' title='bbox 1211 2083 1420 2134; x_wconf 88' lang='lat' dir='ltr'>diximus,</span> <span class='ocrx_word' id='word_1_300' title='bbox 1442 2082 1602 2138; x_wconf 89' lang='lat' dir='ltr'>quibus</span> 
     </span>
     <span class='ocr_line' id='line_1_35' title="bbox 134 2131 1689 2199; baseline 0 -19"><span class='ocrx_word' id='word_1_301' title='bbox 134 2148 236 2181; x_wconf 88' lang='lat' dir='ltr'>sunt</span> <span class='ocrx_word' id='word_1_302' title='bbox 265 2140 349 2182; x_wconf 89' lang='lat' dir='ltr'>alia</span> <span class='ocrx_word' id='word_1_303' title='bbox 374 2143 410 2172; x_wconf 85' lang='lat'>14</span> <span class='ocrx_word' id='word_1_304' title='bbox 423 2142 652 2199; x_wconf 88' lang='lat' dir='ltr'>perspicua</span> <span class='ocrx_word' id='word_1_305' title='bbox 680 2143 789 2185; x_wconf 84' lang='lat' dir='ltr'>vitia</span> <span class='ocrx_word' id='word_1_306' title='bbox 820 2141 1052 2184; x_wconf 85' lang='lat' dir='ltr'>contraria.</span> <span class='ocrx_word' id='word_1_307' title='bbox 1113 2141 1339 2189; x_wconf 82' lang='lat' dir='ltr'>Quantum</span> <span class='ocrx_word' id='word_1_308' title='bbox 1367 2149 1514 2182; x_wconf 90' lang='lat' dir='ltr'>autem</span> <span class='ocrx_word' id='word_1_309' title='bbox 1547 2140 1603 2182; x_wconf 91' lang='lat' dir='ltr'>sit</span> <span class='ocrx_word' id='word_1_310' title='bbox 1616 2131 1689 2187; x_wconf 83' lang='grc'>70</span> 
     </span>
     <span class='ocr_line' id='line_1_36' title="bbox 134 2199 1691 2258; baseline 0 -19"><span class='ocrx_word' id='word_1_311' title='bbox 134 2206 237 2255; x_wconf 85' lang='lat' dir='ltr'>apte</span> <span class='ocrx_word' id='word_1_312' title='bbox 268 2199 426 2252; x_wconf 87' lang='lat' dir='ltr'>dicere,</span> <span class='ocrx_word' id='word_1_313' title='bbox 451 2201 639 2258; x_wconf 87' lang='lat' dir='ltr'>experiri</span> <span class='ocrx_word' id='word_1_314' title='bbox 669 2201 786 2253; x_wconf 88' lang='lat' dir='ltr'>licet,</span> <span class='ocrx_word' id='word_1_315' title='bbox 812 2202 848 2231; x_wconf 81' lang='lat'>15</span> <span class='ocrx_word' id='word_1_316' title='bbox 862 2200 898 2241; x_wconf 90' lang='lat' dir='ltr'>si</span> <span class='ocrx_word' id='word_1_317' title='bbox 922 2210 996 2250; x_wconf 83' lang='lat' dir='ltr'>aut</span> <span class='ocrx_word' id='word_1_318' title='bbox 1026 2199 1261 2256; x_wconf 88' lang='lat' dir='ltr'>compositi</span> <span class='ocrx_word' id='word_1_319' title='bbox 1286 2199 1469 2241; x_wconf 88' lang='lat' dir='ltr'>oratoris</span> <span class='ocrx_word' id='word_1_320' title='bbox 1495 2200 1691 2241; x_wconf 67' lang='lat' dir='ltr'>beneaaa</span> 
     </span>
    </p>
   </div>
   <div class='ocr_carea' id='block_1_3' title="bbox 121 2315 1605 2958">
    <p class='ocr_par' dir='ltr' id='par_1_5' title="bbox 121 2315 1605 2958">
     <span class='ocr_line' id='line_1_37' title="bbox 124 2315 1603 2356; baseline 0 -12"><span class='ocrx_word' id='word_1_321' title='bbox 124 2350 129 2353; x_wconf 36' lang='grc'>,</span> <span class='ocrx_word' id='word_1_322' title='bbox 183 2316 220 2344; x_wconf 83' lang='lat'>10</span> <span class='ocrx_word' id='word_1_323' title='bbox 243 2318 440 2355; x_wconf 80' lang='lat' dir='ltr'>tantumque</span> <span class='ocrx_word' id='word_1_324' title='bbox 461 2315 563 2353; x_wconf 80' lang='lat' dir='ltr'>abest,</span> <span class='ocrx_word' id='word_1_325' title='bbox 584 2315 639 2356; x_wconf 83' lang='lat' dir='ltr'>ut]</span> <span class='ocrx_word' id='word_1_326' title='bbox 689 2315 732 2356; x_wconf 82' lang='lat' dir='ltr'>Ut</span> <span class='ocrx_word' id='word_1_327' title='bbox 759 2315 845 2347; x_wconf 84' lang='lat' dir='ltr'>edidi</span> <span class='ocrx_word' id='word_1_328' title='bbox 889 2317 977 2346; x_wconf 89' lang='lat' dir='ltr'>Sunt</span> <span class='ocrx_word' id='word_1_329' title='bbox 997 2317 1088 2346; x_wconf 81' lang='lat' dir='ltr'>enim</span> <span class='ocrx_word' id='word_1_330' title='bbox 1112 2318 1257 2355; x_wconf 81' lang='lat' dir='ltr'>quatuor</span> <span class='ocrx_word' id='word_1_331' title='bbox 1281 2324 1404 2355; x_wconf 86' lang='lat' dir='ltr'>genera</span> <span class='ocrx_word' id='word_1_332' title='bbox 1431 2315 1603 2356; x_wconf 78' lang='lat' dir='ltr'>vitiorum,</span> 
     </span>
     <span class='ocr_line' id='line_1_38' title="bbox 134 2357 1605 2399; baseline 0 -12"><span class='ocrx_word' id='word_1_333' title='bbox 134 2366 194 2398; x_wconf 86' lang='lat' dir='ltr'>pro</span> <span class='ocrx_word' id='word_1_334' title='bbox 225 2358 362 2397; x_wconf 79' lang='lat' dir='ltr'>vulgato</span> <span class='ocrx_word' id='word_1_335' title='bbox 389 2368 441 2396; x_wconf 78' lang='lat' dir='ltr'>ne,</span> <span class='ocrx_word' id='word_1_336' title='bbox 470 2358 558 2398; x_wconf 89' lang='lat' dir='ltr'>quod</span> <span class='ocrx_word' id='word_1_337' title='bbox 585 2365 636 2389; x_wconf 87' lang='lat' dir='ltr'>est</span> <span class='ocrx_word' id='word_1_338' title='bbox 661 2364 695 2391; x_wconf 84' lang='lat' dir='ltr'>et</span> <span class='ocrx_word' id='word_1_339' title='bbox 723 2359 758 2390; x_wconf 91' lang='lat' dir='ltr'>in</span> <span class='ocrx_word' id='word_1_340' title='bbox 785 2359 846 2390; x_wconf 85' lang='lat' dir='ltr'>hac</span> <span class='ocrx_word' id='word_1_341' title='bbox 889 2363 928 2389; x_wconf 92' lang='lat' dir='ltr'>ut</span> <span class='ocrx_word' id='word_1_342' title='bbox 955 2358 1042 2389; x_wconf 87' lang='lat' dir='ltr'>clare</span> <span class='ocrx_word' id='word_1_343' title='bbox 1065 2362 1158 2399; x_wconf 87' lang='lat' dir='ltr'>patet</span> <span class='ocrx_word' id='word_1_344' title='bbox 1178 2369 1195 2388; x_wconf 83' lang='lat' dir='ltr'>e</span> <span class='ocrx_word' id='word_1_345' title='bbox 1219 2359 1304 2388; x_wconf 69' lang='lat' dir='ltr'>fine:</span> <span class='ocrx_word' id='word_1_346' title='bbox 1330 2357 1417 2399; x_wconf 69' lang='lat' dir='ltr'>Qua?</span> <span class='ocrx_word' id='word_1_347' title='bbox 1441 2358 1526 2388; x_wconf 72' lang='lat' dir='ltr'>vitia</span> <span class='ocrx_word' id='word_1_348' title='bbox 1548 2359 1605 2398; x_wconf 79' lang='lat' dir='ltr'>qui</span> 
     </span>
     <span class='ocr_line' id='line_1_39' title="bbox 135 2399 1432 2442; baseline -0.001 -12"><span class='ocrx_word' id='word_1_349' title='bbox 135 2399 244 2431; x_wconf 80' lang='lat' dir='ltr'>forma</span> <span class='ocrx_word' id='word_1_350' title='bbox 269 2401 436 2441; x_wconf 84' lang='lat' dir='ltr'>loquendi,</span> <span class='ocrx_word' id='word_1_351' title='bbox 461 2405 595 2432; x_wconf 79' lang='lat' dir='ltr'>tantum</span> <span class='ocrx_word' id='word_1_352' title='bbox 623 2403 726 2440; x_wconf 78' lang='lat' dir='ltr'>abest,</span> <span class='ocrx_word' id='word_1_353' title='bbox 754 2407 788 2432; x_wconf 88' lang='lat' dir='ltr'>et</span> <span class='ocrx_word' id='word_1_354' title='bbox 812 2403 847 2433; x_wconf 87' lang='lat' dir='ltr'>in</span> <span class='ocrx_word' id='word_1_355' title='bbox 877 2401 1183 2442; x_wconf 70' lang='lat' dir='ltr'>flageril—genere</span> <span class='ocrx_word' id='word_1_356' title='bbox 1205 2409 1432 2431; x_wconf 81' lang='lat' dir='ltr'>numerorum.</span> 
     </span>
     <span class='ocr_line' id='line_1_40' title="bbox 134 2441 1604 2486; baseline -0.001 -11"><span class='ocrx_word' id='word_1_357' title='bbox 134 2441 198 2475; x_wconf 84' lang='lat' dir='ltr'>hac</span> <span class='ocrx_word' id='word_1_358' title='bbox 227 2445 408 2481; x_wconf 84' lang='lat' dir='ltr'>sententia,</span> <span class='ocrx_word' id='word_1_359' title='bbox 434 2444 600 2481; x_wconf 81' lang='lat' dir='ltr'>alienum:</span> <span class='ocrx_word' id='word_1_360' title='bbox 624 2450 760 2480; x_wconf 83' lang='lat' dir='ltr'>tantum</span> <span class='ocrx_word' id='word_1_361' title='bbox 790 2445 846 2483; x_wconf 79' lang='lat' dir='ltr'>ab·</span> <span class='ocrx_word' id='word_1_362' title='bbox 937 2447 974 2476; x_wconf 73' lang='lat'>12</span> <span class='ocrx_word' id='word_1_363' title='bbox 989 2446 1043 2485; x_wconf 79' lang='lat' dir='ltr'>qui</span> <span class='ocrx_word' id='word_1_364' title='bbox 1058 2454 1115 2474; x_wconf 72' lang='lat' dir='ltr'>nos</span> <span class='ocrx_word' id='word_1_365' title='bbox 1130 2445 1216 2475; x_wconf 70' lang='lat' dir='ltr'>nihil</span> <span class='ocrx_word' id='word_1_366' title='bbox 1228 2443 1323 2486; x_wconf 77' lang='lat' dir='ltr'>celet]</span> <span class='ocrx_word' id='word_1_367' title='bbox 1343 2443 1406 2474; x_wconf 90' lang='lat' dir='ltr'>Pro</span> <span class='ocrx_word' id='word_1_368' title='bbox 1421 2443 1509 2473; x_wconf 82' lang='lat' dir='ltr'>celat</span> <span class='ocrx_word' id='word_1_369' title='bbox 1523 2443 1604 2474; x_wconf 88' lang='lat' dir='ltr'>scri-</span> 
     </span>
     <span class='ocr_line' id='line_1_41' title="bbox 136 2487 1603 2527; baseline 0.001 -11"><span class='ocrx_word' id='word_1_370' title='bbox 136 2491 200 2524; x_wconf 87' lang='lat' dir='ltr'>est,</span> <span class='ocrx_word' id='word_1_371' title='bbox 227 2492 486 2518; x_wconf 85' lang='lat' dir='ltr'>ut—enervetur</span> <span class='ocrx_word' id='word_1_372' title='bbox 524 2489 713 2520; x_wconf 82' lang='lat' dir='ltr'>oratio—ut</span> <span class='ocrx_word' id='word_1_373' title='bbox 748 2489 849 2519; x_wconf 82' lang='lat' dir='ltr'>aliter</span> <span class='ocrx_word' id='word_1_374' title='bbox 890 2487 1036 2518; x_wconf 88' lang='lat' dir='ltr'>bendum</span> <span class='ocrx_word' id='word_1_375' title='bbox 1054 2488 1132 2523; x_wconf 88' lang='lat' dir='ltr'>fuit,</span> <span class='ocrx_word' id='word_1_376' title='bbox 1148 2488 1226 2527; x_wconf 83' lang='lat' dir='ltr'>quia</span> <span class='ocrx_word' id='word_1_377' title='bbox 1240 2487 1354 2517; x_wconf 86' lang='lat' dir='ltr'>statim</span> <span class='ocrx_word' id='word_1_378' title='bbox 1368 2491 1401 2516; x_wconf 89' lang='lat' dir='ltr'>et</span> <span class='ocrx_word' id='word_1_379' title='bbox 1410 2490 1527 2526; x_wconf 78' lang='lat' dir='ltr'>putet:</span> <span class='ocrx_word' id='word_1_380' title='bbox 1541 2495 1603 2517; x_wconf 83' lang='lat' dir='ltr'>nec</span> 
     </span>
     <span class='ocr_line' id='line_1_42' title="bbox 141 2529 1557 2570; baseline 0 -11"><span class='ocrx_word' id='word_1_381' title='bbox 141 2529 202 2560; x_wconf 89' lang='lat' dir='ltr'>&amp;c.</span> <span class='ocrx_word' id='word_1_382' title='bbox 891 2531 980 2561; x_wconf 80' lang='lat' dir='ltr'>enirn</span> <span class='ocrx_word' id='word_1_383' title='bbox 996 2529 1068 2561; x_wconf 89' lang='lat' dir='ltr'>haec</span> <span class='ocrx_word' id='word_1_384' title='bbox 1085 2530 1268 2570; x_wconf 85' lang='lat' dir='ltr'>discrepare</span> <span class='ocrx_word' id='word_1_385' title='bbox 1286 2529 1390 2559; x_wconf 91' lang='lat' dir='ltr'>modis</span> <span class='ocrx_word' id='word_1_386' title='bbox 1406 2534 1557 2569; x_wconf 87' lang='lat' dir='ltr'>possunt.</span> 
     </span>
     <span class='ocr_line' id='line_1_43' title="bbox 184 2571 1598 2614; baseline 0 -12"><span class='ocrx_word' id='word_1_387' title='bbox 184 2573 220 2602; x_wconf 82' lang='lat'>11</span> <span class='ocrx_word' id='word_1_388' title='bbox 244 2582 286 2603; x_wconf 85' lang='lat' dir='ltr'>ne</span> <span class='ocrx_word' id='word_1_389' title='bbox 300 2577 361 2604; x_wconf 81' lang='lat' dir='ltr'>aut</span> <span class='ocrx_word' id='word_1_390' title='bbox 375 2584 405 2604; x_wconf 84' lang='lat' dir='ltr'>v.</span> <span class='ocrx_word' id='word_1_391' title='bbox 423 2572 483 2613; x_wconf 78' lang='lat' dir='ltr'>tr.]</span> <span class='ocrx_word' id='word_1_392' title='bbox 509 2573 596 2614; x_wconf 73' lang='lat' dir='ltr'>Quia</span> <span class='ocrx_word' id='word_1_393' title='bbox 610 2573 741 2605; x_wconf 87' lang='lat' dir='ltr'>nullum</span> <span class='ocrx_word' id='word_1_394' title='bbox 756 2573 846 2605; x_wconf 87' lang='lat' dir='ltr'>aliud</span> <span class='ocrx_word' id='word_1_395' title='bbox 938 2575 972 2604; x_wconf 82' lang='lat'>13</span> <span class='ocrx_word' id='word_1_396' title='bbox 997 2573 1044 2603; x_wconf 86' lang='lat' dir='ltr'>ad</span> <span class='ocrx_word' id='word_1_397' title='bbox 1057 2582 1151 2612; x_wconf 81' lang='lat' dir='ltr'>quem</span> <span class='ocrx_word' id='word_1_398' title='bbox 1166 2573 1309 2612; x_wconf 72' lang='lat' dir='ltr'>scripsit,</span> <span class='ocrx_word' id='word_1_399' title='bbox 1324 2572 1379 2602; x_wconf 71' lang='lat' dir='ltr'>cui</span> <span class='ocrx_word' id='word_1_400' title='bbox 1399 2582 1433 2602; x_wconf 79' lang='lat' dir='ltr'>se</span> <span class='ocrx_word' id='word_1_401' title='bbox 1450 2571 1598 2612; x_wconf 72' lang='lat' dir='ltr'>purgat]</span> 
     </span>
     <span class='ocr_line' id='line_1_44' title="bbox 138 2615 1600 2657; baseline 0.002 -13"><span class='ocrx_word' id='word_1_402' title='bbox 138 2618 200 2645; x_wconf 80' lang='lat' dir='ltr'>aut</span> <span class='ocrx_word' id='word_1_403' title='bbox 227 2617 390 2655; x_wconf 84' lang='lat' dir='ltr'>sequitur,</span> <span class='ocrx_word' id='word_1_404' title='bbox 418 2616 628 2647; x_wconf 81' lang='lat' dir='ltr'>Gnilielmius</span> <span class='ocrx_word' id='word_1_405' title='bbox 660 2617 846 2657; x_wconf 73' lang='lat' dir='ltr'>corrigebat</span> <span class='ocrx_word' id='word_1_406' title='bbox 890 2617 960 2648; x_wconf 88' lang='lat' dir='ltr'>Cur</span> <span class='ocrx_word' id='word_1_407' title='bbox 982 2621 1094 2647; x_wconf 86' lang='lat' dir='ltr'>autem</span> <span class='ocrx_word' id='word_1_408' title='bbox 1122 2615 1256 2646; x_wconf 80' lang='lat' dir='ltr'>diversis</span> <span class='ocrx_word' id='word_1_409' title='bbox 1282 2615 1354 2646; x_wconf 76' lang='lat' dir='ltr'>haec</span> <span class='ocrx_word' id='word_1_410' title='bbox 1370 2615 1600 2656; x_wconf 74' lang='lat' dir='ltr'>temporibus:</span> 
     </span>
     <span class='ocr_line' id='line_1_45' title="bbox 138 2658 1317 2701; baseline 0.002 -14"><span class='ocrx_word' id='word_1_411' title='bbox 138 2666 230 2688; x_wconf 75' lang='lat' dir='ltr'>neve.</span> <span class='ocrx_word' id='word_1_412' title='bbox 261 2658 328 2690; x_wconf 85' lang='lat' dir='ltr'>Cur</span> <span class='ocrx_word' id='word_1_413' title='bbox 356 2669 424 2690; x_wconf 87' lang='lat' dir='ltr'>non</span> <span class='ocrx_word' id='word_1_414' title='bbox 451 2661 560 2701; x_wconf 84' lang='lat' dir='ltr'>potius</span> <span class='ocrx_word' id='word_1_415' title='bbox 584 2661 845 2701; x_wconf 79' lang='lat' dir='ltr'>transponendo,</span> <span class='ocrx_word' id='word_1_416' title='bbox 889 2664 924 2690; x_wconf 85' lang='lat' dir='ltr'>et</span> <span class='ocrx_word' id='word_1_417' title='bbox 941 2669 1007 2689; x_wconf 86' lang='lat' dir='ltr'>non</span> <span class='ocrx_word' id='word_1_418' title='bbox 1021 2659 1146 2694; x_wconf 70' lang='lat' dir='ltr'>scribit,</span> <span class='ocrx_word' id='word_1_419' title='bbox 1157 2659 1317 2699; x_wconf 77' lang='lat' dir='ltr'>purgat?</span> 
     </span>
     <span class='ocr_line' id='line_1_46' title="bbox 138 2698 1601 2743; baseline 0 -13"><span class='ocrx_word' id='word_1_420' title='bbox 138 2705 201 2731; x_wconf 78' lang='lat' dir='ltr'>aut</span> <span class='ocrx_word' id='word_1_421' title='bbox 222 2701 289 2732; x_wconf 78' lang='lat' dir='ltr'>ne?</span> <span class='ocrx_word' id='word_1_422' title='bbox 311 2702 398 2741; x_wconf 88' lang='lat' dir='ltr'>quod</span> <span class='ocrx_word' id='word_1_423' title='bbox 421 2703 671 2743; x_wconf 77' lang='lat' dir='ltr'>rescripsissem,</span> <span class='ocrx_word' id='word_1_424' title='bbox 687 2703 749 2734; x_wconf 89' lang='lat' dir='ltr'>nisi</span> <span class='ocrx_word' id='word_1_425' title='bbox 773 2713 847 2743; x_wconf 87' lang='lat' dir='ltr'>pos·</span> <span class='ocrx_word' id='word_1_426' title='bbox 938 2704 975 2733; x_wconf 82' lang='lat'>14</span> <span class='ocrx_word' id='word_1_427' title='bbox 992 2702 1164 2742; x_wconf 69' lang='lat' dir='ltr'>perspicue</span> <span class='ocrx_word' id='word_1_428' title='bbox 1186 2712 1218 2733; x_wconf 77' lang='lat' dir='ltr'>v.</span> <span class='ocrx_word' id='word_1_429' title='bbox 1240 2702 1284 2742; x_wconf 60' lang='lat' dir='ltr'>cn]</span> <span class='ocrx_word' id='word_1_430' title='bbox 1323 2699 1405 2731; x_wconf 85' lang='lat' dir='ltr'>Edd.</span> <span class='ocrx_word' id='word_1_431' title='bbox 1421 2700 1510 2732; x_wconf 86' lang='lat' dir='ltr'>Med.</span> <span class='ocrx_word' id='word_1_432' title='bbox 1525 2698 1601 2731; x_wconf 90' lang='lat' dir='ltr'>Ald.</span> 
     </span>
     <span class='ocr_line' id='line_1_47' title="bbox 137 2743 1601 2787; baseline 0.001 -14"><span class='ocrx_word' id='word_1_433' title='bbox 137 2749 190 2773; x_wconf 88' lang='lat' dir='ltr'>set</span> <span class='ocrx_word' id='word_1_434' title='bbox 202 2753 272 2774; x_wconf 88' lang='lat' dir='ltr'>esse</span> <span class='ocrx_word' id='word_1_435' title='bbox 287 2745 393 2776; x_wconf 86' lang='lat' dir='ltr'>oratio</span> <span class='ocrx_word' id='word_1_436' title='bbox 409 2746 608 2783; x_wconf 68' lang='grc' dir='ltr'>ἀνακῦλεθας,</span> <span class='ocrx_word' id='word_1_437' title='bbox 623 2752 761 2787; x_wconf 81' lang='lat' dir='ltr'>propter</span> <span class='ocrx_word' id='word_1_438' title='bbox 774 2746 847 2776; x_wconf 90' lang='lat' dir='ltr'>lon·</span> <span class='ocrx_word' id='word_1_439' title='bbox 891 2745 950 2776; x_wconf 57' lang='lat' dir='ltr'>&amp;a</span> <span class='ocrx_word' id='word_1_440' title='bbox 981 2746 1171 2785; x_wconf 56' lang='lat' dir='ltr'>perspicua,</span> <span class='ocrx_word' id='word_1_441' title='bbox 1206 2745 1229 2775; x_wconf 91' lang='lat' dir='ltr'>i.</span> <span class='ocrx_word' id='word_1_442' title='bbox 1255 2756 1284 2776; x_wconf 88' lang='lat' dir='ltr'>e.</span> <span class='ocrx_word' id='word_1_443' title='bbox 1313 2743 1502 2780; x_wconf 80' lang='lat' dir='ltr'>manifesta,</span> <span class='ocrx_word' id='word_1_444' title='bbox 1540 2752 1601 2774; x_wconf 83' lang='lat' dir='ltr'>sua</span> 
     </span>
     <span class='ocr_line' id='line_1_48' title="bbox 137 2785 1599 2830; baseline 0.001 -14"><span class='ocrx_word' id='word_1_445' title='bbox 137 2786 322 2825; x_wconf 76' lang='lat' dir='ltr'>gitudinem</span> <span class='ocrx_word' id='word_1_446' title='bbox 333 2788 608 2830; x_wconf 82' lang='lat' dir='ltr'>interpositionis,</span> <span class='ocrx_word' id='word_1_447' title='bbox 621 2795 659 2820; x_wconf 88' lang='lat' dir='ltr'>ut</span> <span class='ocrx_word' id='word_1_448' title='bbox 670 2789 845 2823; x_wconf 74' lang='lat' dir='ltr'>c.70.init.</span> <span class='ocrx_word' id='word_1_449' title='bbox 890 2793 1009 2828; x_wconf 83' lang='lat' dir='ltr'>sponte</span> <span class='ocrx_word' id='word_1_450' title='bbox 1032 2787 1271 2828; x_wconf 79' lang='lat' dir='ltr'>intelligenda3</span> <span class='ocrx_word' id='word_1_451' title='bbox 1295 2786 1335 2819; x_wconf 88' lang='lat' dir='ltr'>de</span> <span class='ocrx_word' id='word_1_452' title='bbox 1359 2786 1476 2826; x_wconf 85' lang='lat' dir='ltr'>quibus</span> <span class='ocrx_word' id='word_1_453' title='bbox 1490 2785 1599 2826; x_wconf 76' lang='lat' dir='ltr'>dicere</span> 
     </span>
     <span class='ocr_line' id='line_1_49' title="bbox 139 2830 1384 2871; baseline 0 -12"><span class='ocrx_word' id='word_1_454' title='bbox 139 2832 176 2859; x_wconf 83' lang='lat' dir='ltr'>et</span> <span class='ocrx_word' id='word_1_455' title='bbox 189 2840 265 2860; x_wconf 83' lang='lat' dir='ltr'>cum</span> <span class='ocrx_word' id='word_1_456' title='bbox 280 2836 396 2871; x_wconf 87' lang='lat' dir='ltr'>postea</span> <span class='ocrx_word' id='word_1_457' title='bbox 407 2831 542 2864; x_wconf 80' lang='lat' dir='ltr'>deberet</span> <span class='ocrx_word' id='word_1_458' title='bbox 553 2843 635 2870; x_wconf 86' lang='lat' dir='ltr'>esse,</span> <span class='ocrx_word' id='word_1_459' title='bbox 653 2837 714 2863; x_wconf 81' lang='lat' dir='ltr'>aut</span> <span class='ocrx_word' id='word_1_460' title='bbox 730 2842 770 2863; x_wconf 78' lang='lat' dir='ltr'>ne</span> <span class='ocrx_word' id='word_1_461' title='bbox 786 2842 847 2862; x_wconf 79' lang='lat' dir='ltr'>nu·</span> <span class='ocrx_word' id='word_1_462' title='bbox 890 2830 974 2861; x_wconf 88' lang='lat' dir='ltr'>nihil</span> <span class='ocrx_word' id='word_1_463' title='bbox 990 2832 1113 2862; x_wconf 83' lang='lat' dir='ltr'>attinet</span> <span class='ocrx_word' id='word_1_464' title='bbox 1126 2843 1132 2860; x_wconf 73' lang='grc' dir='ltr'><strong>ι</strong></span> <span class='ocrx_word' id='word_1_465' title='bbox 1157 2830 1254 2870; x_wconf 89' lang='lat' dir='ltr'>idque</span> <span class='ocrx_word' id='word_1_466' title='bbox 1266 2831 1384 2870; x_wconf 89' lang='lat' dir='ltr'>recepi.</span> 
     </span>
     <span class='ocr_line' id='line_1_50' title="bbox 121 2870 1599 2914; baseline 0.002 -13"><span class='ocrx_word' id='word_1_467' title='bbox 121 2890 124 2892; x_wconf 92' lang='lat'><em>-</em></span> <span class='ocrx_word' id='word_1_468' title='bbox 138 2881 229 2902; x_wconf 80' lang='lat' dir='ltr'>mero</span> <span class='ocrx_word' id='word_1_469' title='bbox 241 2875 416 2905; x_wconf 70' lang='lat' dir='ltr'>servientes</span> <span class='ocrx_word' id='word_1_470' title='bbox 428 2875 629 2907; x_wconf 74' lang='lat' dir='ltr'>inculcemus</span> <span class='ocrx_word' id='word_1_471' title='bbox 642 2876 760 2906; x_wconf 77' lang='lat' dir='ltr'>inania</span> <span class='ocrx_word' id='word_1_472' title='bbox 775 2885 846 2905; x_wconf 77' lang='lat' dir='ltr'>ver·</span> <span class='ocrx_word' id='word_1_473' title='bbox 932 2876 970 2905; x_wconf 86' lang='lat'>15</span> <span class='ocrx_word' id='word_1_474' title='bbox 985 2875 1013 2904; x_wconf 76' lang='grc' dir='ltr'>εἰ</span> <span class='ocrx_word' id='word_1_475' title='bbox 1026 2878 1087 2905; x_wconf 82' lang='lat' dir='ltr'>aut</span> <span class='ocrx_word' id='word_1_476' title='bbox 1099 2873 1279 2914; x_wconf 77' lang='lat' dir='ltr'>compositi]</span> <span class='ocrx_word' id='word_1_477' title='bbox 1288 2872 1372 2904; x_wconf 89' lang='lat' dir='ltr'>Vide</span> <span class='ocrx_word' id='word_1_478' title='bbox 1384 2880 1484 2912; x_wconf 83' lang='lat' dir='ltr'>quam</span> <span class='ocrx_word' id='word_1_479' title='bbox 1498 2870 1599 2914; x_wconf 83' lang='lat' dir='ltr'>longe-</span> 
     </span>
     <span class='ocr_line' id='line_1_51' title="bbox 141 2913 1597 2958; baseline 0.002 -15"><span class='ocrx_word' id='word_1_480' title='bbox 141 2913 182 2945; x_wconf 75' lang='lat' dir='ltr'>?ra</span> <span class='ocrx_word' id='word_1_481' title='bbox 207 2916 266 2948; x_wconf 66' lang='grc' dir='ltr'>ἃς.</span> <span class='ocrx_word' id='word_1_482' title='bbox 287 2926 374 2949; x_wconf 89' lang='lat' dir='ltr'>nova</span> <span class='ocrx_word' id='word_1_483' title='bbox 395 2917 503 2958; x_wconf 74' lang='lat' dir='ltr'>forma</span> <span class='ocrx_word' id='word_1_484' title='bbox 525 2919 621 2955; x_wconf 74' lang='lat' dir='ltr'>dixit,</span> <span class='ocrx_word' id='word_1_485' title='bbox 644 2923 679 2950; x_wconf 89' lang='lat' dir='ltr'>et</span> <span class='ocrx_word' id='word_1_486' title='bbox 701 2919 748 2949; x_wconf 76' lang='lat' dir='ltr'>sic</span> <span class='ocrx_word' id='word_1_487' title='bbox 769 2917 846 2949; x_wconf 79' lang='lat' dir='ltr'>alia.</span> <span class='ocrx_word' id='word_1_488' title='bbox 888 2916 990 2949; x_wconf 84' lang='lat' dir='ltr'>distet</span> <span class='ocrx_word' id='word_1_489' title='bbox 1005 2917 1085 2949; x_wconf 80' lang='lat' dir='ltr'>hinc</span> <span class='ocrx_word' id='word_1_490' title='bbox 1106 2916 1251 2953; x_wconf 76' lang='lat' dir='ltr'>alterum</span> <span class='ocrx_word' id='word_1_491' title='bbox 1265 2915 1472 2955; x_wconf 69' lang='lat' dir='ltr'>membrum:</span> <span class='ocrx_word' id='word_1_492' title='bbox 1495 2918 1556 2955; x_wconf 58' lang='lat'>9193</span> <span class='ocrx_word' id='word_1_493' title='bbox 1567 2915 1597 2950; x_wconf 70' lang='grc' dir='ltr'>,εἰ</span> 
     </span>
    </p>
   </div>
   <div class='ocr_carea' id='block_1_4' title="bbox 812 2967 952 3003">
    <p class='ocr_par' dir='ltr' id='par_1_6' title="bbox 812 2967 952 3003">
     <span class='ocr_line' id='line_1_52' title="bbox 812 2967 952 3003; baseline 0.014 -3"><span class='ocrx_word' id='word_1_494' title='bbox 812 2967 952 3003; x_wconf 84' lang='lat'>004</span> 
     </span>
    </p>
   </div>
  </div>
 </body>
</html>
