1945 3235
592 162 778 203 LIBER
817 160 1146 201 SECUNDUS.
1514 164 1591 204 353

199 262 279 312 Est
301 270 459 312 bellum
482 269 584 311 illud
607 282 794 325 quoque,
815 281 870 307 ex
894 280 980 321 quo
1004 265 1052 316 is,
1076 268 1150 320 qui
1172 265 1300 317 dixit,
1323 266 1522 309 irridetur
1543 267 1586 308 in
1600 278 1678 320 277

140 336 193 368 eo
216 328 310 384 ipso
341 342 512 381 genere,
534 329 575 358 32
587 341 673 382 quo
695 326 833 366 dixit:
867 332 928 373 ut,
951 337 1050 364 cum
1075 323 1133 369 Q.
1158 322 1359 378 Opimius
1390 324 1588 366 consula-

140 385 214 434 ris,
236 386 309 440 qui
336 379 678 427 adolescentulus
700 382 811 423 male
841 381 1044 430 audisset,
1063 379 1218 421 festivo
1239 381 1404 421 homini
1428 381 1588 438 Egilio,

139 442 215 496 qui
249 444 465 484 videretur
496 441 680 491 mollior,
712 454 792 480 nec
823 447 949 489 esset,
983 438 1180 489 dixisset,
1211 436 1327 482 Quid
1355 445 1414 489 ιιι,
1440 438 1588 495 Egilia

139 498 263 540 mea?
293 500 454 556 qnando
476 499 532 539 ad
551 513 611 539 me
632 497 742 539 venis
761 511 850 537 cum
872 503 943 537 tna
966 494 1055 537 cola
1078 503 1114 536 et
1137 493 1269 536 lana?
1302 494 1399 536 Non
1414 498 1503 550 pol,
1522 498 1586 537 in-

139 557 250 611 quit,
272 557 414 598 audeo.
437 571 532 597 nam
552 570 614 596 me
632 554 689 595 ad
693 553 882 610 famosas
901 553 1029 594 vetuit
1058 560 1189 593 mater
1209 551 1408 594 accedere.
1468 553 1587 595 Salsa
1599 548 1672 610 69

139 624 241 654 sunt
262 615 407 665 etiam,
429 629 526 669 quae
558 612 721 653 habent
750 612 1039 668 suspicionem
1072 610 1239 652 ridiculi
1271 610 1676 665 absconditam,278

139 685 227 726 quo
257 672 309 712 in'
332 685 489 728 genere
518 679 584 711 est
616 669 720 710 illud
751 669 900 720 Siculi,
922 668 1008 719 cui,
1032 683 1130 710 cum
1157 668 1382 710 familiaris
1409 669 1588 724 quidam

137 739 401 783 quereretur,
430 728 547 784 quod
578 727 755 779 diceret,
786 741 967 768 uxorem
1001 741 1120 768 suam
1156 726 1428 782 suspendisse
1460 741 1504 767 se
1535 726 1590 768 de

138 786 240 837 ficu,
264 785 427 827 Amabo
449 793 501 837 te,
523 785 680 840 inquit,
703 784 757 825 da
785 784 887 825 mihi
910 799 958 826 ex
986 783 1064 824 ista
1094 783 1255 835 arbore,
1285 785 1325 813 33
1337 798 1433 840 quos
1461 796 1592 825 seram

136 842 331 884 surculo-e.
394 842 446 884 In
467 843 620 884 eodem
651 856 808 899 genere
836 851 915 893 est,
937 841 1053 898 quod
1077 840 1259 883 Catulus
1282 841 1397 883 dixit
1417 842 1592 885 cuidam

137 901 296 941 oratori
321 901 460 953 malo;
493 901 566 957 qui
588 914 688 942 cum
713 901 755 941 in
779 899 953 956 epilogo
977 899 1317 941 misericordiam
1339 914 1383 940 se
1404 900 1591 941 movisse

136 967 324 1014 putaret,
347 968 578 1014 postquam
610 958 782 1009 assedit,
805 957 977 1014 rogavit
1006 957 1137 1008 hune,
1160 957 1432 998 videreturne
1463 958 1591 998 mise-

136 1015 367 1061 ricordiam
405 1016 617 1058 movisse:
652 1014 716 1056 Ac
753 1030 946 1072 magnam
985 1014 1160 1071 quidem,
1198 1015 1355 1070 inquit,
1389 1015 1589 1056 neminem

136 1072 242 1114 enim
269 1081 373 1128 puto
395 1088 472 1114 esse
501 1080 585 1114 tam
604 1072 766 1123 darum,
788 1073 854 1114 cui
882 1087 963 1113 non
985 1073 1117 1113 oratio
1142 1079 1214 1114 tua
1240 1072 1471 1114 miseranda
1498 1073 1586 1114 visa

133 1130 202 1172 sit.
263 1130 343 1172 Me
375 1131 549 1186 quidem
581 1131 753 1172 hercule
780 1130 902 1171 valde
932 1130 1004 1171 illa
1025 1141 1202 1171 movent
1231 1130 1521 1182 stomachosa,
1541 1139 1673 1179 et279

135 1188 258 1243 quasi
291 1190 546 1230 submorosa
575 1187 770 1238 ridicula,
803 1190 957 1229 34cum
989 1202 1077 1228 non
1105 1203 1130 1228 a
1155 1202 1327 1229 moroso
1357 1188 1584 1231 dicuntur:

135 1254 230 1286 tum
252 1246 368 1287 enim
390 1261 477 1287 non
500 1246 575 1297 sal,
597 1246 670 1287 sed
702 1256 855 1286 natura
876 1245 1053 1286 ridetur.
1116 1244 1167 1286 In
1191 1261 1293 1301 quo,
1316 1254 1364 1286 ut
1393 1246 1502 1287 mihi
1525 1246 1589 1288 vi-

135 1302 275 1356 detur,
298 1304 532 1361 persalsum
552 1303 658 1345 illud
681 1313 747 1344 est
767 1304 881 1359 apud
906 1303 1125 1356 Naevium,

676 1373 774 1419 Quid
789 1378 914 1427 ploras
928 1382 1037 1426 pater
1051 1379 1071 1414 ,9

393 1431 535 1467 Mirum
552 1432 590 1467 φη·
610 1436 761 1467 cantem.
792 1432 1048 1467 condemnatus
1066 1442 1157 1466 sum.

137 1506 258 1550 Huic
289 1510 436 1566 generi
468 1510 590 1566 quasi
620 1509 884 1551 contrarium
915 1518 981 1550 est
1010 1509 1180 1551 ridiculi
1214 1523 1350 1565 genus
1381 1509 1588 1567 patientis

132 1580 184 1608 ac
201 1566 330 1610 lenti:
356 1577 531 1619 ut,cum
547 1567 658 1608 Cato
674 1581 900 1623 percussus
924 1576 1036 1608 esset
1057 1568 1111 1608 ab
1134 1581 1200 1619 e0,
1215 1568 1289 1622 qui
1312 1582 1455 1609 arcam
1476 1568 1586 1610 fere·

133 1623 224 1676 bat,
255 1640 355 1666 cum
384 1625 454 1666 ille
488 1626 664 1676 diceret,
698 1623 833 1666 Cave:
863 1626 1050 1680 rogavit,
1080 1625 1280 1680 numquid
1305 1624 1423 1666 aliud
1443 1624 1586 1682 ferret

124 1689 278 1736 praeter
296 1681 470 1724 arcam?
503 1682 647 1723 Etiam
670 1682 866 1723 stultitiae
892 1682 1001 1723 salsa
1023 1683 1313 1738 reprehensio,
1336 1692 1384 1723 ut
1416 1683 1484 1724 ille
1516 1684 1582 1725 Si·
1592 1692 1673 1729 280

133 1739 270 1791 culus,
299 1740 370 1781 cui
398 1752 559 1797 praetor
591 1739 739 1797 Scipio
773 1750 1003 1796 patronum
1034 1755 1174 1781 causae
1203 1741 1335 1781 dabat
1365 1741 1444 1782 hos
1479 1742 1585 1783 item

134 1810 276 1848 suum,
309 1798 532 1839 hominem
565 1798 771 1848 nobilem,
807 1798 880 1838 sed
909 1798 1144 1839 admodum
1183 1797 1389 1839 stultum:
1470 1813 1586 1851 uaeso,

132 1853 292 1910 inquit,
325 1863 494 1910 proetor,
532 1855 764 1897 adversario
801 1870 886 1895 meo
923 1855 977 1896 da
1013 1855 1132 1896 istum
1163 1862 1403 1910 patronum,
1442 1855 1586 1898 deinde

132 1912 235 1954 mihi
264 1913 461 1954 neminem
492 1912 661 1954 dederis.
721 1912 909 1953 Movent
941 1912 1012 1953 illa
1032 1913 1178 1963 etiam,
1203 1928 1300 1968 quae
1332 1914 1588 1969 conjectura

131 1970 422 2026 explanantur
445 1970 574 2028 longe
605 1970 741 2022 aliter,
763 1979 893 2025 atque
925 1980 1038 2021 sunt,
1062 1971 1131 2011 sed
1165 1980 1306 2022 acute,
1328 1980 1458 2027 atque
1480 1987 1585 2014 con—

131 2027 284 2069 cinne:
319 2038 381 2080 ut,
408 2043 507 2070 cum
540 2029 724 2070 Scaurus
756 2039 978 2070 accusaret
1011 2028 1227 2069 Rutilium
1256 2029 1461 2080 ambitus,
1482 2045 1585 2072 cum

131 2084 224 2140 ipse
246 2085 398 2128 consul
417 2095 530 2128 esset
550 2086 706 2137 factus,
729 2085 798 2126 ille
822 2086 1035 2142 repulsam
1059 2086 1240 2137 tulisset,
1262 2097 1306 2127 et
1337 2087 1380 2127 in
1403 2088 1496 2142 ejus
1518 2096 1582 2129 ta-

132 2142 245 2184 bulis
276 2144 523 2187 ostenderet
559 2144 737 2194 litteras,
769 2142 823 2184 A.
860 2143 906 2184 F.
944 2143 993 2184 P.
1027 2143 1083 2185 R.
1123 2144 1252 2199 idque
1279 2144 1442 2185 diceret
1474 2159 1581 2197 esse,

132 2213 304 2241 ACTUM
331 2216 445 2244 FIDE
473 2200 763 2254 PQRUT1L113
789 2200 981 2242 Rutilius
1003 2211 1163 2253 autem,
1185 2200 1710 2259 antefactum,postp,135.

129 2255 329 2307 relatum;
359 2262 399 2290 35
415 2259 467 2301 C.
492 2259 670 2310 Canius,
692 2273 822 2314 eques
855 2258 1094 2311 Romanus,
1116 2274 1215 2300 cum
1250 2259 1369 2301 Rufo
1399 2261 1623 2312 adesset‚a-

127 2314 360 2367 exclamat,
383 2326 582 2358 neutrum
604 2317 685 2357 illis
706 2316 860 2357 litteris
882 2316 1102 2357 declarari.
1150 2316 1265 2363 Quid
1283 2316 1409 2374 ergo?
1439 2318 1581 2374 inquit

131 2371 343 2425 Scaurus;
376 2373 570 2416 AEmilius
583 2373 711 2430 fecit,
731 2373 931 2428 plectitur
954 2373 1154 2416 Rutilius.
1214 2375 1427 2416 Ridentur
1447 2377 1578 2417 etiam
1592 2378 1664 2432 70

127 2430 434 2488 discrepantia,
461 2430 577 2477 Quid
603 2431 697 2472 huic
728 2431 853 2483 abest,
875 2431 955 2473 nisi
974 2446 1034 2475 res
1054 2439 1093 2473 ec
1112 2431 1274 2473 virtus?
1306 2432 1426 2473 Belia
1446 2434 1576 2478 etiam
1591 2449 1667 2484 281

172 2545 213 2574 32
235 2554 296 2584 quo
318 2545 417 2586 dia—it]
448 2545 599 2577 Pearcius
623 2545 759 2584 conjicit
785 2544 831 2576 sic
875 2545 937 2584 rigi
953 2545 1037 2582 vult,
1053 2550 1209 2585 sequente
1225 2546 1368 2577 Pearcio.

129 2585 324 2625 legendum:
348 2599 409 2629 ego
433 2589 540 2628 recepi
567 2588 629 2618 hoe
654 2597 712 2628 pro
736 2588 830 2627 quod.
918 2591 960 2619 34
981 2599 1044 2619 non
1059 2598 1133 2619 cum
1149 2599 1170 2619 α
1188 2589 1323 2628 moroso]
1348 2589 1402 2620 Sic
1420 2589 1496 2621 libri
1509 2601 1580 2622 om-

129 2637 207 2659 nam
235 2630 281 2660 sic
308 2629 380 2662 edd.
410 2641 460 2673 pr.
497 2630 676 2669 Vulgatum
704 2636 755 2660 est
791 2630 832 2660 ab
875 2639 946 2666 nes,
963 2631 1068 2661 sedin
1082 2630 1142 2662 hac
1157 2632 1265 2662 forma
1278 2632 1368 2662 aliud
1383 2633 1580 2672 membrum,

128 2669 227 2708 Aldo,
263 2673 319 2702 sed
346 2678 463 2706 tamen
489 2685 507 2705 e
537 2673 616 2705 Mss.
661 2673 749 2704 Nam
786 2672 833 2702 sic
877 2673 964 2711 quod
977 2674 1181 2703 contrarium
1205 2675 1261 2711 sit,
1281 2674 1372 2714 sequi
1388 2674 1502 2705 debet:
1526 2678 1584 2708 sed

127 2718 163 2742 et
177 2711 217 2744 E.
874 2720 939 2745 etc.
983 2715 1198 2747 Scribendum
1214 2726 1292 2756 ergo
1308 2727 1384 2747 eum
1406 2727 1482 2755 non,
1502 2727 1582 2751 nam

171 2756 211 2786 33
248 2765 325 2795 quos
357 2767 466 2788 seram
500 2757 661 2798 mre-ulos]
692 2757 832 2788 Arbores
875 2757 1089 2789 obscenitatis
1110 2758 1254 2789 vitandae
1275 2769 1374 2790 causa
1387 2759 1433 2790 sie
1455 2770 1475 2791 a
1488 2760 1582 2792 Cice·

127 2801 296 2834 seruntur,
311 2809 508 2840 quocunque
531 2801 629 2831 modo
649 2810 752 2830 manu
774 2799 833 2830 hu-
876 2809 956 2830 rone
971 2799 1171 2831 collocatum
1183 2811 1266 2838 esse,
1281 2811 1349 2831 non
1365 2801 1568 2834 crediderim.

127 2849 228 2870 mana
249 2840 352 2872 fiant:
377 2852 454 2882 ergo
477 2842 580 2873 etiam
606 2843 752 2880 surculi3
775 2842 831 2881 qui
917 2845 957 2873 35
987 2842 1021 2874 C.
1050 2843 1186 2883 Canius]
1219 2843 1279 2874 Est
1301 2844 1360 2874 ille
1382 2844 1517 2881 Canius,
1543 2846 1581 2878 de

126 2882 258 2922 proprie
292 2885 400 2923 pangi
434 2885 600 2915 dicuntur.
646 2885 832 2925 Arg-utatur
873 2894 939 2923 quo
964 2885 1051 2916 bella
1073 2891 1123 2916 est
1149 2887 1297 2917 narratio
1320 2896 1371 2927 ap.
1396 2886 1464 2917 Cic.
1487 2886 1581 2921 Offie.

125 2934 205 2964 ergo
232 2925 263 2954 P.
285 2925 470 2966 Manutius,
493 2937 572 2959 eum
594 2928 741 2959 inseram
760 2936 831 2959 cor·
875 2926 941 2966 111,
960 2930 1009 2961 14.
1026 2928 1082 2960 ubi
1097 2929 1127 2960 ei
1142 2928 1272 2961 facetiae
1286 2929 1492 2960 tribuuntur.

189 2981 299 3010 VOL·
324 2983 359 3013 1.
821 2983 850 3015 A
873 2984 900 3011 a
