1945 3235
277 787 310 817 b.

285 1012 320 1034 n.

289 1033 300 1049 a

319 163 391 200 ηε
784 163 864 201 ΒΕ
888 156 1275 203 ΙΝνΕΝΤΙοΝΕ

317 267 537 317 sentimus,
559 267 631 323 qui
654 267 822 309 civilem
846 269 1067 310 scientiam
1089 270 1333 326 eloquentia
1351 284 1437 311 non
1457 278 1610 326 putant
1630 269 1743 311 indi·

317 338 439 379 gere3
461 334 503 365 ct
525 325 579 365 ab
602 325 667 375 iis,
686 326 757 380 qui
786 341 879 366 eam
901 336 1054 381 putant
1081 342 1252 368 omnem
1275 327 1455 368 rhetoris
1482 327 1524 368 vi
1547 336 1589 367 et
1607 327 1743 368 artifi-

315 381 387 421 eio
405 382 629 431 contineri,
648 397 908 438 magnopere
924 384 1213 426 dissentimus,
1235 399 1366 440 quare
1384 384 1493 425 banc
1511 384 1740 425 oratoriam

317 438 563 480 facultatem
596 440 636 480 in
668 454 719 480 eo
750 454 904 495 genere
932 455 1152 495 ponemus,
1182 451 1230 482 ut
1261 456 1352 482 cam
1383 441 1522 482 civilis
1552 440 1743 482 scientiae

318 505 482 552 partem
505 511 595 537 esse
617 497 823 537 dicamus.
884 497 1088 539 Officium
1112 509 1254 540 autem
1277 499 1369 555 ejus
1391 497 1608 540 facultatis
1626 497 1746 539 vide-

321 562 390 593 tur
411 567 514 602 esse,
535 553 675 594 (licere
705 554 897 607 apposite
919 556 970 596 ad
993 557 1333 610 persuasionem:
1358 556 1468 606 finis,
1492 555 1746 611 persuadere

320 610 523 651 dictione.
541 611 852 651 inter-officium
876 623 1017 653 autem
1036 624 1078 654 et
1099 614 1226 654 finem
1250 614 1331 655 boc
1354 614 1544 663 interest,
1565 612 1680 667 quod
1699 611 1745 653 in

320 667 481 716 officio,
503 668 604 721 quid
625 667 713 707 fieri
731 685 741 719 ;
761 669 801 708 in
828 668 924 719 line,
946 671 1048 724 quid
1071 671 1215 712 officio
1237 671 1480 722 conveniat,
1501 669 1745 711 considera-

321 734 415 765 tur:
438 728 473 754 1⁵
493 724 548 765 Ut
569 725 722 765 medici
742 726 931 766 officium
950 727 1132 768 dicimus
1151 742 1256 779 esse,
1273 742 1421 769 curare
1438 728 1490 769 ad
1510 726 1747 768 sanandum

323 780 538 835 apposite3
562 781 705 831 finem,
736 797 883 824 sanare
911 784 1153 826 curatione:
1186 785 1287 826 item
1321 786 1502 827 oratoris
1525 784 1628 840 quid
1651 783 1748 825 offi-

318 840 451 886 cium,
466 847 508 879 et
526 839 628 894 quid
650 839 777 880 finem
797 854 887 881 esse
905 841 1111 892 dicamus,
1126 842 1538 899 intelligemus,cum
1554 841 1611 894 id,
1630 839 1746 897 quod

322 895 462 936 facere
483 896 827 947 debet,osticium
846 912 936 938 csse
955 898 1166 941 dicemus:
1190 899 1308 951 illud,
1326 900 1450 955 cujus
1462 914 1590 941 causa
1607 897 1749 940 facere

322 953 465 1003 debet,
489 953 615 993 finem
640 954 963 1008 appellabimus,

381 1009 611 1051 Materiam
636 1012 736 1052 artis
759 1025 853 1051 eam
875 1012 1071 1062 dicimus,
1093 1013 1136 1053 in
1159 1029 1244 1068 qua
1264 1015 1403 1055 omnis
1433 1029 1513 1066 ars,
1534 1022 1578 1055 et
1606 1028 1656 1054 ea
1684 1011 1750 1053 fa·

319 1068 471 1117 cultas,
500 1083 596 1122 quae
631 1069 859 1109 conficitur
888 1084 941 1109 ex
972 1078 1076 1120 arte,
1099 1080 1302 1111 versatur.
1361 1071 1423 1113 Ut
1455 1072 1489 1112 si
1521 1070 1750 1112 medicinae

319 1125 542 1166 materiam
573 1126 765 1167 dicamus
796 1127 970 1167 morbos
1000 1142 1050 1168 ac
1083 1127 1270 1179 vulnera,
1303 1129 1418 1183 quod
1449 1129 1492 1169 in
1520 1128 1589 1169 his
1609 1127 1750 1169 omnis

318 1183 534 1224 medicina
564 1192 778 1226 versetur:
814 1184 932 1234 item,
961 1184 1117 1239 quibus
1150 1185 1191 1225 in
1221 1187 1347 1226 rebus
1377 1194 1568 1226 versatur
1597 1199 1679 1235 ωε,
1707 1193 1753 1225 et

320 1238 501 1280 facultas
523 1242 722 1292 oratoria,
749 1242 785 1272 ¹6
799 1255 868 1282 eas
890 1255 955 1282 res
984 1243 1206 1283 materiam
1230 1243 1331 1283 artis
1362 1243 1589 1284 rhetoricae
1610 1241 1752 1282 nomi-

318 1311 485 1338 namus.
548 1297 640 1338 Has
662 1308 804 1339 autem
828 1313 906 1348 res,
929 1299 998 1340 alii
1023 1299 1176 1353 plures,
1198 1300 1267 1340 alii
1290 1301 1510 1356 pauciores
1527 1299 1752 1341 existima-

319 1364 487 1395 verunt.
536 1354 649 1396 Nam
665 1356 852 1412 Gorgias
874 1356 1123 1407 Leontinus,
1143 1358 1465 1412 antiquissimus
1484 1357 1574 1398 fere
1589 1357 1751 1406 rhetor,

319 1412 520 1452 omnibus
539 1412 592 1453 de
610 1414 735 1454 rebus
754 1423 964 1454 oratorem
980 1414 1146 1470 optime
1163 1429 1285 1469 posse
1306 1415 1448 1456 dicere
1469 1413 1752 1456 existimavit.

321 1469 411 1511 Hic
432 1469 644 1511 infinitam
667 1479 710 1511 et
743 1470 994 1512 immensam
1024 1471 1123 1513 huic
1153 1472 1337 1512 artificio
1369 1473 1593 1513 materiam
1616 1469 1753 1525 subji-

319 1541 417 1568 cere
439 1527 621 1568 videtur.
652 1532 666 1537 “’
680 1527 933 1570 Aristoteles
955 1530 1115 1579 autem,
1136 1529 1209 1584 qui
1239 1529 1340 1570 huic
1362 1529 1441 1569 arti
1463 1529 1648 1585 plurima
1677 1527 1753 1568 ad-

314 1584 514 1638 jumenta
537 1594 665 1640 atque
691 1595 941 1627 ornamenta
972 1586 1327 1636 subministravit,
1358 1586 1496 1627 tribus
1517 1586 1560 1627 iu
1584 1584 1752 1642 generi—

324 1642 401 1682 bus
424 1656 562 1682 rerum
591 1643 745 1683 versari
769 1643 950 1684 rhetoris
973 1643 1165 1684 officium
1191 1644 1374 1699 putavit,
1397 1642 1752 1692 demonstrativo,

319 1699 614 1750 deliberativo,
631 1699 844 1754 judiciali.
890 1700 1392 1752 Demonst1·ativum,est,
1414 1701 1529 1756 quod
1550 1699 1754 1741 tribuitur

319 1756 364 1796 in
378 1756 557 1812 alicujus
577 1767 705 1798 certae
725 1772 918 1813 personae
938 1758 1106 1799 laudem
1125 1767 1198 1799 aut
1217 1759 1577 1814 vituperationem
1593 1774 1604 1799 ε
1630 1761 1664 1792 ¹7
1678 1756 1753 1797 de-

318 1813 606 1865 liberativum,
635 1815 748 1870 quod
782 1816 970 1871 positum
1002 1816 1044 1856 in
1078 1816 1390 1870 disceptatione
1420 1826 1462 1856 et
1487 1819 1523 1846 ¹³
1537 1814 1756 1856 consulta-

319 1871 438 1912 tione
456 1871 587 1921 civili,
609 1872 737 1913 habet
756 1873 799 1913 in
813 1887 857 1913 se
875 1873 1100 1914 sententiae
1120 1873 1378 1915 dictionem:
1394 1871 1618 1928 judiciale,
1636 1868 1752 1927 quod

318 1929 508 1985 positum
528 1929 762 1985 injudicio,
782 1930 912 1971 habet
930 1930 972 1972 in
987 1945 1031 1971 se
1052 1931 1370 1972 accusationem
1384 1940 1427 1971 et
1440 1928 1750 1979 defensionem,

320 1996 396 2027 aut
416 1987 668 2042 petitionem
688 1997 730 2028 et
743 1988 1070 2029 recusationem.
1132 1986 1205 2039 Et,
1226 1987 1589 2043 quemadmodum
1606 1994 1754 2027 nostra

321 2044 496 2099 quidem
520 2044 601 2084 fert
623 2045 786 2101 opinio,
808 2045 990 2086 oratoris
1018 2059 1084 2086 ars
1117 2054 1160 2085 et
1190 2045 1372 2086 facultas
1405 2045 1450 2085 in
1473 2044 1555 2085 hac
1575 2042 1756 2084 materia

326 2100 539 2155 tripertita
568 2103 721 2143 versari
750 2102 1036 2143 existimanda
1066 2110 1144 2142 est.
1207 2102 1320 2143 Nam
1345 2101 1636 2156 Hermagoras
1657 2099 1754 2155 qui-

288 2158 436 2209 edem,
466 2173 545 2199 nec
567 2159 670 2214 quid
699 2159 829 2210 dicat,
858 2159 1092 2210 attendere,
1113 2173 1193 2200 nec
1213 2158 1317 2214 quid
1340 2158 1606 2214 polliceatur,
1627 2157 1754 2198 intel-

324 2214 458 2271 ligere
480 2215 670 2267 videtur;
693 2217 765 2272 qui
789 2216 970 2258 oratoris
991 2217 1213 2257 materiam
1239 2231 1283 2256 in
1310 2230 1482 2257 causam
1504 2223 1548 2256 et
1569 2215 1614 2255 in
1636 2229 1756 2270 quae-

325 2273 507 2314 stionem
531 2273 709 2315 dividat.
771 2274 955 2315 Causam
978 2288 1070 2314 esse
1090 2273 1198 2314 dicit
1218 2288 1322 2324 rem,
1344 2288 1441 2328 quae
1466 2273 1621 2314 habeat
1643 2273 1687 2313 in
1711 2285 1756 2312 se

325 2331 661 2372 controversiam
675 2331 719 2372 in
733 2332 916 2374 dicendo
928 2331 1115 2388 positam
1128 2345 1227 2372 eum
1241 2345 1521 2388 personarum
1542 2337 1755 2371 certarum

366 2462 403 2490 15
434 2458 479 2490 Ut
505 2458 619 2489 medici
645 2458 997 2500 qfficlum—-cztrac‘ione
1007 2469 1018 2486 .·
1059 2456 1108 2486 dit
1123 2456 1237 2486 Cicero
1252 2455 1285 2485 in
1295 2455 1345 2486 his
1358 2455 1448 2486 libris
1462 2455 1496 2485 in
1507 2453 1629 2485 talibus
1640 2452 1756 2483 defini-

322 2501 400 2532 item
415 2501 489 2541 &c.]
514 2502 567 2532 Sic
589 2501 790 2542 inter-punxi,
814 2511 848 2531 re
865 2500 1016 2539 jubente.
1058 2499 1205 2529 tionibus
1215 2498 1368 2535 densatis,
1378 2498 1462 2528 sicut
1474 2496 1756 2527 auetorlibrorum

322 2543 410 2575 Nam
426 2550 476 2574 est
490 2554 574 2575 nova
593 2545 771 2581 sententia,
786 2554 851 2583 qua
871 2543 915 2579 id,
931 2541 1019 2581 quod
1061 2541 1101 2571 ad
1114 2541 1260 2571 Herenn.
1272 2541 1334 2570 nisi
1343 2545 1377 2570 et
1387 2540 1431 2570 ibi
1445 2539 1585 2570 ascribis
1594 2543 1653 2569 cst.
1668 2538 1757 2569 Nam

323 2591 400 2618 ante
415 2585 612 2623 dictumest,
627 2586 779 2617 firmatur
792 2584 1017 2616 similitudine.
1061 2583 1230 2613 nonnullis
1258 2583 1338 2614 locis
1360 2583 1467 2622 primo
1487 2585 1622 2611 tantum
1644 2580 1756 2619 generi

323 2628 483 2658 Similiter
496 2634 544 2658 est
559 2638 645 2659 mox.
1062 2625 1205 2663 additur,
1225 2632 1264 2656 ut
1282 2636 1310 2656 e.
1335 2627 1381 2655 15.
1428 2624 1525 2654 Certe
1540 2623 1596 2654 ubi
1617 2621 1693 2652 libri
1713 2622 1757 2652 si·

371 2671 406 2701 16
420 2670 494 2701 Eas
507 2671 584 2710 rein]
609 2670 724 2701 Addidi
738 2680 790 2701 res
803 2681 877 2701 cum
891 2669 1019 2700 Graevio
1062 2673 1159 2705 nunt,
1174 2672 1263 2698 recte
1276 2667 1466 2698 delebimus.

321 2712 426 2743 eMss.
438 2713 537 2752 ipsius
546 2718 579 2743 et
594 2713 700 2743 Gu.et
709 2712 778 2743 edd.
789 2723 838 2754 pr.
847 2723 924 2743 nam
940 2711 1020 2742 alias
1107 2714 1142 2741 18
1172 2710 1409 2740 Consultatione
1430 2706 1542 2746 civili]
1576 2706 1661 2738 Oud.
1683 2716 1757 2737 con-

321 2765 395 2785 cam
409 2764 477 2785 esse
492 2755 634 2785 deberet.
1061 2751 1339 2783 meltaeionedeleri
1349 2751 1432 2788 vult,
1443 2751 1546 2790 quina
1557 2750 1662 2780 tribus
1676 2749 1756 2779 Mss.

367 2800 402 2831 17
413 2796 674 2828 Deliberatimzm
689 2796 933 2839 est—judiciale
941 2797 1015 2836 est.]
1063 2795 1181 2825 Graevii
1204 2794 1325 2824 abfuit:
1353 2793 1521 2832 quod‘ego
1543 2801 1611 2822 non
1634 2792 1756 2822 imiter.

322 2838 508 2878 Utrumque
530 2844 577 2870 est
605 2839 717 2870 delent
738 2840 817 2870 Mss.
842 2840 930 2870 Cass.
956 2839 1019 2869 Gu.
1062 2847 1129 2867 non
1144 2836 1250 2867 omnis
1265 2836 1463 2866 consultatio
1479 2838 1528 2865 est
1542 2833 1734 2875 disceptatio
1745 2844 1754 2862 x

322 2881 403 2912 bene
418 2891 495 2912 sane
509 2888 542 2912 ct
554 2882 732 2920 eleganter.
778 2883 838 2912 Cui
855 2882 929 2921 quia
942 2891 1019 2910 con·
1063 2879 1120 2910 illa
1131 2883 1180 2909 est
1195 2879 1228 2909 in
1243 2879 1344 2916 curia,
1359 2878 1430 2909 haec
1445 2879 1480 2908 in
1493 2877 1576 2908 foro.

322 2924 469 2954 sentiunt
486 2924 557 2955 edd.
573 2934 622 2964 pr.
641 2925 760 2955 delevi:
782 2925 845 2955 etsi
862 2924 940 2955 alibi
962 2923 1019 2954 ad-
