<?xml version="1.0" encoding="UTF-8"?>
<!DOCTYPE html PUBLIC "-//W3C//DTD XHTML 1.0 Transitional//EN"
    "http://www.w3.org/TR/xhtml1/DTD/xhtml1-transitional.dtd">
<html xmlns="http://www.w3.org/1999/xhtml" xml:lang="en" lang="en">
 <head>
  <title>
</title>
<meta http-equiv="Content-Type" content="text/html;charset=utf-8" />
  <meta name='ocr-system' content='tesseract 3.04.00' />
  <meta name='ocr-capabilities' content='ocr_page ocr_carea ocr_par ocr_line ocrx_word'/>
</head>
<body>
  <div class='ocr_page' id='page_1' title='image "./operaomnia01ciceuoft/operaomnia01ciceuoft_0173.png"; bbox 0 0 1945 3235; ppageno 0'>
   <div class='ocr_carea' id='block_1_1' title="bbox 558 126 1519 168">
    <p class='ocr_par' dir='ltr' id='par_1_1' title="bbox 558 126 1519 168">
     <span class='ocr_line' id='line_1_1' title="bbox 558 126 1519 168; baseline -0.003 -1"><span class='ocrx_word' id='word_1_1' title='bbox 558 128 745 167; x_wconf 86' lang='lat' dir='ltr'>LIBER</span> <span class='ocrx_word' id='word_1_2' title='bbox 777 126 1066 168; x_wconf 84' lang='lat' dir='ltr'><strong>QUARTUS.</strong></span> <span class='ocrx_word' id='word_1_3' title='bbox 1451 131 1519 165; x_wconf 88' lang='grc'>101</span> 
     </span>
    </p>
   </div>
   <div class='ocr_carea' id='block_1_2' title="bbox 85 227 1632 2346">
    <p class='ocr_par' dir='ltr' id='par_1_2' title="bbox 85 227 1632 1374">
     <span class='ocr_line' id='line_1_2' title="bbox 101 227 1524 292; baseline -0.003 -16"><span class='ocrx_word' id='word_1_4' title='bbox 101 234 280 292; x_wconf 73' lang='lat' dir='ltr'>cupiant</span> <span class='ocrx_word' id='word_1_5' title='bbox 308 232 552 291; x_wconf 81' lang='lat' dir='ltr'>objurgari:</span> <span class='ocrx_word' id='word_1_6' title='bbox 584 240 660 272; x_wconf 89' lang='lat' dir='ltr'>aut</span> <span class='ocrx_word' id='word_1_7' title='bbox 682 231 740 282; x_wconf 90' lang='lat' dir='ltr'>id,</span> <span class='ocrx_word' id='word_1_8' title='bbox 762 229 878 285; x_wconf 89' lang='lat' dir='ltr'>quod</span> <span class='ocrx_word' id='word_1_9' title='bbox 897 229 1055 270; x_wconf 91' lang='lat' dir='ltr'>scimus</span> <span class='ocrx_word' id='word_1_10' title='bbox 1083 227 1208 269; x_wconf 86' lang='lat' dir='ltr'>facile</span> <span class='ocrx_word' id='word_1_11' title='bbox 1230 243 1376 271; x_wconf 85' lang='lat' dir='ltr'>omnes</span> <span class='ocrx_word' id='word_1_12' title='bbox 1404 231 1524 272; x_wconf 87' lang='lat' dir='ltr'>audi-</span> 
     </span>
     <span class='ocr_line' id='line_1_3' title="bbox 101 285 1523 344; baseline -0.004 -9"><span class='ocrx_word' id='word_1_13' title='bbox 101 290 235 344; x_wconf 69' lang='lat' dir='ltr'>turos,</span> <span class='ocrx_word' id='word_1_14' title='bbox 257 293 439 334; x_wconf 87' lang='lat' dir='ltr'>dicimus</span> <span class='ocrx_word' id='word_1_15' title='bbox 467 304 546 330; x_wconf 91' lang='lat' dir='ltr'>nos</span> <span class='ocrx_word' id='word_1_16' title='bbox 580 288 743 338; x_wconf 88' lang='lat' dir='ltr'>timere,</span> <span class='ocrx_word' id='word_1_17' title='bbox 765 286 984 342; x_wconf 90' lang='lat' dir='ltr'>quomodo</span> <span class='ocrx_word' id='word_1_18' title='bbox 1012 285 1253 340; x_wconf 81' lang='lat' dir='ltr'>accipiant3</span> <span class='ocrx_word' id='word_1_19' title='bbox 1286 288 1357 327; x_wconf 80' lang='lat' dir='ltr'>sed</span> <span class='ocrx_word' id='word_1_20' title='bbox 1381 299 1523 330; x_wconf 84' lang='lat' dir='ltr'>tamen</span> 
     </span>
     <span class='ocr_line' id='line_1_4' title="bbox 100 342 1525 396; baseline -0.004 -5"><span class='ocrx_word' id='word_1_21' title='bbox 100 349 282 391; x_wconf 84' lang='lat' dir='ltr'>veritate</span> <span class='ocrx_word' id='word_1_22' title='bbox 319 345 595 396; x_wconf 86' lang='lat' dir='ltr'>commoveri,</span> <span class='ocrx_word' id='word_1_23' title='bbox 625 353 674 385; x_wconf 87' lang='lat' dir='ltr'>ut</span> <span class='ocrx_word' id='word_1_24' title='bbox 710 343 846 385; x_wconf 89' lang='lat' dir='ltr'>nihilo</span> <span class='ocrx_word' id='word_1_25' title='bbox 890 343 1025 383; x_wconf 88' lang='lat' dir='ltr'>secius</span> <span class='ocrx_word' id='word_1_26' title='bbox 1068 342 1274 383; x_wconf 83' lang='lat' dir='ltr'>dicamus.</span> <span class='ocrx_word' id='word_1_27' title='bbox 1353 343 1525 386; x_wconf 89' lang='lat' dir='ltr'>Horum</span> 
     </span>
     <span class='ocr_line' id='line_1_5' title="bbox 102 398 1524 461; baseline -0.004 -13"><span class='ocrx_word' id='word_1_28' title='bbox 102 407 327 448; x_wconf 85' lang='lat' dir='ltr'>amborum</span> <span class='ocrx_word' id='word_1_29' title='bbox 359 418 563 461; x_wconf 84' lang='lat' dir='ltr'>generum</span> <span class='ocrx_word' id='word_1_30' title='bbox 593 401 793 457; x_wconf 83' lang='lat' dir='ltr'>exempla</span> <span class='ocrx_word' id='word_1_31' title='bbox 822 399 1116 454; x_wconf 82' lang='lat' dir='ltr'><strong>subjiciemus.</strong></span> <span class='ocrx_word' id='word_1_32' title='bbox 1176 398 1352 450; x_wconf 88' lang='lat' dir='ltr'>Prioris,</span> <span class='ocrx_word' id='word_1_33' title='bbox 1375 401 1524 456; x_wconf 83' lang='lat' dir='ltr'>hujus-</span> 
     </span>
     <span class='ocr_line' id='line_1_6' title="bbox 98 455 1525 519; baseline -0.004 -14"><span class='ocrx_word' id='word_1_34' title='bbox 98 464 244 519; x_wconf 72' lang='lat' dir='ltr'>Jnodi:</span> <span class='ocrx_word' id='word_1_35' title='bbox 296 462 506 511; x_wconf 89' lang='lat' dir='ltr'>Nimium,</span> <span class='ocrx_word' id='word_1_36' title='bbox 539 459 745 508; x_wconf 81' lang='lat' dir='ltr'>Quirites,</span> <span class='ocrx_word' id='word_1_37' title='bbox 788 457 940 498; x_wconf 84' lang='lat' dir='ltr'>animis</span> <span class='ocrx_word' id='word_1_38' title='bbox 977 457 1077 497; x_wconf 87' lang='lat' dir='ltr'>estis</span> <span class='ocrx_word' id='word_1_39' title='bbox 1120 457 1158 486; x_wconf 79' lang='lat'>83</span> <span class='ocrx_word' id='word_1_40' title='bbox 1173 455 1440 511; x_wconf 85' lang='lat' dir='ltr'>simplicibus</span> <span class='ocrx_word' id='word_1_41' title='bbox 1481 469 1525 499; x_wconf 88' lang='lat' dir='ltr'>et</span> 
     </span>
     <span class='ocr_line' id='line_1_7' title="bbox 100 513 1524 568; baseline -0.005 -6"><span class='ocrx_word' id='word_1_42' title='bbox 100 521 354 562; x_wconf 85' lang='lat' dir='ltr'>mansuetis:</span> <span class='ocrx_word' id='word_1_43' title='bbox 385 518 568 558; x_wconf 90' lang='lat' dir='ltr'>nimium</span> <span class='ocrx_word' id='word_1_44' title='bbox 597 515 770 556; x_wconf 91' lang='lat' dir='ltr'>creditis</span> <span class='ocrx_word' id='word_1_45' title='bbox 800 514 1047 568; x_wconf 89' lang='lat' dir='ltr'>unicuique.</span> <span class='ocrx_word' id='word_1_46' title='bbox 1086 513 1346 554; x_wconf 83' lang='lat' dir='ltr'>existimatis</span> <span class='ocrx_word' id='word_1_47' title='bbox 1369 528 1524 555; x_wconf 89' lang='lat' dir='ltr'>unum-</span> 
     </span>
     <span class='ocr_line' id='line_1_8' title="bbox 101 569 1526 633; baseline -0.004 -15"><span class='ocrx_word' id='word_1_48' title='bbox 101 591 313 633; x_wconf 83' lang='lat' dir='ltr'><strong>quemque</strong></span> <span class='ocrx_word' id='word_1_49' title='bbox 334 575 452 625; x_wconf 90' lang='lat' dir='ltr'>eniti,</span> <span class='ocrx_word' id='word_1_50' title='bbox 471 584 520 615; x_wconf 87' lang='lat' dir='ltr'>ut</span> <span class='ocrx_word' id='word_1_51' title='bbox 538 572 746 629; x_wconf 89' lang='lat' dir='ltr'>perficiat,</span> <span class='ocrx_word' id='word_1_52' title='bbox 771 586 867 626; x_wconf 79' lang='lat' dir='ltr'>quae</span> <span class='ocrx_word' id='word_1_53' title='bbox 888 571 1011 611; x_wconf 84' lang='lat' dir='ltr'>vobis</span> <span class='ocrx_word' id='word_1_54' title='bbox 1030 570 1247 626; x_wconf 87' lang='lat' dir='ltr'>pollicitus</span> <span class='ocrx_word' id='word_1_55' title='bbox 1270 570 1338 610; x_wconf 90' lang='lat' dir='ltr'>sit.</span> <span class='ocrx_word' id='word_1_56' title='bbox 1399 569 1526 612; x_wconf 86' lang='lat' dir='ltr'>Erra-</span> 
     </span>
     <span class='ocr_line' id='line_1_9' title="bbox 102 627 1525 686; baseline -0.004 -11"><span class='ocrx_word' id='word_1_57' title='bbox 102 634 172 685; x_wconf 89' lang='lat' dir='ltr'>tis,</span> <span class='ocrx_word' id='word_1_58' title='bbox 199 638 251 684; x_wconf 72' lang='lat' dir='ltr'>et}</span> <span class='ocrx_word' id='word_1_59' title='bbox 275 633 430 674; x_wconf 87' lang='lat' dir='ltr'>frustra</span> <span class='ocrx_word' id='word_1_60' title='bbox 455 630 562 672; x_wconf 82' lang='lat' dir='ltr'>falsa</span> <span class='ocrx_word' id='word_1_61' title='bbox 588 644 662 686; x_wconf 90' lang='lat' dir='ltr'>spe</span> <span class='ocrx_word' id='word_1_62' title='bbox 677 630 771 685; x_wconf 85' lang='lat' dir='ltr'>jam</span> <span class='ocrx_word' id='word_1_63' title='bbox 793 629 867 669; x_wconf 91' lang='lat' dir='ltr'>diu</span> <span class='ocrx_word' id='word_1_64' title='bbox 889 628 1155 669; x_wconf 82' lang='lat' dir='ltr'>detinemini.</span> <span class='ocrx_word' id='word_1_65' title='bbox 1188 631 1227 659; x_wconf 74' lang='lat'>84</span> <span class='ocrx_word' id='word_1_66' title='bbox 1239 627 1433 669; x_wconf 87' lang='lat' dir='ltr'>Stultitia</span> <span class='ocrx_word' id='word_1_67' title='bbox 1453 643 1525 669; x_wconf 90' lang='lat' dir='ltr'>ve-</span> 
     </span>
     <span class='ocr_line' id='line_1_10' title="bbox 101 685 1523 745; baseline -0.004 -14"><span class='ocrx_word' id='word_1_68' title='bbox 101 699 188 731; x_wconf 87' lang='lat' dir='ltr'>stra</span> <span class='ocrx_word' id='word_1_69' title='bbox 208 690 265 742; x_wconf 91' lang='lat' dir='ltr'>id,</span> <span class='ocrx_word' id='word_1_70' title='bbox 287 689 402 745; x_wconf 93' lang='lat' dir='ltr'>quod</span> <span class='ocrx_word' id='word_1_71' title='bbox 424 697 515 729; x_wconf 87' lang='lat' dir='ltr'>erat</span> <span class='ocrx_word' id='word_1_72' title='bbox 542 688 586 728; x_wconf 91' lang='lat' dir='ltr'>in</span> <span class='ocrx_word' id='word_1_73' title='bbox 612 698 749 728; x_wconf 84' lang='lat' dir='ltr'>vestra</span> <span class='ocrx_word' id='word_1_74' title='bbox 771 695 997 742; x_wconf 86' lang='lat' dir='ltr'>potestate,</span> <span class='ocrx_word' id='word_1_75' title='bbox 1020 685 1074 725; x_wconf 87' lang='lat' dir='ltr'>ab</span> <span class='ocrx_word' id='word_1_76' title='bbox 1094 685 1186 725; x_wconf 90' lang='lat' dir='ltr'>aliis</span> <span class='ocrx_word' id='word_1_77' title='bbox 1215 695 1372 740; x_wconf 87' lang='lat' dir='ltr'>petere,</span> <span class='ocrx_word' id='word_1_78' title='bbox 1394 700 1523 741; x_wconf 85' lang='lat' dir='ltr'>quam</span> 
     </span>
     <span class='ocr_line' id='line_1_11' title="bbox 102 741 1525 803; baseline -0.004 -15"><span class='ocrx_word' id='word_1_79' title='bbox 102 747 184 803; x_wconf 89' lang='lat' dir='ltr'>ipsi</span> <span class='ocrx_word' id='word_1_80' title='bbox 205 761 370 788; x_wconf 89' lang='lat' dir='ltr'>sumere</span> <span class='ocrx_word' id='word_1_81' title='bbox 391 745 616 786; x_wconf 82' lang='lat' dir='ltr'>maluistis.</span> <span class='ocrx_word' id='word_1_82' title='bbox 678 742 933 785; x_wconf 88' lang='lat' dir='ltr'>Posterioris</span> <span class='ocrx_word' id='word_1_83' title='bbox 961 741 1147 783; x_wconf 77' lang='lat' dir='ltr'>licentiae</span> <span class='ocrx_word' id='word_1_84' title='bbox 1171 741 1254 783; x_wconf 87' lang='lat' dir='ltr'>hoc</span> <span class='ocrx_word' id='word_1_85' title='bbox 1276 743 1358 783; x_wconf 90' lang='lat' dir='ltr'>erit</span> <span class='ocrx_word' id='word_1_86' title='bbox 1378 757 1525 783; x_wconf 80' lang='lat' dir='ltr'>exem-</span> 
     </span>
     <span class='ocr_line' id='line_1_12' title="bbox 85 799 1632 859; baseline -0.002 -14"><span class='ocrx_word' id='word_1_87' title='bbox 85 804 234 859; x_wconf 76' lang='lat' dir='ltr'>plum.</span> <span class='ocrx_word' id='word_1_88' title='bbox 296 803 413 844; x_wconf 89' lang='lat' dir='ltr'>Mihi</span> <span class='ocrx_word' id='word_1_89' title='bbox 443 817 545 844; x_wconf 92' lang='lat' dir='ltr'>cum</span> <span class='ocrx_word' id='word_1_90' title='bbox 576 802 674 853; x_wconf 88' lang='lat' dir='ltr'>isto,</span> <span class='ocrx_word' id='word_1_91' title='bbox 696 800 881 857; x_wconf 88' lang='lat' dir='ltr'>judices,</span> <span class='ocrx_word' id='word_1_92' title='bbox 924 799 1007 840; x_wconf 87' lang='lat' dir='ltr'>fuit</span> <span class='ocrx_word' id='word_1_93' title='bbox 1045 799 1249 850; x_wconf 88' lang='lat' dir='ltr'>amicitia,</span> <span class='ocrx_word' id='word_1_94' title='bbox 1285 802 1324 831; x_wconf 81' lang='lat'>85</span> <span class='ocrx_word' id='word_1_95' title='bbox 1339 800 1410 843; x_wconf 86' lang='lat' dir='ltr'>sed</span> <span class='ocrx_word' id='word_1_96' title='bbox 1443 800 1566 850; x_wconf 88' lang='lat' dir='ltr'>istap.</span> <span class='ocrx_word' id='word_1_97' title='bbox 1582 811 1632 842; x_wconf 85' lang='lat'>36.</span> 
     </span>
     <span class='ocr_line' id='line_1_13' title="bbox 101 856 1564 913; baseline -0.002 -12"><span class='ocrx_word' id='word_1_98' title='bbox 101 860 506 911; x_wconf 34' lang='lat' dir='ltr'>amicitia,vtametsi</span> <span class='ocrx_word' id='word_1_99' title='bbox 545 873 693 900; x_wconf 86' lang='lat' dir='ltr'>vereor</span> <span class='ocrx_word' id='word_1_100' title='bbox 729 857 948 913; x_wconf 90' lang='lat' dir='ltr'>quomodo</span> <span class='ocrx_word' id='word_1_101' title='bbox 987 856 1206 912; x_wconf 84' lang='lat' dir='ltr'>accepturi</span> <span class='ocrx_word' id='word_1_102' title='bbox 1242 856 1348 907; x_wconf 86' lang='lat' dir='ltr'>sitis,</span> <span class='ocrx_word' id='word_1_103' title='bbox 1383 857 1564 899; x_wconf 69' lang='lat' dir='ltr'>dicama-</span> 
     </span>
     <span class='ocr_line' id='line_1_14' title="bbox 101 914 1525 973; baseline -0.001 -15"><span class='ocrx_word' id='word_1_104' title='bbox 101 926 258 969; x_wconf 85' lang='lat' dir='ltr'>tamen,</span> <span class='ocrx_word' id='word_1_105' title='bbox 271 933 347 959; x_wconf 87' lang='lat' dir='ltr'>vos</span> <span class='ocrx_word' id='word_1_106' title='bbox 360 932 429 958; x_wconf 87' lang='lat' dir='ltr'>me</span> <span class='ocrx_word' id='word_1_107' title='bbox 444 917 657 973; x_wconf 85' lang='lat' dir='ltr'>privastis.</span> <span class='ocrx_word' id='word_1_108' title='bbox 690 915 809 962; x_wconf 84' lang='lat' dir='ltr'>Quid</span> <span class='ocrx_word' id='word_1_109' title='bbox 829 915 914 956; x_wconf 85' lang='lat' dir='ltr'>ita?</span> <span class='ocrx_word' id='word_1_110' title='bbox 939 915 1052 969; x_wconf 89' lang='lat' dir='ltr'>quia,</span> <span class='ocrx_word' id='word_1_111' title='bbox 1067 922 1116 954; x_wconf 90' lang='lat' dir='ltr'>ut</span> <span class='ocrx_word' id='word_1_112' title='bbox 1130 914 1253 955; x_wconf 88' lang='lat' dir='ltr'>vobis</span> <span class='ocrx_word' id='word_1_113' title='bbox 1275 928 1411 954; x_wconf 86' lang='lat' dir='ltr'>essem</span> <span class='ocrx_word' id='word_1_114' title='bbox 1426 930 1525 971; x_wconf 84' lang='lat' dir='ltr'>pro-</span> 
     </span>
     <span class='ocr_line' id='line_1_15' title="bbox 99 971 1524 1030; baseline -0.001 -15"><span class='ocrx_word' id='word_1_115' title='bbox 99 975 240 1026; x_wconf 88' lang='lat' dir='ltr'>batus,</span> <span class='ocrx_word' id='word_1_116' title='bbox 263 989 376 1026; x_wconf 88' lang='lat' dir='ltr'>eum,</span> <span class='ocrx_word' id='word_1_117' title='bbox 399 975 473 1030; x_wconf 90' lang='lat' dir='ltr'>qui</span> <span class='ocrx_word' id='word_1_118' title='bbox 505 989 582 1015; x_wconf 83' lang='lat' dir='ltr'>vos</span> <span class='ocrx_word' id='word_1_119' title='bbox 605 972 902 1030; x_wconf 87' lang='lat' dir='ltr'>oppugnabat,</span> <span class='ocrx_word' id='word_1_120' title='bbox 925 971 1163 1021; x_wconf 89' lang='lat' dir='ltr'>inimicum,</span> <span class='ocrx_word' id='word_1_121' title='bbox 1186 986 1314 1027; x_wconf 88' lang='lat' dir='ltr'>quam</span> <span class='ocrx_word' id='word_1_122' title='bbox 1337 972 1524 1013; x_wconf 80' lang='lat' dir='ltr'>amicum</span> 
     </span>
     <span class='ocr_line' id='line_1_16' title="bbox 98 1028 1587 1087; baseline -0.004 -14"><span class='ocrx_word' id='word_1_123' title='bbox 98 1031 258 1073; x_wconf 89' lang='lat' dir='ltr'>habere</span> <span class='ocrx_word' id='word_1_124' title='bbox 296 1032 442 1073; x_wconf 88' lang='lat' dir='ltr'>malui.</span> <span class='ocrx_word' id='word_1_125' title='bbox 503 1030 619 1087; x_wconf 87' lang='lat' dir='ltr'>Ergo</span> <span class='ocrx_word' id='word_1_126' title='bbox 654 1031 748 1071; x_wconf 81' lang='lat' dir='ltr'>haec</span> <span class='ocrx_word' id='word_1_127' title='bbox 772 1029 1017 1080; x_wconf 83' lang='lat' dir='ltr'>exornatio,</span> <span class='ocrx_word' id='word_1_128' title='bbox 1051 1029 1119 1069; x_wconf 88' lang='lat' dir='ltr'>cui</span> <span class='ocrx_word' id='word_1_129' title='bbox 1149 1028 1336 1070; x_wconf 82' lang='lat' dir='ltr'>Iicentiae</span> <span class='ocrx_word' id='word_1_130' title='bbox 1366 1043 1522 1070; x_wconf 89' lang='lat' dir='ltr'>nomen</span> <span class='ocrx_word' id='word_1_131' title='bbox 1537 1033 1587 1066; x_wconf 83' lang='lat'>50</span> 
     </span>
     <span class='ocr_line' id='line_1_17' title="bbox 99 1086 1524 1142; baseline -0.002 -12"><span class='ocrx_word' id='word_1_132' title='bbox 99 1098 182 1140; x_wconf 88' lang='lat' dir='ltr'>est,</span> <span class='ocrx_word' id='word_1_133' title='bbox 222 1089 348 1131; x_wconf 90' lang='lat' dir='ltr'>sicuti</span> <span class='ocrx_word' id='word_1_134' title='bbox 386 1088 788 1137; x_wconf 84' lang='lat' dir='ltr'>demonstravimus,</span> <span class='ocrx_word' id='word_1_135' title='bbox 826 1086 988 1142; x_wconf 86' lang='lat' dir='ltr'>duplici</span> <span class='ocrx_word' id='word_1_136' title='bbox 1040 1086 1206 1126; x_wconf 89' lang='lat' dir='ltr'>ratione</span> <span class='ocrx_word' id='word_1_137' title='bbox 1245 1087 1524 1138; x_wconf 71' lang='lat' dir='ltr'>tractabitur,</span> 
     </span>
     <span class='ocr_line' id='line_1_18' title="bbox 100 1142 1526 1202; baseline -0.003 -14"><span class='ocrx_word' id='word_1_138' title='bbox 100 1146 350 1197; x_wconf 85' lang='lat' dir='ltr'>acrimonia,</span> <span class='ocrx_word' id='word_1_139' title='bbox 373 1161 469 1202; x_wconf 85' lang='lat' dir='ltr'>quae</span> <span class='ocrx_word' id='word_1_140' title='bbox 489 1146 523 1186; x_wconf 89' lang='lat' dir='ltr'>si</span> <span class='ocrx_word' id='word_1_141' title='bbox 546 1145 726 1186; x_wconf 88' lang='lat' dir='ltr'>nimium</span> <span class='ocrx_word' id='word_1_142' title='bbox 758 1143 887 1184; x_wconf 86' lang='lat' dir='ltr'>fuerit</span> <span class='ocrx_word' id='word_1_143' title='bbox 908 1157 1070 1198; x_wconf 88' lang='lat' dir='ltr'>aspera,</span> <span class='ocrx_word' id='word_1_144' title='bbox 1092 1142 1366 1198; x_wconf 82' lang='lat' dir='ltr'>mitigabitur</span> <span class='ocrx_word' id='word_1_145' title='bbox 1387 1144 1526 1194; x_wconf 86' lang='lat' dir='ltr'>laude,</span> 
     </span>
     <span class='ocr_line' id='line_1_19' title="bbox 101 1199 1528 1257; baseline -0.003 -12"><span class='ocrx_word' id='word_1_146' title='bbox 101 1212 145 1244; x_wconf 86' lang='lat' dir='ltr'>et</span> <span class='ocrx_word' id='word_1_147' title='bbox 166 1203 499 1254; x_wconf 87' lang='lat' dir='ltr'>assimulatione,</span> <span class='ocrx_word' id='word_1_148' title='bbox 521 1203 574 1243; x_wconf 90' lang='lat' dir='ltr'>de</span> <span class='ocrx_word' id='word_1_149' title='bbox 599 1217 684 1257; x_wconf 87' lang='lat' dir='ltr'>qua</span> <span class='ocrx_word' id='word_1_150' title='bbox 709 1201 921 1257; x_wconf 87' lang='lat' dir='ltr'>posterius</span> <span class='ocrx_word' id='word_1_151' title='bbox 947 1199 1152 1250; x_wconf 83' lang='lat' dir='ltr'>diximus,</span> <span class='ocrx_word' id='word_1_152' title='bbox 1175 1214 1271 1254; x_wconf 83' lang='lat' dir='ltr'>quae</span> <span class='ocrx_word' id='word_1_153' title='bbox 1305 1215 1392 1240; x_wconf 88' lang='lat' dir='ltr'>non</span> <span class='ocrx_word' id='word_1_154' title='bbox 1416 1201 1528 1242; x_wconf 89' lang='lat' dir='ltr'>indi-</span> 
     </span>
     <span class='ocr_line' id='line_1_20' title="bbox 100 1257 1527 1316; baseline -0.003 -14"><span class='ocrx_word' id='word_1_155' title='bbox 100 1269 177 1316; x_wconf 85' lang='lat' dir='ltr'>get</span> <span class='ocrx_word' id='word_1_156' title='bbox 197 1260 496 1316; x_wconf 87' lang='lat' dir='ltr'>mitigationis,</span> <span class='ocrx_word' id='word_1_157' title='bbox 519 1268 746 1315; x_wconf 84' lang='lat' dir='ltr'>propterea</span> <span class='ocrx_word' id='word_1_158' title='bbox 778 1258 893 1313; x_wconf 90' lang='lat' dir='ltr'>quod</span> <span class='ocrx_word' id='word_1_159' title='bbox 916 1257 1109 1298; x_wconf 84' lang='lat' dir='ltr'>imitatur</span> <span class='ocrx_word' id='word_1_160' title='bbox 1131 1257 1363 1308; x_wconf 87' lang='lat' dir='ltr'>licentiam,</span> <span class='ocrx_word' id='word_1_161' title='bbox 1387 1268 1429 1298; x_wconf 89' lang='lat' dir='ltr'>et</span> <span class='ocrx_word' id='word_1_162' title='bbox 1452 1273 1527 1299; x_wconf 83' lang='lat' dir='ltr'>sua</span> 
     </span>
     <span class='ocr_line' id='line_1_21' title="bbox 103 1314 1171 1374; baseline -0.004 -16"><span class='ocrx_word' id='word_1_163' title='bbox 103 1326 256 1374; x_wconf 87' lang='lat' dir='ltr'>sponte</span> <span class='ocrx_word' id='word_1_164' title='bbox 272 1318 326 1358; x_wconf 88' lang='lat' dir='ltr'>ad</span> <span class='ocrx_word' id='word_1_165' title='bbox 356 1317 546 1358; x_wconf 84' lang='lat' dir='ltr'>animum</span> <span class='ocrx_word' id='word_1_166' title='bbox 566 1316 773 1358; x_wconf 88' lang='lat' dir='ltr'>auditoris</span> <span class='ocrx_word' id='word_1_167' title='bbox 793 1330 837 1355; x_wconf 85' lang='lat' dir='ltr'>se</span> <span class='ocrx_word' id='word_1_168' title='bbox 856 1314 1171 1356; x_wconf 86' lang='lat' dir='ltr'>accommodat.</span> 
     </span>
    </p>

    <p class='ocr_par' dir='ltr' id='par_1_3' title="bbox 93 1372 1607 2346">
     <span class='ocr_line' id='line_1_22' title="bbox 159 1372 1607 1429; baseline -0.001 -13"><span class='ocrx_word' id='word_1_169' title='bbox 159 1374 412 1416; x_wconf 87' lang='lat' dir='ltr'>Deminutio</span> <span class='ocrx_word' id='word_1_170' title='bbox 434 1384 512 1426; x_wconf 90' lang='lat' dir='ltr'>est,</span> <span class='ocrx_word' id='word_1_171' title='bbox 532 1389 631 1415; x_wconf 93' lang='lat' dir='ltr'>cum</span> <span class='ocrx_word' id='word_1_172' title='bbox 650 1372 810 1429; x_wconf 88' lang='lat' dir='ltr'>aliquid</span> <span class='ocrx_word' id='word_1_173' title='bbox 833 1387 923 1413; x_wconf 88' lang='lat' dir='ltr'>esse</span> <span class='ocrx_word' id='word_1_174' title='bbox 941 1373 985 1413; x_wconf 89' lang='lat' dir='ltr'>in</span> <span class='ocrx_word' id='word_1_175' title='bbox 1007 1372 1147 1424; x_wconf 76' lang='lat' dir='ltr'>nobis,</span> <span class='ocrx_word' id='word_1_176' title='bbox 1171 1381 1245 1412; x_wconf 85' lang='lat' dir='ltr'>aut</span> <span class='ocrx_word' id='word_1_177' title='bbox 1266 1372 1310 1413; x_wconf 90' lang='lat' dir='ltr'>in</span> <span class='ocrx_word' id='word_1_178' title='bbox 1333 1373 1399 1424; x_wconf 91' lang='lat' dir='ltr'>iis,</span> <span class='ocrx_word' id='word_1_179' title='bbox 1417 1388 1524 1428; x_wconf 90' lang='lat' dir='ltr'>quos</span> <span class='ocrx_word' id='word_1_180' title='bbox 1537 1374 1607 1422; x_wconf 77' lang='grc'>38</span> 
     </span>
     <span class='ocr_line' id='line_1_23' title="bbox 98 1429 1525 1483; baseline 0 -11"><span class='ocrx_word' id='word_1_181' title='bbox 98 1431 382 1483; x_wconf 85' lang='lat' dir='ltr'>defendimus,</span> <span class='ocrx_word' id='word_1_182' title='bbox 412 1441 487 1472; x_wconf 87' lang='lat' dir='ltr'>aut</span> <span class='ocrx_word' id='word_1_183' title='bbox 518 1441 686 1482; x_wconf 88' lang='lat' dir='ltr'>natura,</span> <span class='ocrx_word' id='word_1_184' title='bbox 713 1439 788 1471; x_wconf 87' lang='lat' dir='ltr'>aut</span> <span class='ocrx_word' id='word_1_185' title='bbox 816 1429 969 1480; x_wconf 85' lang='lat' dir='ltr'>forma,</span> <span class='ocrx_word' id='word_1_186' title='bbox 999 1439 1074 1470; x_wconf 88' lang='lat' dir='ltr'>aut</span> <span class='ocrx_word' id='word_1_187' title='bbox 1103 1429 1314 1471; x_wconf 88' lang='lat' dir='ltr'>industria</span> <span class='ocrx_word' id='word_1_188' title='bbox 1333 1431 1525 1472; x_wconf 87' lang='lat' dir='ltr'>dicemus</span> 
     </span>
     <span class='ocr_line' id='line_1_24' title="bbox 98 1487 1527 1545; baseline 0.001 -16"><span class='ocrx_word' id='word_1_189' title='bbox 98 1489 346 1545; x_wconf 87' lang='lat' dir='ltr'>egregium:</span> <span class='ocrx_word' id='word_1_190' title='bbox 378 1490 508 1544; x_wconf 91' lang='lat' dir='ltr'>quod,</span> <span class='ocrx_word' id='word_1_191' title='bbox 533 1503 588 1530; x_wconf 89' lang='lat' dir='ltr'>ne</span> <span class='ocrx_word' id='word_1_192' title='bbox 623 1503 708 1544; x_wconf 87' lang='lat' dir='ltr'>qua</span> <span class='ocrx_word' id='word_1_193' title='bbox 738 1487 1008 1543; x_wconf 88' lang='lat' dir='ltr'>significetur</span> <span class='ocrx_word' id='word_1_194' title='bbox 1037 1501 1241 1543; x_wconf 82' lang='lat' dir='ltr'>arrogans</span> <span class='ocrx_word' id='word_1_195' title='bbox 1277 1489 1527 1539; x_wconf 82' lang='lat' dir='ltr'>ostentatio,</span> 
     </span>
     <span class='ocr_line' id='line_1_25' title="bbox 101 1544 1528 1595; baseline 0 -8"><span class='ocrx_word' id='word_1_196' title='bbox 101 1546 365 1587; x_wconf 89' lang='lat' dir='ltr'>deminuitur</span> <span class='ocrx_word' id='word_1_197' title='bbox 398 1555 442 1587; x_wconf 89' lang='lat' dir='ltr'>et</span> <span class='ocrx_word' id='word_1_198' title='bbox 471 1555 718 1587; x_wconf 83' lang='lat' dir='ltr'>attenuatur</span> <span class='ocrx_word' id='word_1_199' title='bbox 748 1545 957 1595; x_wconf 87' lang='lat' dir='ltr'>oratione,</span> <span class='ocrx_word' id='word_1_200' title='bbox 990 1544 1073 1585; x_wconf 91' lang='lat' dir='ltr'>hoc</span> <span class='ocrx_word' id='word_1_201' title='bbox 1107 1545 1262 1586; x_wconf 90' lang='lat' dir='ltr'>modo:</span> <span class='ocrx_word' id='word_1_202' title='bbox 1297 1545 1412 1585; x_wconf 89' lang='lat' dir='ltr'>Nam</span> <span class='ocrx_word' id='word_1_203' title='bbox 1443 1546 1528 1587; x_wconf 88' lang='lat' dir='ltr'>hoc</span> 
     </span>
     <span class='ocr_line' id='line_1_26' title="bbox 98 1602 1529 1659; baseline 0.001 -16"><span class='ocrx_word' id='word_1_204' title='bbox 98 1617 176 1658; x_wconf 91' lang='lat' dir='ltr'>pro</span> <span class='ocrx_word' id='word_1_205' title='bbox 198 1618 294 1645; x_wconf 89' lang='lat' dir='ltr'>meo</span> <span class='ocrx_word' id='word_1_206' title='bbox 309 1604 423 1659; x_wconf 89' lang='lat' dir='ltr'>jure,</span> <span class='ocrx_word' id='word_1_207' title='bbox 439 1603 626 1658; x_wconf 77' lang='lat' dir='ltr'>judiceS,</span> <span class='ocrx_word' id='word_1_208' title='bbox 649 1603 762 1654; x_wconf 90' lang='lat' dir='ltr'>dico,</span> <span class='ocrx_word' id='word_1_209' title='bbox 780 1617 851 1643; x_wconf 92' lang='lat' dir='ltr'>me</span> <span class='ocrx_word' id='word_1_210' title='bbox 875 1602 1020 1643; x_wconf 84' lang='lat' dir='ltr'>labore</span> <span class='ocrx_word' id='word_1_211' title='bbox 1042 1612 1086 1642; x_wconf 90' lang='lat' dir='ltr'>et</span> <span class='ocrx_word' id='word_1_212' title='bbox 1106 1602 1317 1642; x_wconf 83' lang='lat' dir='ltr'>industria</span> <span class='ocrx_word' id='word_1_213' title='bbox 1346 1617 1529 1653; x_wconf 80' lang='lat' dir='ltr'>curasse,</span> 
     </span>
     <span class='ocr_line' id='line_1_27' title="bbox 99 1660 1529 1717; baseline 0.001 -17"><span class='ocrx_word' id='word_1_214' title='bbox 99 1669 147 1701; x_wconf 91' lang='lat' dir='ltr'>ut</span> <span class='ocrx_word' id='word_1_215' title='bbox 164 1660 435 1717; x_wconf 84' lang='lat' dir='ltr'>disciplinam</span> <span class='ocrx_word' id='word_1_216' title='bbox 463 1661 693 1702; x_wconf 85' lang='lat' dir='ltr'>militarem</span> <span class='ocrx_word' id='word_1_217' title='bbox 714 1675 802 1701; x_wconf 87' lang='lat' dir='ltr'>non</span> <span class='ocrx_word' id='word_1_218' title='bbox 833 1660 877 1699; x_wconf 92' lang='lat' dir='ltr'>in</span> <span class='ocrx_word' id='word_1_219' title='bbox 909 1660 1137 1715; x_wconf 86' lang='lat' dir='ltr'>postremis</span> <span class='ocrx_word' id='word_1_220' title='bbox 1174 1669 1376 1700; x_wconf 88' lang='lat' dir='ltr'>tenerem.</span> <span class='ocrx_word' id='word_1_221' title='bbox 1440 1660 1529 1702; x_wconf 87' lang='lat' dir='ltr'>Hie</span> 
     </span>
     <span class='ocr_line' id='line_1_28' title="bbox 99 1717 1529 1774; baseline 0.001 -17"><span class='ocrx_word' id='word_1_222' title='bbox 99 1717 133 1758; x_wconf 91' lang='lat' dir='ltr'>si</span> <span class='ocrx_word' id='word_1_223' title='bbox 156 1718 251 1772; x_wconf 90' lang='lat' dir='ltr'>quis</span> <span class='ocrx_word' id='word_1_224' title='bbox 285 1718 479 1770; x_wconf 87' lang='lat' dir='ltr'>dixisset,</span> <span class='ocrx_word' id='word_1_225' title='bbox 503 1727 550 1759; x_wconf 91' lang='lat' dir='ltr'>ut</span> <span class='ocrx_word' id='word_1_226' title='bbox 582 1717 745 1774; x_wconf 86' lang='lat' dir='ltr'>optime</span> <span class='ocrx_word' id='word_1_227' title='bbox 776 1726 980 1768; x_wconf 88' lang='lat' dir='ltr'>tenerem,</span> <span class='ocrx_word' id='word_1_228' title='bbox 1005 1717 1174 1757; x_wconf 85' lang='lat' dir='ltr'>tametsi</span> <span class='ocrx_word' id='word_1_229' title='bbox 1207 1731 1304 1758; x_wconf 85' lang='lat' dir='ltr'>vere</span> <span class='ocrx_word' id='word_1_230' title='bbox 1335 1717 1529 1769; x_wconf 77' lang='lat' dir='ltr'>dixisset,</span> 
     </span>
     <span class='ocr_line' id='line_1_29' title="bbox 99 1774 1531 1831; baseline 0.001 -16"><span class='ocrx_word' id='word_1_231' title='bbox 99 1784 241 1816; x_wconf 88' lang='lat' dir='ltr'>tamen</span> <span class='ocrx_word' id='word_1_232' title='bbox 265 1790 467 1831; x_wconf 83' lang='lat' dir='ltr'>arrogans</span> <span class='ocrx_word' id='word_1_233' title='bbox 490 1775 605 1816; x_wconf 90' lang='lat' dir='ltr'>visus</span> <span class='ocrx_word' id='word_1_234' title='bbox 635 1782 760 1815; x_wconf 90' lang='lat' dir='ltr'>esset.</span> <span class='ocrx_word' id='word_1_235' title='bbox 791 1789 908 1815; x_wconf 87' lang='lat' dir='ltr'>nunc</span> <span class='ocrx_word' id='word_1_236' title='bbox 929 1786 973 1814; x_wconf 91' lang='lat' dir='ltr'>et</span> <span class='ocrx_word' id='word_1_237' title='bbox 994 1775 1045 1815; x_wconf 82' lang='lat' dir='ltr'>ad</span> <span class='ocrx_word' id='word_1_238' title='bbox 1066 1774 1273 1815; x_wconf 85' lang='lat' dir='ltr'>invidiam</span> <span class='ocrx_word' id='word_1_239' title='bbox 1295 1775 1531 1825; x_wconf 76' lang='lat' dir='ltr'>vitandam,</span> 
     </span>
     <span class='ocr_line' id='line_1_30' title="bbox 97 1831 1529 1888; baseline 0.001 -16"><span class='ocrx_word' id='word_1_240' title='bbox 97 1840 143 1872; x_wconf 85' lang='lat' dir='ltr'>et</span> <span class='ocrx_word' id='word_1_241' title='bbox 163 1832 217 1873; x_wconf 83' lang='lat' dir='ltr'>ad</span> <span class='ocrx_word' id='word_1_242' title='bbox 239 1832 407 1885; x_wconf 79' lang='lat' dir='ltr'>laudem</span> <span class='ocrx_word' id='word_1_243' title='bbox 429 1832 763 1888; x_wconf 85' lang='lat' dir='ltr'>comparandam</span> <span class='ocrx_word' id='word_1_244' title='bbox 789 1832 891 1872; x_wconf 87' lang='lat' dir='ltr'>satis</span> <span class='ocrx_word' id='word_1_245' title='bbox 914 1831 1170 1872; x_wconf 88' lang='lat' dir='ltr'>dictumest.</span> <span class='ocrx_word' id='word_1_246' title='bbox 1216 1831 1342 1881; x_wconf 87' lang='lat' dir='ltr'>Item,</span> <span class='ocrx_word' id='word_1_247' title='bbox 1371 1832 1529 1873; x_wconf 87' lang='lat' dir='ltr'>Utrum</span> 
     </span>
     <span class='ocr_line' id='line_1_31' title="bbox 98 1888 1530 1945; baseline 0 -15"><span class='ocrx_word' id='word_1_248' title='bbox 98 1889 232 1945; x_wconf 90' lang='lat' dir='ltr'>igitur</span> <span class='ocrx_word' id='word_1_249' title='bbox 257 1890 448 1931; x_wconf 84' lang='lat' dir='ltr'>avaritiae</span> <span class='ocrx_word' id='word_1_250' title='bbox 471 1904 600 1931; x_wconf 88' lang='lat' dir='ltr'>causa</span> <span class='ocrx_word' id='word_1_251' title='bbox 631 1904 685 1929; x_wconf 90' lang='lat' dir='ltr'>an</span> <span class='ocrx_word' id='word_1_252' title='bbox 719 1889 923 1944; x_wconf 83' lang='lat' dir='ltr'>egestatis</span> <span class='ocrx_word' id='word_1_253' title='bbox 955 1888 1135 1930; x_wconf 86' lang='lat' dir='ltr'>accessit</span> <span class='ocrx_word' id='word_1_254' title='bbox 1165 1889 1217 1929; x_wconf 84' lang='lat' dir='ltr'>ad</span> <span class='ocrx_word' id='word_1_255' title='bbox 1239 1889 1530 1931; x_wconf 61' lang='lat' dir='ltr'>maleficium?</span> 
     </span>
     <span class='ocr_line' id='line_1_32' title="bbox 98 1946 1529 2002; baseline 0 -14"><span class='ocrx_word' id='word_1_256' title='bbox 98 1946 336 1989; x_wconf 80' lang='lat' dir='ltr'>Avaritiae?</span> <span class='ocrx_word' id='word_1_257' title='bbox 366 1958 410 1988; x_wconf 90' lang='lat' dir='ltr'>at</span> <span class='ocrx_word' id='word_1_258' title='bbox 439 1946 703 2002; x_wconf 85' lang='lat' dir='ltr'>largissimus</span> <span class='ocrx_word' id='word_1_259' title='bbox 733 1946 817 1986; x_wconf 81' lang='lat' dir='ltr'>fuit</span> <span class='ocrx_word' id='word_1_260' title='bbox 851 1946 895 1986; x_wconf 88' lang='lat' dir='ltr'>in</span> <span class='ocrx_word' id='word_1_261' title='bbox 928 1947 1115 1996; x_wconf 83' lang='lat' dir='ltr'>amicos3</span> <span class='ocrx_word' id='word_1_262' title='bbox 1148 1947 1264 2001; x_wconf 89' lang='lat' dir='ltr'>quod</span> <span class='ocrx_word' id='word_1_263' title='bbox 1284 1947 1456 2002; x_wconf 87' lang='lat' dir='ltr'>signum</span> <span class='ocrx_word' id='word_1_264' title='bbox 1478 1947 1529 1988; x_wconf 89' lang='lat' dir='ltr'>li-</span> 
     </span>
     <span class='ocr_line' id='line_1_33' title="bbox 98 2003 1564 2059; baseline 0 -15"><span class='ocrx_word' id='word_1_265' title='bbox 98 2003 333 2045; x_wconf 88' lang='lat' dir='ltr'>beralitatis</span> <span class='ocrx_word' id='word_1_266' title='bbox 367 2013 445 2055; x_wconf 88' lang='lat' dir='ltr'>est,</span> <span class='ocrx_word' id='word_1_267' title='bbox 468 2019 565 2059; x_wconf 84' lang='lat' dir='ltr'>quae</span> <span class='ocrx_word' id='word_1_268' title='bbox 595 2012 660 2044; x_wconf 91' lang='lat' dir='ltr'>est</span> <span class='ocrx_word' id='word_1_269' title='bbox 693 2003 908 2044; x_wconf 85' lang='lat' dir='ltr'>contraria</span> <span class='ocrx_word' id='word_1_270' title='bbox 940 2003 1147 2043; x_wconf 77' lang='lat' dir='ltr'>avaritiae.</span> <span class='ocrx_word' id='word_1_271' title='bbox 1209 2003 1454 2059; x_wconf 85' lang='lat' dir='ltr'>Egestatis?</span> <span class='ocrx_word' id='word_1_272' title='bbox 1485 2014 1529 2044; x_wconf 89' lang='lat' dir='ltr'>at</span> <span class='ocrx_word' id='word_1_273' title='bbox 1561 2055 1564 2057; x_wconf 17' lang='grc' dir='ltr'><em>Β</em></span> 
     </span>
     <span class='ocr_line' id='line_1_34' title="bbox 94 2059 1528 2117; baseline 0.001 -16"><span class='ocrx_word' id='word_1_274' title='bbox 94 2060 197 2101; x_wconf 91' lang='lat' dir='ltr'>huic</span> <span class='ocrx_word' id='word_1_275' title='bbox 218 2061 391 2116; x_wconf 89' lang='lat' dir='ltr'>quidem</span> <span class='ocrx_word' id='word_1_276' title='bbox 426 2070 547 2117; x_wconf 89' lang='lat' dir='ltr'>pater</span> <span class='ocrx_word' id='word_1_277' title='bbox 569 2060 689 2114; x_wconf 85' lang='lat' dir='ltr'>(nolo</span> <span class='ocrx_word' id='word_1_278' title='bbox 721 2061 903 2100; x_wconf 89' lang='lat' dir='ltr'>nimium</span> <span class='ocrx_word' id='word_1_279' title='bbox 934 2059 1094 2107; x_wconf 88' lang='lat' dir='ltr'>dicere)</span> <span class='ocrx_word' id='word_1_280' title='bbox 1118 2075 1204 2100; x_wconf 86' lang='lat' dir='ltr'>non</span> <span class='ocrx_word' id='word_1_281' title='bbox 1228 2061 1528 2102; x_wconf 83' lang='lat' dir='ltr'>tenuissimum</span> 
     </span>
     <span class='ocr_line' id='line_1_35' title="bbox 96 2117 1528 2174; baseline 0 -15"><span class='ocrx_word' id='word_1_282' title='bbox 96 2117 402 2174; x_wconf 87' lang='lat' dir='ltr'>patrimonium</span> <span class='ocrx_word' id='word_1_283' title='bbox 432 2118 621 2173; x_wconf 88' lang='lat' dir='ltr'>reliquit.</span> <span class='ocrx_word' id='word_1_284' title='bbox 686 2117 774 2158; x_wconf 92' lang='lat' dir='ltr'>Hic</span> <span class='ocrx_word' id='word_1_285' title='bbox 807 2131 980 2172; x_wconf 90' lang='lat' dir='ltr'>quoque</span> <span class='ocrx_word' id='word_1_286' title='bbox 1015 2118 1199 2157; x_wconf 79' lang='lat' dir='ltr'>vitatum</span> <span class='ocrx_word' id='word_1_287' title='bbox 1234 2127 1312 2168; x_wconf 85' lang='lat' dir='ltr'>est,</span> <span class='ocrx_word' id='word_1_288' title='bbox 1344 2133 1397 2158; x_wconf 90' lang='lat' dir='ltr'>ne</span> <span class='ocrx_word' id='word_1_289' title='bbox 1438 2133 1528 2159; x_wconf 78' lang='lat' dir='ltr'>ma·</span> 
     </span>
     <span class='ocr_line' id='line_1_36' title="bbox 94 2174 1529 2231; baseline 0.001 -16"><span class='ocrx_word' id='word_1_290' title='bbox 94 2189 230 2231; x_wconf 89' lang='lat' dir='ltr'>gnum</span> <span class='ocrx_word' id='word_1_291' title='bbox 259 2185 334 2216; x_wconf 89' lang='lat' dir='ltr'>aut</span> <span class='ocrx_word' id='word_1_292' title='bbox 361 2175 602 2216; x_wconf 86' lang='lat' dir='ltr'>maximum</span> <span class='ocrx_word' id='word_1_293' title='bbox 635 2174 862 2216; x_wconf 85' lang='lat' dir='ltr'>diceretur.</span> <span class='ocrx_word' id='word_1_294' title='bbox 897 2174 980 2215; x_wconf 87' lang='grc'>1100</span> <span class='ocrx_word' id='word_1_295' title='bbox 1010 2174 1145 2229; x_wconf 87' lang='lat' dir='ltr'>igitur</span> <span class='ocrx_word' id='word_1_296' title='bbox 1175 2175 1218 2215; x_wconf 86' lang='lat' dir='ltr'>in</span> <span class='ocrx_word' id='word_1_297' title='bbox 1252 2176 1424 2226; x_wconf 80' lang='lat' dir='ltr'>nostris,</span> <span class='ocrx_word' id='word_1_298' title='bbox 1455 2186 1529 2216; x_wconf 87' lang='lat' dir='ltr'>aut</span> 
     </span>
     <span class='ocr_line' id='line_1_37' title="bbox 94 2231 1525 2288; baseline 0.001 -15"><span class='ocrx_word' id='word_1_299' title='bbox 94 2246 256 2283; x_wconf 86' lang='lat' dir='ltr'>eorum,</span> <span class='ocrx_word' id='word_1_300' title='bbox 289 2248 396 2288; x_wconf 91' lang='lat' dir='ltr'>quos</span> <span class='ocrx_word' id='word_1_301' title='bbox 429 2232 723 2283; x_wconf 86' lang='lat' dir='ltr'>defendemus,</span> <span class='ocrx_word' id='word_1_302' title='bbox 759 2231 946 2287; x_wconf 88' lang='lat' dir='ltr'>egregiis</span> <span class='ocrx_word' id='word_1_303' title='bbox 975 2231 1216 2272; x_wconf 82' lang='lat' dir='ltr'>commodis</span> <span class='ocrx_word' id='word_1_304' title='bbox 1256 2232 1525 2288; x_wconf 73' lang='lat' dir='ltr'>proferendis</span> 
     </span>
     <span class='ocr_line' id='line_1_38' title="bbox 93 2288 1527 2346; baseline 0.001 -16"><span class='ocrx_word' id='word_1_305' title='bbox 93 2289 431 2332; x_wconf 82' lang='lat' dir='ltr'>observabimus.</span> <span class='ocrx_word' id='word_1_306' title='bbox 461 2305 563 2333; x_wconf 84' lang='lat' dir='ltr'>nam</span> <span class='ocrx_word' id='word_1_307' title='bbox 583 2289 798 2346; x_wconf 85' lang='lat' dir='ltr'>ejusmodi</span> <span class='ocrx_word' id='word_1_308' title='bbox 818 2303 881 2330; x_wconf 90' lang='lat' dir='ltr'>res</span> <span class='ocrx_word' id='word_1_309' title='bbox 906 2298 949 2330; x_wconf 85' lang='lat' dir='ltr'>et</span> <span class='ocrx_word' id='word_1_310' title='bbox 968 2288 1177 2331; x_wconf 87' lang='lat' dir='ltr'>invidiam</span> <span class='ocrx_word' id='word_1_311' title='bbox 1200 2289 1463 2331; x_wconf 87' lang='lat' dir='ltr'>contrahunt</span> <span class='ocrx_word' id='word_1_312' title='bbox 1483 2290 1527 2331; x_wconf 87' lang='lat' dir='ltr'>in</span> 
     </span>
    </p>
   </div>
   <div class='ocr_carea' id='block_1_3' title="bbox 91 2435 1532 2902">
    <p class='ocr_par' dir='ltr' id='par_1_4' title="bbox 91 2435 1532 2731">
     <span class='ocr_line' id='line_1_39' title="bbox 133 2435 1025 2478; baseline -0.002 -10"><span class='ocrx_word' id='word_1_313' title='bbox 133 2438 173 2468; x_wconf 87' lang='lat'>83</span> <span class='ocrx_word' id='word_1_314' title='bbox 189 2435 305 2477; x_wconf 79' lang='lat' dir='ltr'>Simpl.</span> <span class='ocrx_word' id='word_1_315' title='bbox 320 2442 351 2468; x_wconf 80' lang='lat' dir='ltr'>et</span> <span class='ocrx_word' id='word_1_316' title='bbox 363 2438 566 2478; x_wconf 59' lang='lat' dir='ltr'>mansuetis]</span> <span class='ocrx_word' id='word_1_317' title='bbox 592 2437 644 2468; x_wconf 88' lang='lat' dir='ltr'>Sic</span> <span class='ocrx_word' id='word_1_318' title='bbox 666 2446 728 2467; x_wconf 84' lang='lat' dir='ltr'>scr.</span> <span class='ocrx_word' id='word_1_319' title='bbox 751 2439 785 2466; x_wconf 84' lang='lat' dir='ltr'>et</span> <span class='ocrx_word' id='word_1_320' title='bbox 828 2435 871 2466; x_wconf 85' lang='lat' dir='ltr'>tis</span> <span class='ocrx_word' id='word_1_321' title='bbox 887 2435 1025 2476; x_wconf 84' lang='lat' dir='ltr'>placeat.</span> 
     </span>
     <span class='ocr_line' id='line_1_40' title="bbox 91 2476 1530 2519; baseline 0.001 -10"><span class='ocrx_word' id='word_1_322' title='bbox 91 2476 162 2509; x_wconf 86' lang='lat' dir='ltr'>edd.</span> <span class='ocrx_word' id='word_1_323' title='bbox 193 2478 286 2510; x_wconf 90' lang='lat' dir='ltr'>Unus</span> <span class='ocrx_word' id='word_1_324' title='bbox 308 2479 476 2510; x_wconf 85' lang='lat' dir='ltr'>Leidensis</span> <span class='ocrx_word' id='word_1_325' title='bbox 495 2481 595 2510; x_wconf 86' lang='lat' dir='ltr'>habet</span> <span class='ocrx_word' id='word_1_326' title='bbox 609 2484 640 2510; x_wconf 78' lang='lat' dir='ltr'>ec</span> <span class='ocrx_word' id='word_1_327' title='bbox 651 2479 785 2519; x_wconf 70' lang='lat' dir='ltr'>omissis,</span> <span class='ocrx_word' id='word_1_328' title='bbox 872 2481 910 2509; x_wconf 81' lang='lat'>85</span> <span class='ocrx_word' id='word_1_329' title='bbox 925 2479 992 2509; x_wconf 76' lang='lat' dir='ltr'>Sed</span> <span class='ocrx_word' id='word_1_330' title='bbox 1015 2479 1079 2510; x_wconf 81' lang='lat' dir='ltr'>ista</span> <span class='ocrx_word' id='word_1_331' title='bbox 1101 2482 1211 2509; x_wconf 72' lang='lat' dir='ltr'>tamen</span> <span class='ocrx_word' id='word_1_332' title='bbox 1231 2479 1453 2518; x_wconf 62' lang='lat' dir='ltr'>amia—sitis,</span> <span class='ocrx_word' id='word_1_333' title='bbox 1475 2490 1530 2511; x_wconf 71' lang='lat' dir='ltr'>vos</span> 
     </span>
     <span class='ocr_line' id='line_1_41' title="bbox 92 2520 1530 2561; baseline 0.002 -11"><span class='ocrx_word' id='word_1_334' title='bbox 92 2520 114 2550; x_wconf 88' lang='lat' dir='ltr'>i.</span> <span class='ocrx_word' id='word_1_335' title='bbox 126 2531 155 2552; x_wconf 87' lang='lat' dir='ltr'>e.</span> <span class='ocrx_word' id='word_1_336' title='bbox 169 2521 423 2561; x_wconf 81' lang='lat' dir='ltr'>negligentibus,</span> <span class='ocrx_word' id='word_1_337' title='bbox 440 2527 475 2553; x_wconf 89' lang='lat' dir='ltr'>et</span> <span class='ocrx_word' id='word_1_338' title='bbox 488 2523 606 2553; x_wconf 77' lang='lat' dir='ltr'>lentis:</span> <span class='ocrx_word' id='word_1_339' title='bbox 636 2521 722 2561; x_wconf 89' lang='lat' dir='ltr'>quod</span> <span class='ocrx_word' id='word_1_340' title='bbox 736 2527 786 2552; x_wconf 87' lang='lat' dir='ltr'>est</span> <span class='ocrx_word' id='word_1_341' title='bbox 830 2530 880 2552; x_wconf 77' lang='lat' dir='ltr'>me</span> <span class='ocrx_word' id='word_1_342' title='bbox 888 2521 1071 2560; x_wconf 66' lang='lat' dir='ltr'>privastis]</span> <span class='ocrx_word' id='word_1_343' title='bbox 1098 2521 1149 2551; x_wconf 82' lang='lat' dir='ltr'>Sic</span> <span class='ocrx_word' id='word_1_344' title='bbox 1165 2521 1217 2552; x_wconf 85' lang='lat' dir='ltr'>hic</span> <span class='ocrx_word' id='word_1_345' title='bbox 1236 2522 1328 2552; x_wconf 89' lang='lat' dir='ltr'>locus</span> <span class='ocrx_word' id='word_1_346' title='bbox 1348 2531 1397 2552; x_wconf 82' lang='lat' dir='ltr'>est</span> <span class='ocrx_word' id='word_1_347' title='bbox 1412 2523 1446 2553; x_wconf 85' lang='lat' dir='ltr'>in</span> <span class='ocrx_word' id='word_1_348' title='bbox 1460 2523 1530 2553; x_wconf 77' lang='lat' dir='ltr'>vul-</span> 
     </span>
     <span class='ocr_line' id='line_1_42' title="bbox 91 2562 1529 2604; baseline 0.001 -11"><span class='ocrx_word' id='word_1_349' title='bbox 91 2562 328 2594; x_wconf 86' lang='lat' dir='ltr'>Terentianum</span> <span class='ocrx_word' id='word_1_350' title='bbox 340 2565 474 2595; x_wconf 83' lang='lat' dir='ltr'>verbum</span> <span class='ocrx_word' id='word_1_351' title='bbox 489 2570 522 2595; x_wconf 87' lang='lat' dir='ltr'>et</span> <span class='ocrx_word' id='word_1_352' title='bbox 534 2564 744 2604; x_wconf 82' lang='lat' dir='ltr'>exquisitum,</span> <span class='ocrx_word' id='word_1_353' title='bbox 757 2569 791 2595; x_wconf 86' lang='lat' dir='ltr'>et</span> <span class='ocrx_word' id='word_1_354' title='bbox 834 2564 934 2604; x_wconf 83' lang='lat' dir='ltr'>gatis:</span> <span class='ocrx_word' id='word_1_355' title='bbox 959 2568 994 2594; x_wconf 85' lang='lat' dir='ltr'>at</span> <span class='ocrx_word' id='word_1_356' title='bbox 1016 2563 1051 2593; x_wconf 90' lang='lat' dir='ltr'>in</span> <span class='ocrx_word' id='word_1_357' title='bbox 1073 2563 1152 2593; x_wconf 75' lang='lat' dir='ltr'>Mss.</span> <span class='ocrx_word' id='word_1_358' title='bbox 1175 2564 1322 2604; x_wconf 85' lang='lat' dir='ltr'>pluribus</span> <span class='ocrx_word' id='word_1_359' title='bbox 1336 2569 1370 2595; x_wconf 85' lang='lat' dir='ltr'>et</span> <span class='ocrx_word' id='word_1_360' title='bbox 1386 2565 1529 2595; x_wconf 86' lang='lat' dir='ltr'>meliori-</span> 
     </span>
     <span class='ocr_line' id='line_1_43' title="bbox 92 2604 1530 2647; baseline 0.003 -14"><span class='ocrx_word' id='word_1_361' title='bbox 92 2604 185 2635; x_wconf 85' lang='lat' dir='ltr'>valde</span> <span class='ocrx_word' id='word_1_362' title='bbox 209 2605 242 2636; x_wconf 87' lang='lat' dir='ltr'>h.</span> <span class='ocrx_word' id='word_1_363' title='bbox 266 2605 289 2636; x_wconf 93' lang='lat' dir='ltr'>l.</span> <span class='ocrx_word' id='word_1_364' title='bbox 309 2612 434 2647; x_wconf 83' lang='lat' dir='ltr'>aptum.</span> <span class='ocrx_word' id='word_1_365' title='bbox 463 2607 535 2638; x_wconf 88' lang='lat' dir='ltr'>Nec</span> <span class='ocrx_word' id='word_1_366' title='bbox 558 2607 591 2637; x_wconf 89' lang='lat' dir='ltr'>id</span> <span class='ocrx_word' id='word_1_367' title='bbox 615 2617 635 2636; x_wconf 89' lang='lat' dir='ltr'>a</span> <span class='ocrx_word' id='word_1_368' title='bbox 658 2606 791 2637; x_wconf 85' lang='lat' dir='ltr'>librario</span> <span class='ocrx_word' id='word_1_369' title='bbox 833 2607 907 2642; x_wconf 85' lang='lat' dir='ltr'>buS,</span> <span class='ocrx_word' id='word_1_370' title='bbox 930 2606 1030 2637; x_wconf 86' lang='lat' dir='ltr'>etiam</span> <span class='ocrx_word' id='word_1_371' title='bbox 1057 2605 1147 2645; x_wconf 80' lang='lat' dir='ltr'>Lips.</span> <span class='ocrx_word' id='word_1_372' title='bbox 1170 2612 1204 2636; x_wconf 88' lang='lat' dir='ltr'>et</span> <span class='ocrx_word' id='word_1_373' title='bbox 1226 2606 1297 2637; x_wconf 81' lang='lat' dir='ltr'>edd.</span> <span class='ocrx_word' id='word_1_374' title='bbox 1319 2617 1367 2647; x_wconf 87' lang='lat' dir='ltr'>pr.</span> <span class='ocrx_word' id='word_1_375' title='bbox 1383 2612 1421 2637; x_wconf 89' lang='lat' dir='ltr'>ut</span> <span class='ocrx_word' id='word_1_376' title='bbox 1439 2610 1530 2641; x_wconf 76' lang='lat'><strong>1474.</strong></span> 
     </span>
     <span class='ocr_line' id='line_1_44' title="bbox 92 2648 1530 2689; baseline 0.001 -12"><span class='ocrx_word' id='word_1_377' title='bbox 92 2651 210 2678; x_wconf 84' lang='lat' dir='ltr'>natum</span> <span class='ocrx_word' id='word_1_378' title='bbox 230 2657 298 2678; x_wconf 86' lang='lat' dir='ltr'>esse</span> <span class='ocrx_word' id='word_1_379' title='bbox 311 2654 433 2689; x_wconf 85' lang='lat' dir='ltr'>potest,</span> <span class='ocrx_word' id='word_1_380' title='bbox 448 2653 490 2680; x_wconf 84' lang='lat' dir='ltr'>ut</span> <span class='ocrx_word' id='word_1_381' title='bbox 501 2650 584 2680; x_wconf 84' lang='lat' dir='ltr'>bene</span> <span class='ocrx_word' id='word_1_382' title='bbox 599 2648 792 2679; x_wconf 87' lang='lat' dir='ltr'>Oudendor-</span> <span class='ocrx_word' id='word_1_383' title='bbox 834 2648 922 2678; x_wconf 83' lang='lat' dir='ltr'>Med.</span> <span class='ocrx_word' id='word_1_384' title='bbox 950 2658 997 2688; x_wconf 86' lang='lat' dir='ltr'>pr.</span> <span class='ocrx_word' id='word_1_385' title='bbox 1018 2648 1151 2678; x_wconf 89' lang='lat' dir='ltr'>Omnib.</span> <span class='ocrx_word' id='word_1_386' title='bbox 1174 2648 1262 2679; x_wconf 90' lang='lat' dir='ltr'>Med.</span> <span class='ocrx_word' id='word_1_387' title='bbox 1286 2659 1349 2679; x_wconf 86' lang='lat' dir='ltr'>sec.</span> <span class='ocrx_word' id='word_1_388' title='bbox 1372 2650 1390 2679; x_wconf 70' lang='lat' dir='ltr'>‚J</span> <span class='ocrx_word' id='word_1_389' title='bbox 1396 2654 1468 2679; x_wconf 90' lang='lat' dir='ltr'>unt.</span> <span class='ocrx_word' id='word_1_390' title='bbox 1485 2650 1530 2680; x_wconf 82' lang='lat' dir='ltr'>sic</span> 
     </span>
     <span class='ocr_line' id='line_1_45' title="bbox 93 2688 1532 2731; baseline 0.003 -13"><span class='ocrx_word' id='word_1_391' title='bbox 93 2688 166 2728; x_wconf 88' lang='lat' dir='ltr'>pius</span> <span class='ocrx_word' id='word_1_392' title='bbox 171 2688 311 2728; x_wconf 86' lang='lat' dir='ltr'>judicat.</span> <span class='ocrx_word' id='word_1_393' title='bbox 835 2696 897 2727; x_wconf 88' lang='lat' dir='ltr'>est,</span> <span class='ocrx_word' id='word_1_394' title='bbox 911 2695 949 2721; x_wconf 90' lang='lat' dir='ltr'>ut</span> <span class='ocrx_word' id='word_1_395' title='bbox 963 2689 1062 2720; x_wconf 86' lang='lat' dir='ltr'>edidi:</span> <span class='ocrx_word' id='word_1_396' title='bbox 1080 2700 1181 2729; x_wconf 88' lang='lat' dir='ltr'>eaque</span> <span class='ocrx_word' id='word_1_397' title='bbox 1193 2697 1243 2721; x_wconf 85' lang='lat' dir='ltr'>est</span> <span class='ocrx_word' id='word_1_398' title='bbox 1254 2691 1404 2731; x_wconf 81' lang='lat' dir='ltr'>legitima</span> <span class='ocrx_word' id='word_1_399' title='bbox 1417 2696 1451 2722; x_wconf 89' lang='lat' dir='ltr'>et</span> <span class='ocrx_word' id='word_1_400' title='bbox 1466 2693 1532 2722; x_wconf 87' lang='lat' dir='ltr'>usi-</span> 
     </span>
    </p>

    <p class='ocr_par' dir='ltr' id='par_1_5' title="bbox 91 2730 1532 2902">
     <span class='ocr_line' id='line_1_46' title="bbox 135 2730 1531 2774; baseline 0.001 -13"><span class='ocrx_word' id='word_1_401' title='bbox 135 2732 176 2762; x_wconf 80' lang='grc'>84</span> <span class='ocrx_word' id='word_1_402' title='bbox 192 2730 351 2772; x_wconf 42' lang='lat' dir='ltr'>Stultitia,</span> <span class='ocrx_word' id='word_1_403' title='bbox 359 2737 482 2771; x_wconf 79' lang='lat' dir='ltr'>vestra,</span> <span class='ocrx_word' id='word_1_404' title='bbox 490 2734 537 2771; x_wconf 84' lang='lat' dir='ltr'>id,</span> <span class='ocrx_word' id='word_1_405' title='bbox 547 2734 630 2774; x_wconf 80' lang='lat' dir='ltr'>quod</span> <span class='ocrx_word' id='word_1_406' title='bbox 644 2733 717 2774; x_wconf 87' lang='lat' dir='ltr'>&amp;c.]</span> <span class='ocrx_word' id='word_1_407' title='bbox 736 2734 788 2764; x_wconf 87' lang='lat' dir='ltr'>Sic</span> <span class='ocrx_word' id='word_1_408' title='bbox 831 2738 905 2763; x_wconf 82' lang='lat' dir='ltr'>tata</span> <span class='ocrx_word' id='word_1_409' title='bbox 922 2733 957 2762; x_wconf 92' lang='lat' dir='ltr'>in</span> <span class='ocrx_word' id='word_1_410' title='bbox 971 2732 1033 2762; x_wconf 86' lang='lat' dir='ltr'>hoc</span> <span class='ocrx_word' id='word_1_411' title='bbox 1053 2742 1171 2771; x_wconf 82' lang='lat' dir='ltr'>genere</span> <span class='ocrx_word' id='word_1_412' title='bbox 1189 2733 1306 2764; x_wconf 86' lang='lat' dir='ltr'>forma.</span> <span class='ocrx_word' id='word_1_413' title='bbox 1349 2733 1531 2772; x_wconf 78' lang='lat' dir='ltr'>Vulgatum</span> 
     </span>
     <span class='ocr_line' id='line_1_47' title="bbox 91 2771 1532 2816; baseline 0.002 -14"><span class='ocrx_word' id='word_1_414' title='bbox 91 2771 181 2803; x_wconf 88' lang='lat' dir='ltr'>hunc</span> <span class='ocrx_word' id='word_1_415' title='bbox 199 2772 307 2804; x_wconf 88' lang='lat' dir='ltr'>locum</span> <span class='ocrx_word' id='word_1_416' title='bbox 324 2774 459 2806; x_wconf 90' lang='lat' dir='ltr'>ducibus</span> <span class='ocrx_word' id='word_1_417' title='bbox 475 2776 566 2806; x_wconf 84' lang='lat' dir='ltr'>libris</span> <span class='ocrx_word' id='word_1_418' title='bbox 585 2785 647 2806; x_wconf 87' lang='lat' dir='ltr'>ser.</span> <span class='ocrx_word' id='word_1_419' title='bbox 664 2780 699 2806; x_wconf 88' lang='lat' dir='ltr'>et</span> <span class='ocrx_word' id='word_1_420' title='bbox 718 2776 790 2806; x_wconf 88' lang='lat' dir='ltr'>edd.</span> <span class='ocrx_word' id='word_1_421' title='bbox 832 2776 958 2816; x_wconf 88' lang='lat' dir='ltr'>primus</span> <span class='ocrx_word' id='word_1_422' title='bbox 980 2774 1069 2805; x_wconf 84' lang='lat' dir='ltr'>dedit</span> <span class='ocrx_word' id='word_1_423' title='bbox 1089 2774 1209 2814; x_wconf 51' lang='lat' dir='ltr'>Aldu„</span> <span class='ocrx_word' id='word_1_424' title='bbox 1233 2776 1289 2805; x_wconf 85' lang='lat' dir='ltr'>sed</span> <span class='ocrx_word' id='word_1_425' title='bbox 1310 2786 1328 2806; x_wconf 91' lang='lat' dir='ltr'>e</span> <span class='ocrx_word' id='word_1_426' title='bbox 1342 2776 1471 2815; x_wconf 84' lang='lat' dir='ltr'>scriptis</span> <span class='ocrx_word' id='word_1_427' title='bbox 1492 2776 1532 2805; x_wconf 86' lang='lat' dir='ltr'>li-</span> 
     </span>
     <span class='ocr_line' id='line_1_48' title="bbox 93 2815 1490 2858; baseline 0.004 -15"><span class='ocrx_word' id='word_1_428' title='bbox 93 2818 173 2845; x_wconf 83' lang='lat' dir='ltr'>vett.</span> <span class='ocrx_word' id='word_1_429' title='bbox 189 2815 390 2854; x_wconf 81' lang='lat' dir='ltr'>refluximus,</span> <span class='ocrx_word' id='word_1_430' title='bbox 412 2828 452 2848; x_wconf 83' lang='lat' dir='ltr'>ex</span> <span class='ocrx_word' id='word_1_431' title='bbox 467 2818 602 2858; x_wconf 85' lang='lat' dir='ltr'>vulgato</span> <span class='ocrx_word' id='word_1_432' title='bbox 624 2822 664 2848; x_wconf 83' lang='lat' dir='ltr'>st.</span> <span class='ocrx_word' id='word_1_433' title='bbox 685 2828 715 2847; x_wconf 86' lang='lat' dir='ltr'>v.</span> <span class='ocrx_word' id='word_1_434' title='bbox 731 2823 790 2855; x_wconf 81' lang='lat' dir='ltr'>est,</span> <span class='ocrx_word' id='word_1_435' title='bbox 833 2818 914 2848; x_wconf 83' lang='lat' dir='ltr'>bris:</span> <span class='ocrx_word' id='word_1_436' title='bbox 939 2826 1016 2848; x_wconf 81' lang='lat' dir='ltr'>nam</span> <span class='ocrx_word' id='word_1_437' title='bbox 1031 2817 1129 2858; x_wconf 81' lang='lat' dir='ltr'>plane</span> <span class='ocrx_word' id='word_1_438' title='bbox 1143 2818 1188 2848; x_wconf 78' lang='lat' dir='ltr'>sic</span> <span class='ocrx_word' id='word_1_439' title='bbox 1203 2822 1253 2849; x_wconf 73' lang='lat' dir='ltr'>est</span> <span class='ocrx_word' id='word_1_440' title='bbox 1268 2818 1301 2848; x_wconf 87' lang='lat' dir='ltr'>in</span> <span class='ocrx_word' id='word_1_441' title='bbox 1318 2818 1380 2848; x_wconf 86' lang='lat' dir='ltr'>Ms.</span> <span class='ocrx_word' id='word_1_442' title='bbox 1398 2818 1490 2848; x_wconf 71' lang='lat' dir='ltr'>(ort.</span> 
     </span>
     <span class='ocr_line' id='line_1_49' title="bbox 91 2857 790 2902; baseline 0.009 -16"><span class='ocrx_word' id='word_1_443' title='bbox 91 2857 159 2896; x_wconf 76' lang='lat' dir='ltr'>qui,</span> <span class='ocrx_word' id='word_1_444' title='bbox 175 2858 259 2897; x_wconf 80' lang='lat' dir='ltr'>quod</span> <span class='ocrx_word' id='word_1_445' title='bbox 269 2863 358 2890; x_wconf 77' lang='lat' dir='ltr'>erat.-</span> <span class='ocrx_word' id='word_1_446' title='bbox 380 2859 466 2900; x_wconf 85' lang='lat' dir='ltr'>quod</span> <span class='ocrx_word' id='word_1_447' title='bbox 480 2860 604 2892; x_wconf 83' lang='lat' dir='ltr'>nemini</span> <span class='ocrx_word' id='word_1_448' title='bbox 619 2860 726 2902; x_wconf 82' lang='lat' dir='ltr'>perito</span> <span class='ocrx_word' id='word_1_449' title='bbox 740 2869 790 2893; x_wconf 86' lang='lat' dir='ltr'>sa—</span> 
     </span>
    </p>
   </div>
   <div class='ocr_carea' id='block_1_4' title="bbox 830 2918 906 2956">
    <p class='ocr_par' dir='ltr' id='par_1_6' title="bbox 830 2918 906 2956">
     <span class='ocr_line' id='line_1_50' title="bbox 830 2918 906 2956; baseline -0.013 0"><span class='ocrx_word' id='word_1_450' title='bbox 830 2918 906 2956; x_wconf 78' lang='grc'>113</span> 
     </span>
    </p>
   </div>
  </div>
 </body>
</html>
