1945 3235
683 145 968 186 BRUTUS.
1474 143 1552 186 481

101 249 176 293 sed
207 264 347 307 neque
369 249 527 294 laboris
558 250 700 304 multi,
730 266 812 293 nec
849 250 952 291 satis
988 257 1180 290 versatus
1213 248 1256 292 in
1291 251 1455 305 causis3
1487 252 1555 295 ina

102 308 397 365 terjectusque
428 311 539 351 inter
568 310 674 351 duas
709 319 874 359 aetateS‚
906 307 1132 348 Hortensii
1168 317 1211 347 et
1241 309 1438 365 Sulpicii,
1472 325 1554 364 nec

101 366 314 421 majorem
344 368 550 424 consequi
582 377 767 424 poterat,
791 377 834 407 et
868 365 1026 406 minori
1059 378 1233 405 necesse
1266 368 1553 410 erat-cedere.

107 422 255 479 Hujus
290 426 430 465 omnis
466 425 647 467 facultas
684 439 739 465 ex
770 423 951 464 historia
988 423 1122 478 ipsius
1164 424 1350 478 perspici
1385 434 1554 480 potest:

104 496 203 536 quae
237 497 336 524 cum
370 482 497 524 facile
529 496 678 523 omnes
712 482 859 523 vincat
889 481 1144 537 superioreS,
1176 489 1267 520 tum
1295 481 1460 522 indicat
1489 492 1554 524 ta-

101 552 217 591 men,
240 549 450 595 quantum
484 540 598 580 absit
633 555 658 580 a
693 553 878 589 summo,
915 552 1131 594 quamque
1164 552 1299 594 genus
1334 538 1417 579 hoc
1450 542 1555 580 scri-

103 596 268 652 ptionis
296 598 488 638 nondum
516 597 572 637 sit
593 597 695 637 satis
729 597 895 638 Latinis
918 597 1072 637 litteris
1100 595 1375 637 illustratum.
1438 596 1554 638 Nam

107 653 165 700 Q.
189 654 415 695 Hortensii
445 654 681 695 admodum
712 654 998 696 adolescentis
1030 655 1270 710 ingenium,
1302 663 1350 695 ut
1381 653 1552 696 Phidiae

105 711 293 767 signum,
318 711 445 752 simul
477 712 731 768 adspectum
759 723 803 753 et
836 713 1065 768 probatum
1097 721 1176 752 est.
1237 711 1296 763 Is,
1321 712 1371 753 L.
1395 711 1552 754 Crasso
1564 714 1642 751 229

105 768 164 815 Q.
186 768 383 810 Scaevola
413 770 680 822 consulibus,
711 771 899 827 primum
932 770 976 810 in
1000 769 1095 810 foro
1117 769 1245 821 dixit,
1269 779 1312 810 et
1335 770 1450 826 apud
1471 770 1552 812 hos

103 825 221 881 ipsos
248 826 425 881 quidem
458 828 670 879 consules,
700 838 745 869 et
776 843 874 869 cum
899 842 1063 879 eorum,
1091 827 1164 882 qui
1199 827 1429 880 affuerunt,
1462 838 1573 871 tum·

100 882 295 938 ipsorum
317 885 558 936 consulum,
581 887 654 941 qui
687 900 836 927 omnes
858 885 1148 942 intelligentia
1178 886 1418 937 anteibant,
1434 886 1556 942 judi-

101 940 172 981 cio
204 941 401 983 discessit
435 944 658 998 probatus.
718 944 1008 999 Undeviginti
1045 958 1180 983 annos
1219 954 1345 984 natus
1379 954 1470 984 erat
1503 959 1556 986 eo

104 1009 314 1055 tempore.
392 999 471 1041 Est
503 1011 648 1042 autem
684 1002 732 1044 L.
774 1001 926 1043 Paullo
967 1000 1019 1042 C.
1055 1000 1266 1041 Marcello
1305 1002 1556 1044 consulibus

99 1066 322 1098 mortuus:
345 1072 400 1098 ex
423 1073 510 1114 quo
532 1059 742 1111 videmus,
763 1075 861 1101 eum
893 1060 938 1100 in
962 1068 1245 1115 patronorum
1267 1074 1449 1101 numero
1480 1075 1556 1101 an-

101 1128 182 1155 nos
205 1124 391 1170 quatuor
412 1126 455 1156 et
483 1117 772 1173 quadraginta
802 1117 948 1158 fuisse.
1003 1116 1104 1157 Hoc
1132 1117 1184 1158 de
1207 1128 1377 1158 oratore
1412 1117 1557 1174 paullo

101 1181 202 1228 post
240 1173 364 1229 plura
395 1173 603 1216 dicemus.
635 1175 719 1216 hoc
757 1185 904 1216 autem
934 1174 1032 1215 loco
1064 1173 1278 1215 voluimus
1323 1178 1556 1217 4laetatem

103 1230 197 1285 ejus
220 1230 262 1271 in
284 1231 499 1287 disparem
519 1242 736 1274 oratorum
759 1243 932 1274 aetatem
953 1232 1197 1274 includere:
1230 1248 1492 1289 quamquam
1512 1233 1558 1275 id

101 1287 281 1343 quidem
301 1289 504 1330 omnibus
528 1305 605 1331 usu
629 1291 776 1332 venire
793 1305 966 1332 necesse
989 1290 1088 1342 fuit,
1117 1291 1275 1345 quibus
1298 1292 1442 1348 paullo
1461 1292 1557 1333 lon-

103 1346 202 1401 gior
224 1346 314 1387 vita
344 1347 548 1404 contigit,
570 1358 617 1389 ut
639 1358 683 1390 et
713 1363 812 1390 cum
846 1349 985 1389 multo
1017 1349 1257 1403 majoribus
1279 1358 1400 1402 natu,
1424 1364 1557 1405 quam

103 1412 247 1444 essent
281 1404 379 1460 ipsi,
419 1414 462 1445 et
497 1420 597 1447 cum
639 1407 863 1463 aliquanto
900 1407 1143 1447 minoribus
1185 1417 1554 1464 compararentur.

102 1459 165 1501 Ut
187 1459 350 1513 Attius,
369 1462 522 1504 iisdem
545 1464 758 1517 aedilibus,
782 1465 856 1516 ait,
875 1479 919 1505 se
940 1474 984 1506 et
1008 1463 1250 1505 Pacuvium
1269 1466 1467 1507 docuisse
1491 1465 1557 1506 fa-

102 1517 262 1569 bulam,
285 1534 385 1560 cum
407 1520 477 1561 ille
499 1522 741 1578 octoginta,
773 1523 866 1579 ipse
900 1523 1081 1578 triginta
1110 1537 1245 1563 annos
1267 1536 1396 1565 natus
1417 1532 1529 1565 esset
1545 1540 1561 1566 :-

101 1575 164 1617 sic
192 1575 454 1619 Hortensius
484 1594 573 1620 non
604 1595 703 1621 cum
737 1583 823 1621 suis
858 1580 1096 1635 aequalibus
1128 1580 1282 1633 solum,
1301 1582 1374 1622 sed
1395 1592 1439 1623 et
1460 1583 1647 1623 mea230

102 1648 203 1675 cum
228 1643 371 1686 aetate,
395 1646 438 1676 et
468 1651 567 1677 cum
598 1646 687 1689 tua,
715 1638 863 1690 Brute,
886 1647 930 1678 et
961 1653 1060 1678 cum
1093 1637 1315 1693 aliquanto
1338 1640 1558 1696 superiore

100 1692 412 1748 conjungitur3
445 1694 657 1749 siquidem
677 1705 720 1736 et
736 1695 892 1737 Crasso
913 1695 1014 1736 vivo
1033 1696 1176 1737 dicere
1199 1696 1379 1749 solebat,
1402 1708 1446 1739 et
1469 1713 1560 1739 mae

104 1748 171 1804 gis
188 1749 284 1805 jam
306 1751 437 1791 etiam
469 1753 647 1808 vigebat
679 1769 778 1795 cum
801 1753 1014 1804 Antonio,
1038 1764 1082 1794 et
1111 1768 1210 1794 cum
1244 1754 1559 1812 Philippojam

105 1820 221 1858 sene,
245 1821 323 1862 pro
359 1808 443 1849 Cn.
477 1808 678 1867 Pompeii
710 1812 836 1853 bonis
867 1812 1054 1853 dicente.
1083 1812 1128 1852 in
1152 1812 1224 1853 illa
1252 1828 1381 1854 causa
1415 1814 1561 1855 adole-

105 1878 229 1906 scens
253 1880 353 1906 cum
375 1875 501 1918 esset,
534 1870 735 1926 princeps
770 1870 868 1921 fuit,
902 1879 945 1910 et
979 1869 1023 1910 in
1055 1884 1220 1922 eorum,
1243 1886 1351 1926 quos
1384 1872 1429 1912 in
1463 1871 1560 1913 Sul-

104 1921 211 1978 picii
232 1931 361 1964 aetate
384 1925 524 1980 posui,
546 1941 773 1968 numerum
805 1927 932 1968 facile
954 1937 1228 1983 pervenerat:
1262 1938 1306 1969 et
1328 1944 1426 1970 suos
1447 1930 1560 1971 inter

103 1980 290 2035 aequales
317 1980 384 2022 M.
411 1982 633 2036 Pisonem,
654 1984 721 2025 M.
747 1985 967 2036 Crassum,
990 1984 1072 2026 Cn.
1098 1985 1347 2038 Lentulum,
1373 1987 1423 2028 P.
1446 1987 1560 2028 Len-

102 2037 242 2078 tulum
275 2038 428 2080 Suram
450 2039 581 2097 longe
614 2044 842 2099 praestitit:
875 2052 919 2084 et
953 2057 1021 2084 me
1055 2043 1373 2086 adolescentem
1403 2054 1559 2087 nactus

103 2105 207 2137 octo
241 2097 365 2137 annis
399 2098 627 2151 minorem,
660 2115 790 2156 quarn
823 2109 915 2142 erat
948 2101 1055 2157 ipse,
1093 2101 1253 2143 multos
1284 2118 1419 2144 annos
1457 2103 1559 2145 42in

105 2153 250 2195 studio
272 2154 468 2209 ejusdem
500 2156 637 2199 laudis
669 2159 890 2201 exercuit:
922 2168 967 2199 et
998 2168 1142 2200 tecum
1174 2160 1316 2213 simul,
1339 2161 1451 2202 sicut
1472 2175 1557 2218 ego

104 2224 185 2266 pro
214 2212 377 2265 multis,
411 2213 473 2255 sic
503 2214 573 2256 ille
601 2230 681 2272 pro
710 2216 858 2274 Appio
893 2216 1078 2258 Claudio
1112 2217 1240 2270 dixit,
1274 2219 1420 2275 paullo
1455 2228 1557 2260 ante

98 2278 300 2311 mortem.
1539 2305 1543 2309 «
1613 2320 1637 2333 ..

164 2326 296 2368 Vides
318 2328 467 2386 igitur,
486 2338 535 2371 ut
556 2331 610 2372 ad
633 2339 674 2373 te
692 2340 923 2384 oratorem,
946 2330 1098 2384 Brute,
1114 2334 1450 2389 pervenerimus,
1463 2342 1552 2376 tam
1565 2315 1637 2370 60

101 2384 253 2426 multis
276 2386 388 2428 inter
420 2397 616 2430 nostrum
647 2398 858 2445 tuumque
886 2390 1062 2431 initium
1088 2391 1261 2432 dicendi
1286 2392 1640 2448 interpositis231

107 2443 379 2495 oratoribus?
409 2460 462 2487 ex
486 2446 658 2503 quibus,
681 2448 887 2504 quoniam
909 2447 953 2488 in
974 2447 1059 2489 hoc
1081 2462 1278 2503 sermone
1298 2459 1448 2491 nostro
1470 2460 1557 2491 sta·-

108 2498 172 2540 tui
202 2502 420 2545 neminem
440 2519 605 2557 eorum,
627 2506 702 2561 qui
728 2505 938 2558 viverent,
958 2507 1209 2560 nominare3
1239 2521 1294 2549 ne
1316 2522 1392 2549 vos
1414 2508 1558 2550 curio-

150 2653 188 2682 41
214 2656 343 2684 etatem
356 2653 441 2695 ejus]
459 2659 538 2686 ωας
558 2655 635 2686 huic
657 2656 731 2687 loco
746 2665 814 2687 non
856 2657 983 2688 factum
995 2667 1053 2698 per
1064 2658 1219 2689 viciniam
1232 2658 1326 2690 istius
1341 2660 1454 2691 verbi?

110 2693 193 2725 bene
209 2697 374 2727 convenit.
390 2707 459 2728 non
473 2699 563 2729 enim
586 2708 694 2730 sermo
708 2704 758 2730 est
773 2698 813 2730 de
897 2703 938 2731 42
967 2701 1003 2730 in
1026 2701 1132 2732 studio
1152 2711 1178 2732 e.
1201 2702 1223 2731 l.
1249 2703 1410 2742 ezereuit]
1444 2703 1560 2735 Rivius

110 2740 210 2767 aetate
223 2739 305 2778 ejus.
348 2739 377 2769 A
398 2740 482 2772 Ven.
505 2740 595 2772 Med.
618 2742 693 2773 Ald.
714 2742 812 2772 Junt.
854 2743 1167 2782 conjecitinstadio.
1182 2744 1306 2775 frustra
1319 2750 1353 2775 et
1368 2755 1435 2776 non
1449 2756 1560 2777 neces-

108 2779 202 2809 abest
225 2779 308 2820 ejus,
331 2781 480 2813 additum
505 2789 592 2825 post,
617 2794 730 2815 sensus
755 2795 810 2815 ex·
852 2786 938 2816 saria
960 2785 1000 2816 de
1020 2796 1129 2817 causa.
1174 2786 1220 2817 Et
1244 2787 1280 2817 in
1299 2788 1405 2818 stadio
1428 2789 1558 2829 proprie

109 2821 220 2861 plendi
236 2833 343 2854 causa.
385 2824 438 2855 An
451 2825 535 2857 fuit:
558 2828 722 2858 voluimus
735 2836 810 2858 eum
853 2837 920 2858 non
943 2834 1150 2867 exercentur,
1177 2829 1234 2860 sed
1253 2830 1425 2863 exercitati
1446 2831 1560 2863 decur-

107 2865 144 2894 ἐπ
167 2865 212 2901 d.,
235 2870 269 2895 et
284 2865 359 2898 inde
377 2872 507 2899 aetatem
528 2869 608 2901 vitio
629 2871 810 2902 scribarum
854 2875 934 2902 runt
950 2876 1118 2904 certantes
1133 2872 1173 2904 de
1186 2873 1334 2914 praernio.

168 2921 277 2949 vot..
301 2923 334 2950 1.
796 2926 810 2954 1
837 2911 852 2954 i
