1945 3235
280 1636 329 1670 54
344 1630 612 1671 brevitatem.

346 154 424 192 298

862 154 940 192 DE
977 155 1275 195 ORATORE

347 270 444 312 qnae
483 255 526 296 in
561 255 638 298 lite
674 257 888 309 dicuntur,
919 259 1183 317 objurgatio,
1219 260 1477 312 cohortatio,
1511 260 1778 304 consolatio:

346 327 528 368 quorum
550 313 658 355 nihil
676 324 754 365 est,
776 317 891 371 quod
914 331 998 358 non
1021 332 1187 359 summa
1206 318 1375 359 dicendi
1398 322 1649 360 ornamenta
1668 319 1780 360 desi-

346 371 489 412 deret:
521 371 594 413 sed
635 386 691 413 ex
728 373 910 414 artificio
949 388 1013 415 res
1051 375 1144 416 istae
1184 385 1400 432 praecepta
1442 389 1527 416 non
1565 383 1777 431 quaerunt.

350 427 497 479 Plane,
521 429 660 483 inquit
684 429 876 481 Catulus,
899 431 1120 473 assentior.
1429 452 1432 456 *

403 485 500 541 Age
536 500 652 536 vero,
692 487 831 541 inquit
868 487 1098 540 Antonius,
1135 488 1271 544 qualis
1312 488 1506 539 oratoris,
1547 495 1591 529 et
1630 488 1780 544 quanti

347 541 533 583 hominis
567 544 610 584 in
643 543 839 594 dicendo,
868 552 992 600 putas
1025 559 1129 597 esse,
1161 546 1381 586 historiam
1407 545 1711 597 scribere?·Si‚
1731 553 1782 587 ut

348 599 493 641 Graeci
512 601 784 656 scripserunt,
802 601 972 653 summi,
994 602 1135 657 inquit
1154 602 1358 645 Catulus:
1391 603 1424 643 si
1443 611 1489 644 ut
1504 603 1654 654 nostri,
1673 602 1781 644 nihil

347 671 454 712 opus
477 667 541 698 est
562 667 752 698 oratore:
786 658 887 698 satis
909 667 987 709 est,
1010 674 1095 701 non
1117 674 1206 700 esse
1228 661 1491 702 mendaeem.
1552 658 1703 715 Atqui,
1724 673 1780 701 ne

347 724 514 755 nostros
533 724 796 766 contemnem,
818 715 958 770 inquit
973 715 1203 767 Antonius,
1220 717 1364 759 Graeci
1383 731 1554 773 quoque
1573 717 1634 758 sic
1652 716 1778 758 initio

284 776 332 812 52
348 772 655 828 scriptitarunt,
678 781 725 812 ut
746 780 890 813 noster
912 772 1038 824 Cato,
1058 782 1105 814 ut
1128 773 1289 824 Pictor,
1312 783 1359 815 ut
1383 774 1498 815 Piso.
1543 773 1646 815 Erat
1662 773 1780 815 enim

345 828 524 870 historia
544 828 649 869 nihil
672 829 802 880 aliud,
833 829 914 870 nisi
936 830 1152 871 annalium
1174 830 1415 872 confectio:
1448 831 1570 887 cujus
1592 831 1667 882 rei,
1689 845 1780 872 me-

342 886 576 941 moriaeque
598 886 782 942 publicae
806 887 1042 928 retinendae
1069 903 1210 938 causa,
1232 889 1286 929 ab
1309 887 1433 929 initio
1455 903 1594 929 rerum
1618 887 1780 929 Roma-

342 957 491 983 narum
537 957 670 997 usque
703 943 754 984 ad
790 943 839 984 P.
876 943 1088 995 Mucium,
1126 945 1375 1000 pontificem
1421 945 1674 997 maximum,
1710 959 1775 986 res

342 1014 490 1040 omnes
512 1000 776 1056 singulorum
793 1015 1000 1042 annorum
1019 1001 1250 1042 mandabat
1263 1001 1413 1042 litteris
1428 1001 1623 1058 pontifex
1640 1001 1779 1043 maxi-

342 1071 452 1109 mus,
482 1057 823 1113 3‘lefferebatque
856 1059 898 1099 in
929 1058 1088 1110 album,
1119 1068 1163 1099 et
1191 1060 1460 1115 proponebat
1491 1059 1680 1100 tabulam
1703 1059 1779 1100 do-

343 1115 418 1164 mi,
449 1123 635 1170 potestas
669 1125 716 1155 ut
749 1125 859 1156 esset
889 1116 1047 1172 populo
1077 1116 1387 1172 eognoscendi3
1419 1118 1458 1146 33
1473 1116 1516 1167 ii,
1542 1115 1615 1172 qui
1647 1115 1779 1157 etiam

282 1180 330 1214 53
346 1186 458 1212 nunc
476 1171 646 1212 annales
667 1173 846 1213 maximi
864 1182 1152 1214 nominantur.
1187 1173 1314 1214 Hanc
1334 1172 1656 1214 similitudinem
1675 1173 1778 1214 scri-

345 1229 472 1270 bendi
506 1229 628 1270 multi
662 1229 795 1270 secuti
832 1239 945 1282 sunt,
981 1231 1053 1285 qui
1087 1231 1178 1271 sine
1210 1230 1304 1271 ullis
1337 1231 1598 1272 ornamentis
1625 1244 1779 1271 monu-

340 1296 487 1327 menta
514 1286 649 1327 solum
681 1296 936 1342 temporum,
969 1287 1207 1338 hominum,
1237 1288 1444 1339 locorum,
1476 1296 1779 1344 gestarumque

340 1357 480 1384 rerum
503 1343 777 1399 reliquerunt.
827 1344 978 1400 Itaque
999 1345 1134 1400 qualis
1156 1345 1471 1401 apud'Graecos
1493 1344 1777 1400 Pherecydes,

342 1399 608 1451 Hellanicus,
651 1400 845 1442 Acusilas
884 1402 981 1453 fuit,
1027 1402 1184 1457 aliique
1226 1401 1448 1457 permulti3
1496 1402 1592 1444 talis
1633 1409 1779 1446 noster

342 1457 469 1509 Cato,
490 1467 533 1498 et
557 1458 717 1508 Pictor,
740 1467 782 1499 et
806 1459 921 1511 Piso,
944 1459 1016 1515 qui
1040 1462 1177 1514 neque
1204 1467 1364 1510 tenent,
1386 1459 1541 1514 quibus
1560 1459 1686 1500 rebus
1708 1472 1777 1499 or-

339 1524 467 1555 natur
488 1515 639 1566 oratio,
662 1515 790 1556 modo
823 1516 937 1557 enim
969 1517 1052 1557 huc
1081 1516 1163 1556 ista
1195 1526 1294 1556 sunt
1321 1516 1565 1572 importata,
1593 1525 1651 1566 et,
1673 1515 1777 1556 dum

342 1572 620 1628 intelligatur,
650 1573 752 1628 quid
775 1573 935 1624 dicant,
959 1587 1087 1614 unam
1114 1573 1284 1614 dicendi
1313 1573 1481 1614 laudem
1510 1581 1665 1629 putant
1685 1585 1777 1612 esse

675 1629 915 1671 Paullulum
947 1645 990 1671 se
1022 1630 1174 1681 erexit,
1196 1639 1239 1670 et
1270 1630 1436 1671 addidit
1462 1630 1653 1671 historiae
1685 1643 1777 1670 ma-

334 1687 476 1742 jorem
499 1701 651 1727 sonum
675 1688 791 1728 vocis
809 1688 874 1728 vir
895 1688 1098 1744 optimuS,
1122 1687 1263 1728 Crassi
1281 1687 1515 1738 familiaris,
1531 1686 1776 1742 Antipater.

342 1744 471 1784 ceteri
494 1758 581 1785 non
612 1755 889 1786 exornatores
922 1759 1076 1796 rerum,
1099 1745 1172 1785 sed
1206 1744 1504 1785 tantummodo
1537 1753 1776 1785 narratores

263 1792 327 1840 13
344 1800 529 1842 fuerunt.
583 1800 673 1851 Est,
696 1802 837 1856 inquit
859 1802 1053 1853 Catulus,
1085 1810 1132 1842 ut
1153 1802 1275 1843 dicis.
1298 1802 1371 1843 sed
1393 1801 1472 1842 iste
1494 1801 1584 1858 ipse
1607 1800 1775 1842 Coelius

292 1859 479 1913 b·neque
508 1858 709 1899 distinxit
743 1859 965 1900 historiam
988 1862 1029 1890 34
1044 1859 1248 1900 varietate
1276 1859 1492 1911 locoru1n3
1522 1872 1660 1913 neque
1684 1871 1776 1899 ver-

340 1916 492 1956 borum
514 1915 812 1967 collocatione,
834 1926 877 1958 et
900 1925 1038 1958 tractu
1060 1917 1264 1958 orationis
1285 1916 1369 1957 leni
1394 1924 1437 1957 et
1458 1910 1658 1971 aeiluabili
1681 1929 1776 1971 per-

339 1972 494 2029 polivit
522 1972 625 2014 illud
657 1988 787 2029 opus3
820 1974 892 2015 sed
923 1983 972 2014 ut
1001 1974 1131 2014 homo
1158 1988 1296 2029 neque
1327 1973 1494 2025 doetus,
1524 1987 1662 2029 neque
1685 1987 1777 2013 ma-

340 2030 458 2071 xime
479 2039 603 2086 aptus
626 2030 679 2071 ad
697 2031 941 2082 dicendum,
965 2031 1075 2071 sicut
1094 2031 1249 2086 potuit,
1271 2030 1457 2071 dolavit:
1488 2029 1594 2070 vicit
1616 2037 1775 2079 tamen,

278 2092 328 2127 55
342 2094 389 2128 ut
416 2087 538 2137 dicis,
571 2087 823 2142 superiores.

885 2087 1071 2128 Minime
1107 2089 1278 2138 mirum,
1308 2087 1449 2142 inquit
1476 2086 1706 2136 Antonius,
1739 2085 1775 2126 si

340 2144 423 2185 ista
444 2158 509 2184 res
532 2144 672 2185 adhue
694 2153 840 2186 nostra
861 2145 1008 2201 lingua
1029 2144 1237 2185 illustrata
1259 2159 1342 2185 non
1366 2152 1444 2185 est.
1497 2144 1637 2184 Nemo
1659 2142 1775 2184 enim

339 2201 483 2242 studet
503 2201 760 2256 eloquentiae
783 2212 1027 2243 nostrorum
1050 2202 1289 2252 hominum,
1310 2202 1391 2242 nisi
1415 2209 1462 2242 ut
1484 2200 1527 2241 in
1549 2200 1688 2241 causis
1709 2208 1775 2240 at-

336 2273 421 2314 que
442 2259 485 2299 in
508 2258 602 2299 foro
624 2258 809 2300 eluceat:
842 2260 955 2315 apud
979 2259 1157 2300 Graecos
1179 2267 1323 2301 autem
1339 2257 1676 2313 eloquentissimi
1696 2256 1773 2298 ho-

336 2316 489 2368 mines,
519 2316 672 2357 remoti
703 2331 728 2357 a
753 2317 892 2357 causis
914 2316 1170 2368 forensibus,
1192 2331 1290 2358 cum
1323 2316 1376 2357 ad
1407 2324 1568 2356 ceteras
1590 2328 1655 2356 res
1676 2313 1772 2355 illu-

379 2441 420 2471 32
442 2438 658 2480 efferebutqne
679 2441 713 2470 in
735 2440 872 2481 album]
901 2440 1034 2471 Lambi-

338 2490 400 2511 nus
415 2492 497 2513 corr.
523 2482 744 2523 referebatque
770 2483 805 2513 in
828 2484 960 2521 album3
985 2493 1033 2513 re-

338 2531 453 2562 eteque
480 2525 596 2563 probat
624 2525 785 2555 Pearcius.
830 2527 863 2556 Si
889 2531 974 2556 esset
994 2526 1033 2556 de

338 2566 421 2601 albo,
438 2566 523 2605 quod
540 2566 679 2606 publice,
699 2567 731 2597 in
746 2568 817 2598 foro
834 2569 891 2598 &c.
915 2577 1032 2607 propo-

339 2614 485 2644 neretur,
501 2618 539 2637 eo
554 2609 704 2638 referrem
721 2608 885 2650 efferebat.
911 2609 972 2639 Sed
986 2615 1036 2640 ta-

340 2649 417 2680 bula
431 2649 500 2686 illa,
515 2650 550 2680 in
566 2661 629 2690 qua
642 2651 827 2691 scripserat,
852 2652 941 2682 domi
962 2662 1036 2692 pro-

338 2693 536 2732 ponebatur,
552 2693 585 2722 in
600 2694 685 2722 atrio
697 2693 767 2723 scil.

381 2736 420 2765 33
443 2735 480 2771 ii,
493 2735 547 2774 qui
562 2735 661 2764 etiam
674 2744 760 2765 nunc
776 2734 850 2774 διο]
884 2734 982 2765 Refer
995 2734 1036 2765 ad

339 2776 473 2806 annales
489 2777 663 2807 maximos:
689 2786 763 2807 nam
778 2778 973 2817 pronomina
994 2777 1034 2807 ad

338 2827 475 2857 sequens
503 2819 743 2848 substantivum
772 2819 978 2856 referuntnr;
1000 2825 1035 2849 et

339 2861 517 2891 sufficiebat
530 2862 584 2900 qui
594 2873 603 2889 .-
626 2860 681 2890 sed
693 2866 726 2891 et
737 2861 807 2891 aliis
823 2861 901 2891 locis
916 2870 1034 2901 prono-

339 2911 415 2933 men
428 2902 722 2935 demonstrativum
736 2903 781 2934 sic
795 2903 936 2934 additur.
973 2902 1034 2934 Ed.

1077 2450 1101 2470 s.
1116 2439 1139 2471 l.
1156 2444 1189 2471 et
1204 2451 1232 2470 a.
1249 2440 1299 2470 ed.
1314 2440 1403 2480 Lips.
1419 2439 1542 2470 habent
1558 2438 1663 2478 hique,
1685 2437 1780 2478 quod

1076 2483 1199 2523 recepit
1214 2483 1373 2513 Pearcius.
1389 2482 1442 2512 W.
1459 2482 1505 2518 hi,
1520 2482 1585 2521 qni.
1601 2484 1637 2510 at
1657 2480 1692 2511 in
1712 2480 1774 2511 liae

1075 2525 1142 2556 fere
1157 2534 1284 2565 semper
1302 2529 1351 2555 est
1374 2525 1407 2554 Izi
1421 2534 1479 2564 pro
1497 2524 1534 2553 iz'.
1577 2523 1630 2552 Sic
1651 2527 1726 2563 post
1743 2533 1773 2554 c.

1079 2570 1126 2598 15.
1141 2576 1198 2607 pro
1223 2567 1359 2606 denique
1377 2567 1406 2596 ei
1429 2565 1484 2605 qui
1500 2564 1676 2606 prqfitetur
1696 2574 1773 2602 esse,

1078 2609 1127 2640 ed.
1142 2610 1194 2639 W.
1210 2609 1307 2639 habet
1321 2609 1366 2646 Izi,
1383 2608 1448 2638 alia
1462 2609 1520 2637 his.

1120 2654 1161 2682 34
1183 2652 1343 2681 varietate
1385 2648 1554 2688 loom-um]
1601 2647 1772 2679 Interdum

1077 2694 1260 2733 suspicatus
1274 2702 1346 2722 sum
1361 2701 1488 2723 reram,·
1507 2691 1583 2730 quia
1594 2690 1773 2730 opponitur

1077 2736 1248 2766 verborum
1270 2735 1444 2770 collocatio,
1465 2737 1500 2763 et
1522 2736 1648 2762 tractus
1671 2733 1773 2763 orati-

1077 2779 1144 2807 onis
1159 2778 1216 2807 &e.
1229 2781 1302 2806 tum
1317 2776 1427 2816 paullo
1440 2782 1515 2816 post
1528 2774 1566 2805 de
1580 2774 1770 2815 Thucydide

1076 2824 1155 2849 sunt
1167 2829 1220 2849 res
1233 2824 1267 2849 et
1281 2819 1388 2849 verba.
1416 2818 1551 2848 Possum
1563 2818 1705 2847 locorum
1715 2825 1772 2846 ex-

1076 2861 1210 2901 plicare,
1238 2869 1357 2900 genera
1384 2863 1668 2900 argumentorum,
1697 2866 1774 2897 quae

1077 2907 1268 2936 narrantur:
1289 2903 1345 2934 sed
1360 2908 1471 2935 tamen
1486 2910 1536 2933 res
1547 2904 1596 2932 est
1610 2903 1772 2941 suspecta.
