1945 3235
561 119 750 160 LIBER
787 119 1090 160 QUARTUS.
1503 116 1556 160 ¹75

109 241 165 270 ex
186 225 327 269 alieno
358 233 536 284 peccato
558 224 719 280 injuria
748 221 1124 280 pervenit3l1ujus
1155 220 1324 262 sceleris
1351 235 1426 277 qul
1455 231 1556 262 sunt

50 289 60 301 “
106 284 272 337 affines,
294 300 380 326 uno
399 282 579 325 consilio
598 281 808 323 universis
827 281 995 322 civibus
1019 278 1309 320 atrocissimas
1333 278 1554 319 calamita·

111 351 175 383 tes
196 342 509 384 machinantur.
572 339 612 381 O
633 339 745 380 feros
765 338 956 380 animos!
980 352 1006 378 o
1026 335 1218 378 crudeles
1232 336 1521 391 cogitatio-nes
1538 336 1547 379 Ξ

107 413 134 440 o
162 399 388 441 derelictos
420 397 615 439 homines
647 397 702 438 ab
735 395 1029 437 humanitate!
1063 396 1102 424 53
1116 393 1190 448 qui
1225 392 1269 434 id
1299 406 1428 447 agere
1457 392 1551 433 ausi

107 467 221 508 sunt,
241 467 315 498 aut
332 456 524 513 cogitare
547 462 796 511 potuerunt,
819 467 905 508 quo
929 461 1058 508 pacto
1081 450 1242 501 hosteS‚
1264 448 1442 491 revulsis
1462 464 1554 490 ma-

98 513 249 570 jorum
281 513 531 570 sepulchris,
562 511 743 567 dejectis
774 510 1012 562 moenibus,
1047 517 1226 549 ovantes
1265 506 1477 548 irruerent
1506 507 1552 548 in

104 571 351 613 civitatem:
384 585 470 626 quo
500 569 631 610 modo
661 568 792 610 desim
825 566 996 623 templis
1026 565 1236 622 spoliatis,
1264 564 1553 621 optimatibus

106 628 347 679 trucidatis,
371 630 412 658 54
425 626 518 668 aliis
552 626 743 683 abreptis
776 619 821 666 in
853 624 1121 674 servitutem,
1149 621 1551 664 matribusfamilias

103 694 148 727 et
168 684 366 742 ingenuis
389 685 469 726 sub
490 684 692 727 hostilem
710 683 937 724 libidinem
957 681 1181 737 subjectis,
1203 681 1306 721 urbs
1325 678 1554 720 acerbissi—

103 756 178 785 mo
199 746 238 774 5⁵
251 742 454 784 concidat
467 741 669 783 incendio
689 740 1022 797 [conflagrata]:
1046 739 1120 795 qui
1136 752 1281 779 senon
1302 745 1471 793 putant,
1492 735 1552 789 id,

100 799 217 855 quod
239 799 469 851 voluerint,
488 800 541 841 ad
568 799 736 841 exitum
768 797 1036 854 perduxisse,
1060 795 1143 837 nisi
1167 794 1453 836 sanctissimae
1476 809 1552 851 pa-

97 857 193 898 triae
215 857 506 899 miserandum
526 857 718 898 scelerati
740 855 927 897 viderint
949 855 1152 897 cinerem.
1205 852 1388 908 Nequeo
1409 852 1552 894 verbis

96 916 319 971 consequi,
334 915 522 971 judices,
545 915 851 971 indignitatem
870 913 954 955 rei:
978 912 1051 954 sed
1070 910 1363 968 negligentius
1378 909 1421 951 id
1441 908 1550 961 fero,

97 972 200 1028 quia
220 987 297 1014 vos
316 973 401 1014 mei
424 973 465 1004 56
478 987 565 1014 non
587 972 738 1028 egetis.
800 971 953 1012 Vester
975 970 1092 1012 enim
1111 984 1187 1011 vos
1207 968 1377 1010 animus
1400 982 1551 1008 aman-

98 1030 288 1071 tissimus
311 1031 564 1087 reipublicae
587 1029 713 1071 facile
734 1028 902 1080 edocet,
924 1038 973 1070 ut
1003 1042 1117 1079 eum,
1140 1026 1214 1082 qui
1238 1025 1433 1067 fortunas
1456 1039 1551 1066 om-

95 1087 218 1129 nium
240 1087 426 1130 voluerit
447 1088 642 1144 prodere,
662 1090 700 1121 57
716 1087 987 1143 praecipitem
1011 1084 1275 1141 proturbetis
1294 1098 1350 1124 ex
1369 1098 1419 1124 ea
1441 1081 1549 1124 civi-

96 1153 199 1196 tate,
221 1160 352 1201 quam
379 1146 460 1187 iste
496 1142 872 1202 spurcissimorum
902 1142 1096 1184 hostium
1117 1140 1344 1183 dominatu
1378 1139 1545 1182 nefario

96 1202 282 1244 voluerit
303 1204 499 1245 obruere.

155 1259 208 1301 In
230 1260 437 1302 mediocri
461 1260 603 1317 figura
621 1258 863 1301 versabitur
883 1258 1037 1309 oratio,
1062 1257 1095 1298 si
1118 1255 1230 1307 haec,
1249 1263 1298 1297 ut
1316 1262 1417 1297 ante
1434 1254 1543 1307 dixi,
1557 1260 1593 1315 9

94 1316 408 1373 aliquantulum
430 1316 743 1368 demiserimus,
763 1331 902 1372 neque
917 1324 1061 1358 tamen
1074 1314 1128 1355 ad
1149 1314 1347 1355 infimum
1367 1312 1543 1354 descen·
1559 1333 1606 1366 13

94 1374 297 1426 dei-imus,
321 1375 407 1418 sic:
432 1379 471 1407 58
488 1374 763 1422 Quibuscum
797 1374 957 1421 bellum
979 1373 1184 1430 gerimuS,
1212 1371 1401 1427 judiees,
1423 1369 1543 1412 vide-

92 1432 172 1484 tis;
195 1446 294 1473 cum
317 1432 462 1484 sociis,
483 1433 557 1488 qui
572 1447 650 1488 pro
672 1431 799 1473 nobis
814 1446 1021 1488 pugnare,
1035 1440 1080 1472 et
1101 1429 1333 1486 imperium
1347 1436 1546 1470 nostrum

92 1489 323 1532 nobiscum
347 1489 475 1532 simul
505 1490 665 1531 virtute
694 1498 738 1531 et
759 1489 972 1531 industria
997 1501 1251 1530 conservare
1282 1485 1397 1528 soliti
1416 1493 1545 1527 sunt.

92 1545 156 1588 Hi
178 1562 278 1589 cum
301 1562 359 1601 se,
381 1557 426 1590 et
447 1563 552 1606 opes
572 1562 684 1600 suem,
706 1549 746 1583 59
760 1555 804 1589 ct
825 1547 994 1604 copiam
1009 1545 1352 1588 necessariorum
1372 1544 1544 1596 norint;

131 1697 172 1727 53
194 1694 290 1737 ‚Quid
310 1705 411 1735 agere
434 1696 508 1726 ausi
526 1694 629 1736 sunt]
666 1695 791 1727 Omnes

88 1737 163 1769 libri
179 1738 215 1768 in
230 1738 291 1769 hac
304 1737 448 1769 lectione
461 1739 689 1777 consentiunt,
705 1748 791 1778 quae,

90 1786 129 1810 ut
144 1781 275 1821 opinor,
289 1780 464 1812 manifeste
477 1781 596 1812 vitiosa
608 1785 669 1812 est.
706 1781 792 1812 Scri-

91 1822 237 1854 bendum
250 1827 318 1854 est:
334 1825 390 1863 qui
404 1824 440 1854 id
463 1833 563 1863 agere
583 1825 639 1855 ἀρ.
655 1833 792 1864 praeser-

90 1866 166 1903 tim,
182 1875 259 1896 cum
281 1875 359 1896 mox
377 1866 412 1896 in
435 1866 539 1897 altera
554 1874 647 1907 parte
667 1867 724 1904 sit,
738 1868 794 1907 qui

88 1917 122 1937 se
133 1917 166 1938 n.
176 1917 214 1948 p.
256 1907 386 1939 Vitium
399 1908 486 1940 unde
508 1914 620 1940 ortum
643 1909 700 1946 sit,
719 1910 794 1940 uni-

90 1950 209 1991 cuique
225 1957 388 1982 occurret.

133 1996 175 2024 54
187 1993 273 2024 Aliis
294 1994 437 2034 abreptis
457 1995 492 2024 in
517 1993 558 2034 s.]
586 1995 639 2025 Sic
659 2004 720 2035 pro
735 2003 793 2024 ar-

86 2036 190 2075 reptis·
203 2035 281 2067 Mss.
299 2036 364 2067 duo
378 2035 467 2077 apud
479 2037 564 2068 Oud.
580 2037 631 2068 ed.
652 2039 741 2072 1474.
757 2041 793 2067 et

86 2085 155 2108 non
166 2078 315 2110 dubitavi
335 2080 489 2120 recipere.
534 2079 595 2110 Est
610 2079 701 2110 enim
721 2089 792 2110 ver-

87 2119 166 2151 bum
178 2122 349 2162 proprium
357 2122 393 2152 in
402 2133 442 2153 ea
455 2133 488 2153 re
499 2134 507 2152 ·.
522 2123 715 2163 arriperem
724 2132 792 2154 ser-

86 2163 226 2195 vitutem
241 2174 310 2194 non
324 2164 456 2196 dicitur.

129 2209 169 2238 55
197 2206 354 2239 Conciliat
375 2208 522 2238 incendio
549 2206 788 2249 conflagrata]

87 2246 233 2281 Verbum
253 2250 410 2281 ultimum
431 2251 500 2281 sine
523 2249 623 2281 dubio
643 2250 793 2291 spurium

84 2295 146 2322 est.
199 2291 380 2334 Eleganter
403 2292 491 2334 apud
527 2293 723 2323 Ciceronem
759 2297 794 2323 et

84 2333 166 2364 alios
191 2336 270 2366 urbs
291 2335 439 2366 incendio
468 2336 634 2366 concidere
658 2335 792 2372 dicitur,

85 2377 227 2448 silue-tali
236 2378 425 2420 appendice.
473 2378 576 2409 Uncis
592 2377 728 2409 verbum
741 2378 792 2408 in-

85 2427 102 2447 c
117 2428 177 2449 usr.

127 2462 168 2493 56
183 2462 260 2493 Non
275 2463 404 2503 egetis]
444 2463 509 2494 Pro
522 2463 612 2503 vulg.
625 2463 791 2502 indigetis.

87 2501 174 2535 Leve
187 2510 254 2536 est:
271 2506 328 2536 sed
339 2510 455 2537 tamen
471 2506 552 2537 Mss.
567 2511 602 2537 et
617 2505 689 2537 edd.
703 2510 791 2536 vete-

86 2555 136 2577 res
151 2552 286 2588 oportet
299 2549 401 2588 sequi.
745 2571 752 2575 .

103 2591 166 2636 ‚57
194 2589 405 2632 Praecipitem
425 2589 653 2632 protum-betia]
679 2589 734 2620 Sic
755 2594 791 2620 et

85 2639 156 2662 sune
183 2631 274 2663 libris
301 2634 512 2665 correxissem
546 2642 606 2674 pro
636 2633 789 2673 perturb.

85 2672 149 2704 Sed
161 2673 239 2706 Mss.
253 2675 365 2716 plurae
377 2677 423 2707 sic
436 2676 564 2708 habent
578 2680 613 2706 et
627 2675 677 2706 ed.
699 2677 790 2711 1474.

85 2720 120 2763 et
139 2715 224 2748 aliae.
267 2717 348 2749 Mox
361 2729 402 2750 ex
419 2719 536 2750 iisdem
561 2716 635 2749 dedi
654 2719 715 2749 iste
729 2716 790 2758 pvb

84 2767 163 2797 ²P582
177 2760 271 2798 quod⁸
285 2762 411 2801 pariter
431 2771 492 2793 sua
512 2766 631 2802 sponte
656 2761 789 2791 evidens

84 2806 145 2832 est.
188 2801 335 2834 Verbum
355 2804 462 2836 edocet
477 2813 607 2844 quoque
626 2811 696 2834 non
709 2803 789 2836 satis

85 2842 209 2883 placet:
226 2844 283 2877 sed
297 2849 410 2878 tamen
425 2846 504 2879 ferri
517 2850 639 2888 potest.

878 1697 918 1726 58
941 1694 1145 1737 ‚Quibuscum
1165 1694 1285 1724 bellum
1301 1702 1462 1732 gemmus,
1481 1701 1544 1734 Ju-

835 1738 945 1778 dices]
993 1737 1239 1777 Argumentum
1269 1736 1368 1775 hujus
1400 1735 1543 1776 exempli

835 1786 984 1811 sumtum
997 1785 1047 1811 est
1056 1791 1095 1810 ex
1110 1779 1248 1810 historia.
1258 1778 1337 1809 belli
1346 1778 1474 1809 socialis
1489 1778 1543 1810 vel

836 1822 960 1860 Italici,
971 1829 1006 1853 et
1016 1822 1147 1862 quidem
1160 1832 1198 1852 ex
1214 1821 1425 1852 accusatione
1439 1820 1543 1851 alicu-

829 1866 899 1905 jus,
913 1865 967 1905 qui
989 1874 1063 1896 reus
1078 1870 1163 1895 esset
1181 1864 1376 1905 majestatis,
1392 1865 1434 1894 ob
1449 1862 1543 1894 Lati-

837 1916 896 1938 nos
911 1907 951 1938 ad
963 1907 1088 1938 bellum
1097 1907 1265 1943 incitatos,
1275 1906 1386 1945 aliqua
1396 1915 1453 1946 spe
1468 1915 1544 1945 pro-

835 1950 953 1990 posita.
999 1950 1037 1980 Id
1058 1954 1153 1990 patet
1167 1959 1207 1979 ex
1227 1948 1295 1979 fine
1308 1948 1373 1979 loci
1389 1955 1423 1979 et
1437 1958 1455 1979 e
1469 1957 1543 1978 ver-

838 1993 902 2023 bis:
928 1991 1117 2031 Fregellani
1138 2001 1202 2022 non
1223 2001 1286 2021 m
1305 1995 1416 2031 sponte
1433 1991 1543 2022 conati

835 2040 924 2073 sant,
947 2034 1030 2065 item
1051 2045 1069 2064 e
1083 2044 1112 2064 c.
1131 2036 1180 2064 ll,
1203 2037 1239 2064 et
1263 2035 1342 2072 quia
1361 2033 1543 2072 alloquitur

827 2076 970 2120 judiees·
1012 2076 1111 2108 Tales
1125 2076 1324 2116 quaestiones
1340 2075 1442 2106 factas
1457 2084 1539 2113 esse,

835 2125 870 2150 et
882 2119 1036 2151 credibile
1059 2119 1099 2150 fit
1113 2130 1152 2149 ex
1165 2118 1304 2150 historia
1315 2117 1408 2155 belli,
1423 2122 1459 2148 et
1471 2121 1540 2149 tra-

835 2162 945 2195 didere
962 2166 1095 2193 veteres.

879 2209 920 2240 59
932 2205 982 2237 Et
995 2206 1122 2245 copiam
1130 2204 1387 2235 necessariorum
1398 2203 1536 2244 norint]

838 2248 965 2279 Norint
978 2257 1038 2288 pro
1061 2251 1184 2277 norunt
1207 2247 1357 2277 latinitas
1380 2246 1471 2285 cogit
1494 2245 1542 2276 le-

837 2300 926 2330 gere,
938 2296 972 2321 et
986 2290 1031 2320 sic
1040 2289 1171 2334 babent!
1180 2289 1260 2319 Mss.
1275 2288 1409 2327 quidam
1421 2291 1456 2319 et
1467 2288 1540 2319 edd.

841 2336 932 2367 1474.
947 2337 982 2363 et
997 2341 1082 2371 seqq.
1098 2340 1201 2370 usque
1213 2330 1255 2360 ad
1269 2331 1402 2368 Aldum,
1415 2331 1473 2370 qui
1484 2341 1541 2361 no-

835 2380 917 2406 runt
939 2374 1040 2405 dedit.
1084 2372 1188 2404 Valde
1211 2372 1315 2403 etiam
1337 2373 1474 2411 inclino,
1502 2378 1542 2403 ut

835 2428 896 2459 pro
909 2417 1165 2448 neces-castorum
1176 2415 1339 2445 scribatur
1350 2417 1543 2454 necessario,

835 2471 853 2491 e
869 2459 970 2491 Codd.
993 2469 1054 2490 scr.
1070 2456 1279 2497 quibusdam:
1302 2457 1390 2497 quod
1409 2456 1543 2498 elegans

835 2509 887 2534 est
919 2503 1100 2533 necessario
1128 2510 1231 2536 nosse,
1261 2503 1296 2530 et
1320 2499 1544 2539 ‘sequentibus

833 2546 917 2576 bene
943 2543 1131 2585 respondet.
1178 2543 1388 2574 Necessarios
1411 2552 1471 2583 pro
1490 2551 1544 2574 so-

834 2588 892 2619 ciis
903 2587 1026 2619 talibus
1038 2595 1106 2616 non
1121 2585 1259 2617 memini
1274 2595 1328 2616 me
1341 2585 1494 2625 reperire,
1508 2590 1544 2617 et

834 2632 929 2672 copia
944 2639 1060 2661 eorum
1075 2633 1126 2659 est
1140 2629 1174 2658 in
1190 2627 1318 2668 opibus.
1361 2628 1451 2659 Tum
1464 2638 1544 2659 vero

834 2683 876 2704 ne
901 2678 979 2714 apta
1006 2670 1141 2712 quidem
1167 2677 1219 2701 est
1248 2671 1339 2709 copia
1371 2671 1534 2711 sociorum

832 2716 922 2747 Nam
937 2725 1008 2756 opes
1023 2723 1100 2747 suas
1114 2723 1203 2744 nosse
1217 2712 1287 2742 sine
1306 2711 1407 2743 dubio
1423 2723 1487 2743 nort
1499 2714 1534 2735 ¹¹¹

833 2765 963 2799 partem
986 2757 1160 2788 meliorem
1184 2755 1323 2786 diciturt
1350 2764 1427 2786 nam
1448 2748 1536 2798 195OE

832 2801 925 2839 dicit,
951 2801 1052 2831 ‘nullis
1077 2800 1174 2839 copiis
1198 2797 1322 2828 bellum
1350 2799 1540 2833 suscepisse.

834 2842 931 2875 Unde
951 2844 1003 2879 fit,
1018 2848 1058 2873 ut
1072 2842 1176 2875 etiam
1201 2841 1306 2880 copiae
1330 2833 1540 2868 scribendum
