1945 3235
371 152 449 188 466
947 143 1227 184 BRUTUS.

374 268 473 296 cum
490 261 533 294 et
554 252 598 294 in
617 260 912 294 accusatorum
932 251 1180 302 factionem,
1197 259 1347 291 contra
1367 261 1549 303 quorum
1565 245 1805 304 potentiam

374 310 638 367 populariter
661 319 748 351 tum
772 309 999 351 dicendum
1024 309 1118 349 fuit.
1138 307 1272 348 inulta
1294 307 1335 347 in
1361 306 1430 346 illa
1448 305 1642 346 oratione
1665 305 1807 362 gravi-

376 378 456 418 ter,
490 368 625 409 multa
654 367 817 418 leniter,
848 367 981 407 multa
1013 379 1173 422 aspere,
1198 363 1333 405 multa
1368 363 1506 404 facete
1534 363 1652 404 dicta
1683 371 1807 403 sunt:

378 425 500 482 plura
515 426 644 466 etiam
667 425 796 474 dieta,
819 439 946 479 quam
969 424 1142 479 scripta,
1165 421 1278 476 quod
1301 435 1353 461 ex
1375 420 1632 476 quibusdam
1654 418 1809 476 capiti-

377 484 457 524 bus
481 482 703 538 expositis,
728 497 804 522 nce
827 481 1052 536 explicatis
1077 479 1256 535 intelligi
1281 488 1436 534 potest.
1496 476 1596 533 Ipsa
1618 476 1688 518 illa
1709 489 1809 517 cen-

379 541 492 580 soria
529 550 681 580 eontra
719 539 799 579 Cn.
827 538 1067 579 Domitium
1099 536 1306 592 collegam
1335 550 1419 576 non
1455 544 1520 575 est
1551 535 1704 585 oratio,
1737 533 1810 574 sed

375 598 500 653 quasi
520 597 664 652 capita
687 610 840 644 rerum,
867 605 910 635 et
943 595 1147 635 orationis
1172 593 1529 635 commentarium
1557 591 1700 648 paullo
1722 590 1812 646 ple-

381 655 492 695 nius.
524 654 637 694 uulla
663 662 728 693 est
750 652 864 693 enim
892 650 1111 692 altercatio
1144 651 1402 692 clamoribus
1431 665 1635 705 umquam
1663 647 1815 690 habita

299 719 370 754 165
384 711 633 766 majoribus.
696 709 752 750 Et
773 723 872 750 vero
904 708 986 748 fuit
1016 708 1058 748 in
1090 708 1173 748 hoc
1202 718 1245 748 et
1272 707 1487 764 popularis
1509 707 1643 749 dictio
1673 705 1817 747 excel-

385 770 498 810 lens:
539 767 718 809 Antonii
757 781 890 823 genus
925 764 1095 806 dicendi
1126 764 1262 805 multo
1293 765 1433 821 aptius
1459 764 1653 820 judiciis,
1687 777 1818 820 quam

385 825 683 868 concionibus.

303 876 373 926 45
447 882 545 923 Hoc
575 881 670 923 loco
703 882 843 937 ipsum
879 879 1121 921 Domitium
1152 894 1239 921 non
1261 878 1469 934 relinquo.
1499 894 1598 921 nam
1628 878 1709 920 etsi
1730 892 1820 919 non

387 938 470 980 fuit
494 940 534 980 in
561 949 777 980 oratorum
806 952 997 989 numero,
1025 940 1082 967 10⁰
1095 947 1235 978 tamen
1264 951 1393 993 ponO,
1416 938 1517 979 satis
1539 938 1583 978 in
1613 950 1664 978 eo
1687 936 1819 977 fuisse

386 997 592 1037 orationis
624 1005 752 1051 atque
784 995 962 1051 ingenii,
996 1010 1081 1050 quo
1109 1005 1153 1036 et
1186 994 1463 1051 magistratus
1500 1008 1739 1052 personam,
1775 1001 1821 1034 et

339 1064 371 1095 b.
386 1054 649 1095 consularem
684 1054 942 1110 dignitatem
976 1062 1186 1094 tueretur:
1232 1052 1348 1108 quod
1373 1052 1486 1094 idem
1518 1053 1572 1094 de
1600 1051 1653 1093 C.
1676 1049 1822 1092 Coelio

385 1112 583 1162 dixerim,
607 1111 860 1151 industriam
894 1109 936 1150 in
963 1125 1014 1150 eo
1045 1124 1254 1151 summam
1277 1108 1422 1161 fuisse,
1445 1123 1716 1165 summasque
1737 1109 1822 1150 vir-

387 1177 514 1218 tutes,
537 1169 792 1224 eloquentiae
818 1177 1000 1217 tantum,
1023 1168 1137 1223 quod
1159 1175 1270 1208 esset
1288 1167 1331 1207 in
1355 1168 1479 1208 rebus
1501 1167 1693 1224 privatis,
1715 1165 1821 1207 ami-

302 1230 374 1263 166
387 1227 447 1267 cis
480 1226 587 1281 ejus,
611 1227 654 1266 in
685 1226 920 1282 republica,
951 1225 1082 1280 ipsius
1114 1225 1317 1281 dignitati
1348 1225 1465 1266 satis.
1527 1224 1691 1266 Eodem
1713 1233 1821 1264 tem-

389 1298 490 1339 pore
515 1283 581 1324 M.
602 1283 846 1324 Herennius
869 1283 913 1322 in
940 1282 1227 1323 mediocribus
1259 1283 1515 1333 oratoribus,
1544 1283 1676 1324 latine
1697 1289 1741 1322 et
1758 1281 1823 1322 di-

384 1340 568 1396 ligenter
594 1341 883 1396 loquentibus,
915 1350 1160 1380 numeratus
1183 1349 1267 1380 est:
1301 1340 1372 1395 qui
1398 1350 1539 1382 tamen
1559 1354 1726 1382 summa
1745 1353 1824 1380 no-

385 1398 554 1440 bilitate
589 1398 821 1449 bominem,
853 1398 1127 1452 cognatione,
1162 1397 1401 1448 sodalitate,
1430 1397 1630 1454 collegio,
1657 1410 1825 1438 summa

386 1456 516 1496 etiam
539 1456 796 1510 eloquentia,
824 1456 869 1496 L.
896 1455 1160 1510 Philippum,
1185 1454 1225 1495 in
1259 1454 1504 1497 consulatus
1524 1455 1733 1511 petitione
1754 1468 1826 1495 su-

390 1513 570 1568 peravit.
636 1512 795 1553 Eodem
817 1523 1010 1567 tempore
1034 1511 1085 1552 C.
1110 1511 1395 1562 Clodius‚etsi
1417 1522 1592 1569 propter
1614 1525 1826 1553 summam

391 1570 675 1619 nobilitatem,
698 1579 741 1609 et
774 1569 1031 1625 singularem
1063 1570 1316 1624 potentiam,
1340 1584 1522 1626 magnus
1554 1578 1658 1621 erat,
1680 1578 1825 1611 tamen

310 1638 377 1676 167
391 1627 516 1667 ctiam
542 1627 798 1681 eloquentiae
821 1627 1035 1682 quandam
1057 1626 1398 1667 mediocritatem
1421 1626 1640 1668 afferebat.
1699 1626 1827 1682 Ejus-

389 1684 486 1725 dem
518 1684 604 1725 fere
636 1685 840 1740 temporis
874 1684 957 1724 fuit
982 1698 1110 1738 eques
1136 1683 1358 1724 Romanus
1384 1683 1437 1725 C.
1458 1684 1612 1735 Titius,
1634 1684 1708 1739 qui
1729 1697 1828 1724 meo

383 1742 566 1796 judicio,
586 1756 636 1781 eo
660 1742 902 1797 pervenisse
933 1741 1116 1791 videtur,
1139 1756 1224 1796 quo
1249 1742 1391 1797 potuit
1422 1741 1509 1783 fere
1533 1741 1711 1783 Latinus
1732 1755 1828 1782 ora-

389 1810 457 1840 tor
479 1799 569 1839 sine
591 1798 758 1840 Graecis
781 1798 947 1850 litteris,
964 1807 1007 1838 et
1026 1799 1116 1839 sine
1139 1799 1274 1839 multo
1298 1814 1374 1840 usu
1399 1799 1633 1855 pervenire.
1680 1798 1828 1854 Hujus

388 1857 603 1897 orationes
634 1866 798 1897 tantum
824 1857 1102 1912 argutiarum,
1126 1866 1293 1896 tantum
1324 1857 1636 1913 exemplorum,
1658 1864 1828 1898 tanturm

387 1914 645 1954 urbanitatis
678 1914 854 1965 habent,
888 1923 934 1954 ut
965 1928 1087 1969 paeue
1119 1913 1269 1955 Attico
1304 1913 1402 1956 stilo
1438 1915 1610 1971 scriptae
1643 1928 1733 1955 esse
1762 1913 1829 1955 vi-

389 1972 583 2012 deantur.
646 1971 827 2011 Easdem
861 1972 1049 2027 argutias
1084 1972 1127 2012 in
1157 1972 1408 2027 tragoedias,
1431 1973 1532 2013 satis
1563 1972 1737 2028 quidem
1758 1970 1829 2012 ille

391 2039 529 2080 acute,
545 2029 615 2069 sed
639 2043 790 2085 parum
811 2031 972 2084 tragice
989 2028 1220 2069 transtulit.
1282 2030 1425 2076 Quem
1447 2030 1647 2071 studebat
1667 2027 1828 2070 imitari

393 2084 442 2125 L.
465 2086 671 2127 Afranius
714 2085 858 2141 poeta,
900 2085 1029 2126 homo
1073 2095 1340 2142 perargutus,
1383 2087 1427 2128 in
1458 2086 1613 2128 fabulis
1654 2086 1830 2143 quidem

309 2153 379 2188 163
392 2143 538 2194 etiam,
572 2153 619 2183 ut
650 2145 783 2194 scitis,
816 2143 1012 2184 disertus
1074 2144 1176 2184 Fuit
1206 2144 1337 2184 etiam
1372 2145 1428 2191 Q.
1454 2144 1643 2186 Rubrius
1678 2143 1829 2193 Varro,

391 2201 465 2254 qui
504 2216 529 2240 a
562 2209 710 2240 senatu
744 2200 879 2240 hostis
909 2214 1006 2242 eum
1043 2200 1094 2241 C.
1118 2201 1262 2242 Mario
1296 2201 1518 2257 judicatus
1551 2210 1630 2253 est,
1660 2215 1757 2243 acer
1786 2208 1830 2241 et

392 2257 623 2298 vehemens
645 2268 883 2298 accusator.
944 2257 994 2297 Iu
1018 2273 1069 2299 eo
1092 2272 1246 2314 genere
1275 2274 1375 2300 sane
1397 2259 1646 2316 probabilis,
1677 2259 1830 2301 doetus

392 2324 537 2355 autem
562 2313 729 2355 Graecis
762 2314 929 2365 litteris,
954 2316 1219 2371 propinquus
1249 2326 1407 2367 noster,
1431 2316 1569 2358 factus
1599 2317 1653 2359 ad
1684 2316 1830 2358 dicen-

391 2372 508 2423 dum,
539 2371 606 2412 M.
633 2371 869 2422 Gratidius,
910 2372 976 2412 M.
1000 2372 1180 2413 Antonii
1219 2373 1530 2428 perfamiliaris,
1567 2374 1689 2429 cujus
1719 2387 1830 2429 prae-

393 2429 529 2469 fectus
560 2444 660 2470 eum
691 2438 801 2470 esset
832 2431 873 2470 in
899 2429 1067 2480 Cilicia,
1097 2439 1161 2471 est
1192 2430 1468 2483 interfectus,
1508 2432 1582 2487 qui
1612 2430 1831 2472 accusavit

393 2485 444 2527 C.
470 2485 719 2537 Fimbriam,
746 2485 843 2527 lM.
867 2486 998 2528 Marii
1019 2487 1263 2529 Gratidiani
1286 2497 1420 2545 pater.

434 2634 491 2662 100
517 2636 625 2662 tamen
639 2633 735 2672 pono]
753 2633 859 2664 Facile
873 2634 915 2663 sit
929 2634 1088 2671 conjicere
1123 2642 1251 2664 nomen
1280 2637 1431 2672 retinere,
1447 2638 1485 2666 ut
1509 2636 1542 2666 in
1564 2636 1676 2668 Attico
1703 2637 1830 2675 fecer-it,

383 2680 472 2713 puto.
518 2674 579 2704 Sed
590 2684 672 2714 pom)
689 2676 771 2705 idem
788 2682 850 2713 est,
864 2676 948 2715 quod
961 2681 1085 2709 suctum>
1130 2687 1225 2715 quem
1256 2678 1294 2708 T.
1311 2678 1529 2718 Pomponium
1549 2679 1697 2711 Atticum
1721 2684 1830 2717 vocat,

386 2718 420 2748 iu
437 2726 500 2756 quo
517 2726 613 2746 nenio
629 2718 765 2747 haereat.
1129 2728 1205 2748 eum
1230 2720 1273 2760 Q.
1294 2720 1456 2751 Grec-ilium
1480 2720 1744 2761 Pomponianum
1757 2723 1828 2753 Ate.

433 2762 442 2788 1
471 2759 519 2789 M.
549 2758 597 2788 JI.
631 2760 824 2789 Gratidiam·
852 2760 964 2799 pater]
1004 2761 1084 2790 Edd.
1129 2761 1261 2790 deberet
1283 2762 1411 2801 dieere3
1448 2764 1534 2793 sicut
1561 2764 1649 2794 hunc
1677 2765 1829 2795 Marium

385 2800 466 2831 Ven.
496 2800 583 2831 Med.
609 2801 683 2832 Ald.
708 2801 803 2830 dunt.
827 2807 972 2840 patrem,
1002 2803 1086 2841 quod
1136 2803 1323 2834 Gracfdium
1340 2805 1550 2836 Flavianum.
1593 2807 1678 2836 Sane
1693 2807 1719 2837 si
1730 2812 1833 2846 pater

386 2843 548 2874 Corradus
578 2844 609 2873 in
638 2845 765 2875 Comm.
795 2854 824 2882 p.
851 2846 922 2874 28⁴.
945 2845 1086 2884 explieat
1128 2854 1241 2875 verum
1266 2851 1327 2883 est,
1344 2847 1440 2877 nimis
1459 2847 1556 2887 longe
1570 2848 1764 2880 distractum
1779 2853 1830 2880 est

386 2885 443 2921 sic,
466 2890 503 2916 ut
527 2885 640 2917 Cicero
663 2885 801 2917 voluerit
827 2891 917 2917 vetus
946 2886 1086 2919 {maxims
1129 2897 1148 2917 a
1174 2887 1307 2920 nomine
1328 2890 1459 2931 proprio
1478 2889 1666 2923 Gratidius:
1693 2901 1754 2924 nec
1779 2891 1829 2922 in-
