1945 3235
610 276 680 324 Μ.
719 276 1007 324 TULLII
1058 272 1503 322 CICERONIS
1562 309 1567 314 .

704 369 1329 427 RHETORICORU
1349 370 1413 424 M

963 504 1048 530 SLU
1089 503 1149 530 DE

379 587 1058 655 INVEN'I‘IONE
1124 582 1761 652 RHETORI‘CA·

853 704 1056 754 LIBRI
1112 704 1264 745 DUO

531 819 639 860 QUI
673 819 939 860 RELIQL‘I
977 819 1135 853 SUNT
1168 818 1245 851 Ex
1279 817 1588 858 QUA'ruon.

833 925 1016 962 LIBER
1043 925 1285 961 PRIMUS.

927 1020 1203 1041 ...4-

801 1089 1193 1128 ARGUMENTUM
1218 1089 1264 1127 L.
1283 1089 1314 1126 Ι.

346 1164 505 1203 Disserit
530 1165 668 1201 Tullius
684 1166 802 1213 primo
823 1166 867 1200 de
884 1165 1094 1212 eloquentia²
1114 1165 1246 1211 insigni
1265 1165 1303 1199 in
1323 1165 1418 1199 omni
1435 1163 1513 1200 vita
1532 1177 1575 1200 ac
1593 1165 1775 1213 republica

396 1219 559 1254 utilitate
576 1223 611 1253 et
627 1218 750 1259 abusu,
769 1218 944 1265 quomodo
966 1218 1108 1252 inventa
1125 1218 1251 1251 sensim
1279 1228 1322 1251 ac
1343 1217 1554 1264 paullatim,
1579 1218 1721 1254 exculta
1738 1223 1775 1254 et

393 1269 557 1320 perfecta
575 1272 635 1311 sit,
656 1271 843 1305 accedente
861 1274 942 1305 arte
959 1269 1095 1304 scilicet
1113 1281 1157 1303 ac
1166 1270 1318 1309 ratione,
1335 1280 1412 1315 quae
1426 1281 1502 1304 eam
1516 1271 1622 1305 certis
1639 1271 1774 1317 regulis

398 1335 441 1359 ac
460 1323 593 1369 legibits
617 1323 869 1369 adstringeret.
924 1322 1040 1357 Addit
1059 1322 1197 1361 deinde,
1217 1322 1260 1356 cle
1278 1321 1488 1368 eloquentia>
1503 1320 1620 1369 officio
1637 1326 1673 1357 et
1678 1323 1772 1372 fine,

397 1377 565 1416 materia,
586 1379 620 1409 et
644 1375 834 1422 partibus;
864 1385 1015 1421 quarum
1035 1374 1190 1421 quinque
1206 1372 1320 1421 facit,
1349 1374 1601 1416 inventionem,
1620 1375 1773 1422 disposi-

397 1429 542 1468 tionem,
567 1427 814 1467 elocutionem,
832 1427 1054 1467 memoriam,
1080 1426 1425 1472 pronunciationem.
1480 1425 1542 1461 De
1572 1428 1776 1463 inventione

395 1492 495 1526 ergo,
514 1491 592 1527 quae
605 1480 727 1527 prima
740 1490 827 1526 pars
845 1483 909 1520 est,
919 1477 1008 1527 fuse
1022 1479 1171 1525 suscipit
1191 1478 1319 1519 dicere,
1339 1482 1373 1513 et
1392 1478 1509 1525 qucclis
1531 1490 1602 1514 esse
1620 1480 1657 1514 in
1675 1480 1773 1515 omni

396 1544 586 1566 causarum
605 1532 860 1566 constitutione
887 1535 962 1565 tum
981 1527 1225 1575 conjecturali,
1246 1534 1321 1564 tum
1345 1530 1540 1579 definitiva,
1567 1535 1642 1566 tam
1665 1543 1773 1578 gene-

379 1584 468 1619 ·rali
490 1584 624 1619 debeat.
686 1583 844 1618 Tandem
861 1583 1100 1623 exordiorum,
1126 1583 1388 1624 narrationum,
1406 1584 1661 1630 partitionum,
1689 1595 1774 1619 con-

384 1636 653 1685 firmationum,
671 1632 945 1684 refatationam,
961 1634 1238 1675 conclusionum,
1248 1639 1429 1682 prcecepta
1442 1647 1484 1670 ac
1497 1635 1640 1682 regulas
1651 1637 1771 1684 ponit,

395 1699 586 1736 earumque
603 1699 682 1723 cum
699 1689 862 1730 virtutes,
884 1691 958 1722 tum
978 1687 1078 1729 vitia,
1099 1690 1133 1721 et
1153 1698 1252 1721 asam
1271 1687 1502 1723 demonstrat.

235 1769 535 1837 ΡΑἏςΖΕΡΕ
564 1801 607 1833 et
635 1792 819 1834 multum
848 1791 932 1833 hoc
964 1805 1134 1833 mecum
1164 1791 1369 1848 cogitavi,
1398 1791 1558 1833 bonine
1589 1807 1642 1833 an
1672 1791 1773 1834 mali

303 1849 441 1906 “plus
464 1850 655 1891 attulerit
676 1850 923 1891 hominibus
937 1857 979 1890 et
992 1849 1058 1890 civ
1051 1826 1244 1889 itatibus
1254 1849 1380 1905 copia
1392 1849 1576 1900 dicendi,
1590 1865 1640 1891 ac
1659 1865 1775 1891 sum-

306 1919 332 1964 1
350 1921 466 1948 mum
489 1907 746 1962 eloquentiae
779 1906 983 1947 studium.
1016 1921 1115 1946 nam
1142 1921 1239 1947 cum
1273 1916 1316 1947 et
1344 1914 1500 1948 nostrae
1524 1907 1773 1963 reipublicae

314 1989 332 2022 1
349 1965 605 2006 detiimenta
622 1964 860 2015 considero,
883 1972 925 2004 et
947 1963 1233 2004 maximarum
1254 1963 1479 2005 civitatum
1498 1973 1662 2005 veteres
1681 1965 1774 2006 ani-

346 2036 419 2062 mo
448 2022 712 2063 calamit-nes
734 2021 907 2077 colligo,
928 2035 1015 2061 non
1045 2035 1194 2061 minim
1199 2036 1267 2061 im
1298 2021 1421 2062 xideo
1444 2036 1518 2076 pei
1546 2021 1774 2062 disertissi-

345 2093 439 2118 mos
460 2079 658 2119 homines
680 2079 891 2119 invectam
913 2087 1077 2133 partem
1100 2077 1485 2118 incommodowm
1508 2092 1605 2119 eum
1627 2087 1777 2118 autem*

346 2149 409 2175 ies
433 2136 486 2176 ab
506 2145 651 2176 nostra
672 2134 892 2198 memoria,
916 2144 1090 2190 propter
1112 2149 1162 2173 v(
1168 2144 1383 2185 tustatem,
1404 2146 1602 2186 remotas,
1623 2149 1677 2176 ex
1702 2135 1772 2176 lit·

344 2191 834 2233 telarummonumentis
853 2201 1042 2246 repetere
1062 2191 1267 2242 instituo;
1290 2191 1443 2232 multas
1462 2192 1587 2233 urbes
1610 2192 1773 2234 consti-

345 2258 472 2299 tutas,
504 2249 687 2305 plurima
718 2248 828 2289 bella
858 2249 1075 2298 restincta,
1106 2248 1370 2289 firmissimas
1403 2250 1642 2301 societates,
1674 2263 1771 2290 san-

344 2306 555 2346 ctissimas
577 2306 788 2347 amicitias
818 2305 1012 2361 intellirro
1035 2320 1134 2346 cum
1161 2306 1321 2346 lanimi
1348 2320 1376 2346 r·
1369 2306 1526 2358 itione,
1549 2315 1640 2348 tum
1665 2306 1771 2347 furi-

343 2362 425 2403 ]ius
446 2363 690 2418 eloquentia
712 2377 901 2426 compaif
891 2372 946 2402 ιἰῑ
936 2378 994 2402 ts.
1043 2361 1188 2403 Acme
1207 2363 1379 2427 qui-dem
1398 2363 1470 2405 diu
1490 2364 1770 2427 cogitantem,

343 2420 453 2461 ratio
477 2420 568 2477 ipsa
590 2420 631 2460 in
664 2420 773 2461 hanc
804 2420 1074 2475 potissimum
1109 2420 1364 2461 sententiam
1390 2420 1523 2473 ducit,
1546 2430 1594 2461 ut
1621 2419 1771 2460 existi-

343 2491 471 2528 mem,
495 2477 690 2533 sapienti
693 2491 748 2517 nn
763 2477 853 2518 sine
867 2476 1111 2532 eloquentia
1124 2491 1273 2532 parum
1289 2477 1486 2533 prodesse
1505 2477 1771 2528 civitatibus,

344 2533 632 2588 eloquentiam
661 2548 761 2575 v·e10
787 2533 876 2575 sine
906 2534 1116 2590 sapientia
1137 2534 1318 2575 nimium
1336 2534 1484 2575 obesse
1505 2535 1771 2590 plerumque,

342 2591 544 2646 prodesse
574 2606 808 2646 nunquam.
869 2592 1014 2638 Quare
1045 2605 1076 2631 si
1101 2591 1210 2646 quis,
1233 2591 1401 2632 omissis
1433 2591 1680 2633 rectissimis
1705 2601 1771 2632 at-

343 2662 427 2702 que
445 2647 757 2689 honestissimis
781 2649 932 2689 studiis
956 2649 1131 2689 rationis
1145 2657 1188 2689 et
1201 2648 1348 2699 officu,
1361 2659 1576 2690 consumit
1597 2662 1770 2690 omnem

388 2761 530 2792 lAnimi
543 2761 693 2801 ratione]
720 2762 853 2802 Semper
864 2761 986 2793 haesiin
1000 2762 1032 2792 h.
1077 2762 1168 2792 nitur
1200 2762 1305 2792 animi
1331 2762 1428 2799 ratio,
1456 2763 1580 2794 viribus
1609 2762 1768 2802 corporis,-

340 2802 364 2834 l.
380 2813 459 2840 non,
473 2813 536 2842 quo
546 2812 612 2832 non
627 2810 712 2833 recte
725 2804 852 2834 dicatur
863 2805 966 2834 animi
979 2815 1034 2834 ra·
1077 2805 1162 2843 quod
1185 2804 1236 2835 hic
1252 2813 1319 2834 non
1340 2809 1402 2841 est,
1424 2805 1479 2834 ubi
1502 2805 1586 2836 ratio
1607 2809 1641 2835 et
1662 2804 1770 2834 oratio

343 2846 404 2877 tio,-
423 2855 498 2875 nam
514 2845 559 2875 sic
573 2849 622 2875 est
645 2846 744 2876 etiam
765 2847 798 2875 in
814 2857 840 2875 c.
863 2849 892 2877 2.
908 2856 955 2885 pr.
977 2846 1033 2876 sed
1073 2851 1296 2886 opponuntur.
1348 2845 1444 2878 Forte
1466 2848 1571 2878 animi
1591 2846 1726 2878 verbum
1748 2855 1770 2876 e

342 2887 439 2925 quod,
461 2897 536 2917 cum
552 2887 682 2917 additur
696 2889 811 2924 animi,
832 2898 959 2928 semper
973 2888 1031 2918 ali·
1073 2899 1101 2919 e.
1115 2890 1143 2920 Ξ.
1160 2888 1223 2919 hue
1237 2888 1336 2919 venit.

342 2939 404 2968 qua
418 2940 530 2961 caussa
545 2936 594 2960 est
608 2929 642 2960 'm
659 2930 794 2962 vicinia:
809 2934 848 2961 ut
867 2930 911 2960 ibi
931 2940 1030 2971 oppo-
