1945 3235
586 83 775 124 LIBER
806 83 1085 123 TERTIUS.
1484 88 1561 122 425

111 196 209 231 rum
230 190 360 247 atque
383 205 608 248 parvarum
626 206 634 232 :
658 199 702 231 et
723 189 838 231 aliud
860 189 1031 230 dicendi
1056 202 1192 244 genus
1214 188 1562 243 deliberationes,

111 246 228 288 aliud
259 249 540 300 lauda-tiones,
571 248 686 289 aliud
711 247 893 303 judicia,
915 247 1031 287 aliud
1063 260 1294 296 sermones,
1318 248 1432 289 aliud
1455 263 1559 289 con-

112 304 283 357 solatio,
305 307 418 348 aliud
442 306 708 362 objurgatio,
730 305 843 346 aliud
867 303 1120 360 disputatio,
1147 303 1261 344 aliud
1287 304 1464 345 historia
1485 307 1559 346 de-

113 362 285 404 siderat.
348 363 496 405 Refert
519 365 665 414 etiam,
686 362 759 418 qui
783 362 975 412 audiant,
998 370 1185 410 senatuS,
1206 375 1259 400 au
1283 362 1481 416 populus,
1503 378 1558 405 an

107 418 294 474 judiees,
311 420 568 477 frequentes,
590 435 642 461 an
668 420 808 476 pauci,
830 434 882 460 an
907 419 1091 475 singuli:
1114 429 1158 458 et
1179 417 1324 473 quales
1347 419 1426 473 ipsi
1452 434 1559 474 qno-

112 491 196 532 que
217 488 421 530 oratores,
443 494 528 534 qua
559 479 644 518 sint
674 487 818 528 aetate,
841 477 1019 528 honore,
1049 476 1322 526 auctoritate,
1344 476 1473 516 debet
1497 477 1558 517 vi-

112 535 229 577 deri:
262 546 430 592 tempus
462 535 578 592 pacis
609 549 663 575 an
698 534 810 585 belli,
840 534 1128 575 festinationis
1162 548 1214 573 an
1247 533 1341 574 otii.
1403 533 1645 589 Itaqueczm

111 590 197 633 hoc
227 593 322 634 loco
345 593 451 633 nihil
485 607 586 633 sane
611 602 690 642 est,
713 593 828 648 quod
863 592 1043 649 praecipi
1078 605 1203 648 posse
1232 590 1441 642 videatur,
1476 593 1557 633 nisi

112 661 159 690 ut
190 648 370 705 figuram
401 651 609 691 orationis
644 650 862 706 plenioris,
896 662 940 691 et
972 651 1196 700 tenuioris,
1229 660 1273 689 et
1305 649 1407 689 item
1445 649 1559 691 illius

111 706 354 758 mediocris,
377 708 429 748 ad
461 708 521 758 id,
544 710 659 763 quod
691 708 876 763 agimus,
907 707 1280 748 accommodatam
1304 707 1559 763 deligamus·

108 766 372 806 ornamentis
407 765 557 807 iisdem
592 766 654 807 uti
694 766 782 807 fere
819 765 983 816 licebit,
1016 764 1120 805 alias
1156 765 1418 815 contentius,
1454 765 1559 807 alias

110 822 400 865 summissius:
434 823 639 879 omnique
660 823 702 864 in
727 839 772 865 re
795 838 934 880 posse,
956 823 1072 878 quod
1095 822 1259 873 deceat,
1276 822 1428 872 facere,
1453 824 1556 865 artis

107 888 153 920 et
174 888 339 921 naturae
360 891 449 924 est:
482 882 604 932 seire,
626 882 730 937 quid
752 881 1012 937 quandoque
1033 881 1197 931 deceat,
1220 880 1476 936 prudentiae.

163 937 249 978 Sed
283 937 376 979 haec
408 941 501 995 ipsa
530 941 677 981 omnia
709 939 886 995 perinde
920 947 1035 989 sunt,
1069 948 1115 979 ut
1143 950 1346 994 aguntur.
1407 938 1553 991 Actio,
1568 936 1639 991 56

107 993 299 1050 inquam,
322 998 364 1036 in
389 997 573 1039 dicendo
597 1012 681 1038 una
700 998 962 1038 dominatur.
987 997 1078 1037 sine
1098 996 1177 1036 'nac
1200 1010 1391 1037 summus
1410 1008 1554 1037 orator
1566 1015 1643 1049 213

108 1067 214 1093 esse*
242 1054 284 1094 in
327 1069 506 1096 numero
540 1056 656 1096 nullo
694 1065 862 1111 potest:
896 1054 1139 1103 mediocris,
1178 1053 1260 1094 hac
1303 1054 1553 1105 instructus,

109 1125 298 1152 summos
322 1127 436 1169 saepe
458 1128 671 1169 superare.
725 1111 844 1161 Huic
867 1113 1024 1168 primas
1047 1112 1214 1152 dedisse
1237 1111 1553 1153 Demosthenes

107 1168 281 1221 dicitur,
303 1185 403 1211 cum
425 1181 663 1227 rogaretur,
684 1171 788 1225 quid
809 1171 851 1210 in
875 1169 1059 1211 dicendo
1078 1180 1189 1210 esset
1208 1170 1419 1225 primum;
1454 1170 1557 1211 huic

106 1227 330 1279 secundas,
366 1228 466 1269 huic
504 1229 664 1269 tertias.
725 1228 827 1275 Quo
862 1228 968 1269 mihi
1003 1227 1154 1268 melius
1190 1228 1320 1268 etiam
1354 1227 1458 1268 illud
1501 1229 1555 1269 ab

107 1283 317 1326 AEschiue
339 1286 504 1327 dictum
529 1287 660 1328 videri
685 1286 818 1328 solet:
842 1287 932 1341 qui,
950 1301 1049 1327 cum
1069 1295 1246 1342 propter
1268 1285 1555 1342 ignominiam

99 1341 256 1397 judicii
280 1344 477 1385 cessisset
498 1343 698 1394 Athenis,
719 1356 763 1384 et
785 1359 829 1385 se
859 1344 1065 1385 Rhodum
1088 1343 1356 1395 contulisset,
1379 1353 1556 1400 rogatus

106 1415 131 1440 a
166 1399 362 1452 Rhodiis,
395 1401 548 1455 legisse
582 1401 717 1443 fertur
739 1402 979 1443 orationem
1012 1401 1126 1443 illam
1157 1403 1393 1458 egregiam,
1425 1417 1556 1457 quam

103 1457 148 1499 in
174 1455 504 1515 Ctesiphontem
529 1470 681 1501 contra
714 1459 1053 1501 Demosthenem
1077 1459 1271 1501 dixerat:
1304 1475 1390 1515 qua
1421 1460 1554 1516 perle-

103 1524 189 1565 cta,
212 1517 398 1572 petitum
420 1528 485 1558 est
506 1519 561 1558 ab
584 1532 635 1559 eo
659 1517 881 1573 postridie,
900 1527 948 1558 ut
970 1517 1131 1573 legeret
1153 1516 1267 1558 illam
1291 1518 1437 1568 etiam,
1457 1533 1555 1573 quae

105 1584 196 1614 erat
232 1583 384 1615 eontra
418 1591 443 1616 a
478 1575 776 1616 Demosthene
815 1590 892 1632 pro
931 1574 1219 1632 Ctesiphonte
1251 1575 1392 1617 edita:
1425 1590 1556 1631 quam

105 1646 202 1672 cum
227 1633 480 1674 suavissima
497 1642 541 1674 et
561 1634 753 1674 maxima
776 1648 882 1674 voce
913 1633 1100 1689 legisset,
1125 1633 1439 1674 admirantibus
1462 1648 1556 1675 om-

105 1689 247 1740 nibus,
286 1690 480 1741 Quanto,
519 1691 674 1746 inquit,
707 1691 846 1748 magis
879 1691 1214 1742 admiraremini,
1252 1692 1285 1732 si
1327 1691 1553 1732 audissetis

105 1746 274 1802 ipsum?
310 1747 375 1788 Ex
399 1763 485 1804 quo
507 1750 608 1790 satis
632 1749 910 1805 significavit,
931 1759 1143 1805 quantum
1165 1759 1277 1790 esset
1300 1749 1343 1790 in
1365 1749 1595 1805 actione,p‚
1616 1765 1687 1798 163.

104 1803 178 1858 qni
202 1806 441 1847 orationem
465 1808 645 1848 eandem
667 1810 706 1838 88
717 1807 841 1848 aliam
865 1822 957 1848 esse
981 1816 1168 1863 putaret,
1191 1818 1338 1848 actore
1368 1818 1594 1849 mutato.³·

107 1862 226 1908 Quid
260 1862 342 1904 fuit
373 1865 416 1905 in
440 1864 658 1916 Graccho,
679 1880 806 1920 quem
832 1875 892 1916 tu,
917 1865 1087 1916 Catule,
1119 1865 1271 1905 melius
1302 1865 1649 1917 meministifflu.

103 1921 218 1975 quod
241 1934 311 1962 me
332 1936 464 1977 puero
487 1932 712 1978 tantopere
734 1923 944 1964 ferretur?
979 1921 1071 1967 Quo
1094 1937 1155 1963 me
1174 1923 1293 1963 miser
1313 1922 1554 1980 conferam?

104 1992 182 2034 quo
205 1978 393 2020 vertam?
423 1980 468 2020 in
493 1978 830 2035 Capitoliumne?
860 1988 905 2021 at
919 1979 1080 2037 finiris
1107 1981 1307 2036 sanguiue
1336 1981 1552 2023 redundat.

104 2050 160 2076 an
181 2035 377 2078 domum?
405 2045 627 2079 matremne
648 2045 693 2079 ut
723 2039 909 2080 miseram
940 2038 1308 2095 lamentantemqae
1336 2039 1495 2080 videam
1517 2047 1556 2081 et

103 2093 304 2150 abjectam
320 2093 342 2135 ,P
373 2095 485 2142 Quae
509 2097 571 2137 sic
593 2097 648 2137 ab
670 2096 743 2138 illo
765 2106 863 2138 acta
884 2111 975 2138 esse
997 2097 1241 2147 constabat,
1265 2097 1415 2148 oculis,
1435 2112 1554 2149 voce,

104 2163 245 2206 gestu,
277 2152 444 2194 inimici
483 2163 532 2194 ut
567 2153 763 2196 lacrimas
800 2165 944 2195 tenere
977 2169 1065 2196 non
1104 2165 1295 2210 possent.
1357 2154 1470 2196 Haec
1503 2170 1554 2196 eo

103 2209 202 2250 dico
225 2209 432 2266 pluribus,
455 2211 571 2268 quod
596 2227 731 2268 genus
761 2212 846 2253 hoc
870 2221 1010 2254 totum
1033 2223 1240 2264 oratores,
1262 2212 1336 2267 qui
1360 2223 1461 2254 sunt
1484 2227 1554 2254 ve-

102 2266 242 2308 ritatis
270 2268 404 2324 ipsius
433 2279 614 2321 actoreS,
638 2270 925 2327 reliquerunt:
958 2270 1197 2311 imitatores
1228 2281 1373 2311 autem
1398 2270 1554 2312 verita-

101 2324 172 2375 -tis,
208 2325 453 2378 histriones,
486 2338 823 2384 occupaverunt.
884 2327 951 2369 Ac
983 2327 1076 2369 sine
1109 2328 1243 2369 dnbio
1278 2328 1321 2368 in
1357 2329 1475 2369 omni
1509 2343 1552 2370 re
1567 2328 1635 2385 57

103 2383 239 2424 vincit
263 2384 550 2425 imitationem
574 2386 754 2428 veritas:
788 2385 861 2427 sed
883 2400 934 2427 ea
956 2386 989 2426 si
1013 2385 1115 2426 satis
1140 2386 1184 2426 in
1215 2386 1387 2427 actione
1409 2386 1642 2437 effice-215

103 2449 168 2481 ret
195 2441 288 2496 ipsa
310 2456 385 2498 per
416 2456 521 2494 sese,
553 2452 643 2484 arte
674 2443 871 2500 profecto
895 2458 982 2484 non
1005 2457 1243 2499 egeremus.
1276 2458 1422 2485 verum
1451 2444 1555 2500 quia

105 2498 235 2538 animi
259 2501 487 2555 permotio,
509 2515 606 2556 quae
631 2502 820 2542 maxime
850 2511 926 2542 aut
946 2501 1216 2552 declaranda,
1237 2510 1313 2541 aut
1342 2501 1555 2543 imitanda

101 2566 168 2595 est
188 2557 372 2609 actione,
396 2559 644 2614 perturbata
668 2574 782 2616 saepe
805 2559 866 2600 ita
886 2569 965 2608 est,
988 2568 1035 2599 ut
1058 2559 1327 2610 obscuretur,
1349 2574 1399 2600 ac
1429 2575 1554 2616 paene

104 2613 324 2666 obruatur,
353 2616 624 2658 discutienda
655 2628 755 2658 sunt
785 2632 850 2668 ea,
880 2632 979 2672 quae
1013 2617 1261 2668 obscurant,
1289 2627 1333 2657 et
1361 2631 1425 2669 ea,
1455 2633 1553 2674 quae

144 2730 184 2759 88
206 2728 311 2759 aliam
331 2740 396 2761 esse
412 2732 565 2773 putaret]
590 2732 801 2772 Quamquam
846 2742 922 2762 nam
951 2741 1020 2761 non
1047 2730 1086 2761 de
1114 2731 1229 2762 futuro
1259 2741 1368 2762 sermo
1390 2736 1461 2762 est:
1499 2731 1554 2761 de-

102 2769 176 2808 edd.
201 2780 252 2810 pr.
278 2771 402 2804 habent
414 2773 508 2813 jin-e,
531 2782 571 2805 ut
593 2775 656 2806 Ms.
673 2775 711 2806 E.
735 2775 802 2815 pri·
846 2775 937 2804 beret
957 2779 1034 2804 ante
1049 2783 1118 2804 esse
1132 2775 1293 2805 audiretis
1306 2787 1315 2803 :
1347 2774 1403 2804 sed
1417 2774 1456 2804 de
1473 2783 1555 2813 pra?-

102 2822 176 2843 nnus
197 2812 299 2844 Aldus
313 2825 396 2846 esse:
419 2821 534 2848 tamen
557 2828 607 2848 res
632 2828 698 2848 non
722 2818 803 2848 sinit
845 2817 941 2847 senti.
958 2817 1023 2847 alia
1044 2822 1116 2847 erat
1137 2817 1257 2854 oratio,
1274 2823 1406 2848 mutato
1429 2826 1481 2854 eo,
1497 2818 1556 2856 qui

98 2853 153 2886 hie
166 2854 248 2896 sore
277 2858 433 2900 recipere,
460 2864 500 2890 ut
527 2860 606 2892 fecit
637 2861 800 2892 Pom-eius.
846 2860 1094 2902 pronunciaret.
