1945 3235
574 132 761 172 LIBER
792 132 1117 171 SECUNDUS.
1486 142 1562 177 809

125 235 295 288 deinde,
323 251 448 293 quem
480 238 692 294 probavit,
727 237 770 278 in
802 252 868 288 eo,
899 251 996 291 quae
1034 236 1224 277 maxime
1253 239 1480 293 excellent,
1513 257 1564 284 ea

124 294 452 350 diligentissime
473 304 762 350 persequatur.

184 352 300 398 Quid
324 353 437 393 enim
459 367 598 393 causae
619 351 800 393 censetis
822 364 927 400 esse,
949 364 1024 390 cur
1046 358 1194 390 aetates
1213 353 1447 394 extulerint
1476 356 1562 397 sin-

127 409 241 465 gulae
273 410 441 466 singula
470 424 602 465 prope
634 423 789 464 genera
819 407 1018 448 dicendi?
1049 408 1164 462 quod
1197 423 1283 450 non
1318 420 1403 450 tam
1437 411 1561 454 facile

126 466 170 507 in
203 468 359 508 nostris
390 468 629 507 oratoribus
664 479 887 521 possumus
915 465 1137 518 judicare3
1169 466 1269 520 quia
1302 468 1474 522 scripta,
1506 484 1560 510 ex

127 524 284 578 quibus
307 524 522 578 judicium
554 523 644 563 fieri
676 531 834 578 posset,
868 536 953 562 non
988 521 1123 562 multa
1152 537 1251 563 sane
1285 524 1561 580 reliquerunt,

126 596 254 635 quam
279 583 318 621 in
346 581 538 632 G-raecis;
567 595 620 620 ex
645 595 827 635 quorum
855 579 1039 635 scriptis,
1061 579 1270 635 cujusque
1302 583 1441 623 aetatis
1464 597 1560 637 quae

128 639 296 678 dicendi
320 638 428 678 ratio
449 638 729 693 voluntasque
752 636 895 687 fuerit,
915 636 1097 692 intelligi
1121 647 1278 692 potest.
1338 639 1562 695 Antiquis-
1576 650 1623 685 93

128 695 223 736 simi
247 694 334 735 fere
357 704 468 745 sunt,
492 698 531 728 75
544 710 725 751 quorum
749 694 920 750 quidem
945 694 1105 749 scripta
1125 705 1339 747 constent,
1364 697 1564 749 Pericles,

128 763 257 807 atque
297 751 558 803 Alcibiades,
600 762 643 792 et
683 752 830 793 eadem
874 760 1001 791 aetate
1042 750 1332 807 ThucydideS,
1374 755 1566 806 subtiles,

130 809 260 860 acuti,
300 810 462 860 breves,
498 810 719 850 sententiis
752 807 905 864 magiS,
944 822 1072 864 quam
1112 810 1252 850 verbis
1285 812 1568 854 abundantes.

131 866 232 907 Non
256 867 466 922 potuisset
495 868 702 918 accidere,
725 876 771 907 ut
790 880 935 912 ,unum
957 875 1067 906 esset
1088 866 1282 908 omnium
1313 883 1463 925 genus,
1488 870 1567 911 nisi

129 922 315 978 aliquem
347 924 428 964 sibi
459 934 749 980 proponerent
784 923 836 964 ad
871 923 1143 964 imitandum.
1179 923 1438 968 'Consecuti
1470 939 1569 968 sunt

129 979 207 1021 lios
231 981 404 1031 Critias,
427 981 728 1032 Theramenes,
752 980 916 1036 Lysias.
940 981 1074 1021 multa
1100 981 1239 1036 Lysiae
1263 984 1423 1040 scripta
1445 996 1568 1037 sunt3

130 1039 336 1079 nonnulla
369 1038 543 1080 Critiae:
588 1040 640 1080 de
672 1038 938 1080 Theramene
970 1038 1227 1080 audivimus.
1257 1055 1405 1082 omnes
1437 1043 1568 1083 etiam

131 1104 223 1136 tum
258 1097 500 1137 retinebant
533 1096 650 1137 illum
693 1095 847 1136 Pericli
883 1096 923 1129 76
937 1110 1138 1148 succum3
1171 1097 1243 1138 sed
1273 1110 1394 1139 erant
1424 1100 1568 1155 paullo

130 1154 326 1194 uberiore
363 1153 449 1194 filo.
512 1153 625 1195 Ecce
664 1154 743 1194 tibi
783 1162 958 1193 exortus
993 1162 1058 1193 est
1102 1152 1326 1206 Isocrates,
1363 1157 1630 1213 magister94

131 1209 310 1251 istorum
345 1211 552 1262 omnium,
585 1215 622 1246 77
638 1211 759 1266 cujus
792 1225 816 1252 e
846 1210 961 1260 ludo,
995 1219 1200 1265 tanquam
1232 1226 1286 1253 ex
1320 1227 1431 1269 equo
1462 1214 1567 1255 Tro-

123 1266 247 1322 jano,
288 1268 441 1309 78meri
488 1268 702 1325 principes
745 1268 968 1308 exierunt:
1021 1268 1094 1308 sed
1134 1283 1282 1310 eorum
1325 1272 1481 1326 partim
1523 1273 1566 1313 in

132 1340 304 1380 pompa,
338 1326 491 1381 partim
523 1327 567 1366 in
598 1326 690 1366 acie
719 1326 900 1366 illustres
932 1339 1022 1365 esse
1051 1325 1290 1368 voluerunt.
1353 1328 1505 1384 ltaque
1526 1340 1568 1371 et
1582 1336 1651 1384 23

130 1382 205 1433 illi,
228 1382 514 1439 Theopompi,
549 1383 726 1438 Ephori,
760 1382 946 1432 Philisti,
980 1383 1226 1435 Naucratae,
1258 1385 1468 1442 multique
1497 1388 1568 1428 alii

132 1440 294 1481 naturis
325 1440 554 1493 differunt;
585 1445 625 1475 79
641 1440 861 1481 voluntate
894 1448 1036 1480 autem
1069 1441 1227 1482 similes
1260 1454 1373 1495 sunt,
1395 1453 1437 1485 et
1461 1445 1574 1486 inter

133 1511 223 1538 sese
244 1507 287 1538 et
309 1498 528 1554 magistri:
561 1508 604 1539 et
626 1499 671 1549 ii,
693 1499 765 1553 qui
792 1513 834 1538 se
856 1497 907 1537 ad
932 1512 1080 1538 causas
1103 1499 1392 1552 contulerunt,
1416 1512 1462 1542 ut
1486 1502 1574 1543 De-

130 1555 390 1606 mosthenes,
437 1555 694 1611 HyperideS,
743 1556 982 1611 LycurgiiS,
1024 1555 1268 1608 AEschines,
1313 1557 1573 1610 Dinarchus,

131 1612 288 1667 aliique
319 1613 575 1669 complures,
606 1614 684 1653 etsi
719 1613 829 1654 inter
860 1627 903 1653 se
935 1627 1056 1668 pares
1086 1628 1172 1654 non
1206 1613 1394 1667 fuerunt,
1428 1626 1572 1658 tamen

131 1680 231 1709 sunt
260 1684 408 1711 omnes
431 1673 471 1700 80
486 1671 527 1710 in
555 1671 705 1712 eodem
738 1670 928 1712 veritatis
961 1670 1181 1711 imitandae
1214 1686 1370 1728 genere
1400 1676 1571 1726 versati,

134 1740 314 1781 quorum
347 1728 550 1782 quamdiu
583 1729 740 1769 mansit
770 1728 970 1778 imit-atio,
1003 1729 1166 1769 tamdiu
1201 1744 1337 1786 genus
1369 1731 1472 1772 illud
1507 1733 1571 1773 di-

133 1784 258 1824 cendi
286 1785 560 1840 studiumque
582 1786 717 1827 vixit:
752 1794 1044 1841 posteaquam,
1068 1786 1294 1828 exstinctis
1328 1788 1407 1839 his,
1431 1791 1570 1831 omnis
1584 1810 1615 1841 b.

134 1854 282 1881 eorum
313 1843 521 1882 memoria
540 1843 695 1883 sensim
718 1845 947 1883 obscurata
967 1852 1032 1882 est
1052 1851 1095 1883 et
1117 1845 1316 1897 evanuit3
1350 1846 1432 1887 alia
1452 1862 1570 1902 quae-
1582 1857 1632 1892 95

133 1897 231 1939 dam
254 1899 423 1940 dicendi
447 1900 641 1941 molliora
661 1915 711 1941 ac
731 1900 973 1941 remissiora
992 1913 1149 1955 genera
1173 1902 1415 1957 viguerunt.
1467 1904 1579 1946 Inde·

177 2041 217 2072 75
240 2049 377 2079 quorum
391 2041 513 2080 scripta
528 2040 697 2080 constent]
722 2040 832 2070 Usita-

132 2083 200 2113 tius
222 2088 272 2111 est
296 2083 328 2112 in
354 2083 413 2113 hac
440 2093 474 2113 re
499 2087 627 2113 extent:
650 2083 705 2113 sed
728 2083 833 2113 voluit

134 2126 233 2155 etiam
261 2126 440 2165 exprimere
466 2125 644 2165 γνησιὸτητα
670 2125 834 2156 indubita-

874 2041 1040 2070 irmnmeri
1058 2043 1239 2082 principes.-
1262 2043 1306 2073 sic
1325 2050 1358 2074 et
1374 2044 1439 2075 Ms.
1459 2045 1498 2076 E.
1523 2045 1579 2077 sed

876 2083 1046 2121 vulgatum
1076 2094 1188 2114 verum
1217 2092 1288 2123 est,
1316 2086 1402 2125 quod
1429 2099 1447 2117 e
1476 2088 1578 2119 Nonii

875 2126 1067 2155 testimonio
1080 2125 1167 2156 dedit
1181 2128 1304 2166 primus
1317 2128 1492 2161 Victorius.

135 2173 205 2198 tam
223 2166 391 2197 librorum.

178 2210 219 2242 76
232 2210 488 2251 succum—filo]
511 2211 588 2240 Non
602 2211 684 2241 bene
699 2220 835 2241 consen-

137 2252 227 2282 u'unt
245 2252 278 2282 hi
300 2253 398 2292 tropi.
443 2253 506 2283 Sed
524 2263 589 2283 non
608 2263 735 2294 semper
748 2254 835 2293 tropi

138 2305 178 2324 ex
192 2293 305 2324 eodem
321 2304 439 2333 genere
453 2302 642 2332 sumuntur,
654 2301 693 2326 ut
706 2296 836 2326 debent.

139 2337 291 2367 Sumtum
306 2343 355 2366 est
371 2338 510 2368 uberiori*
518 2339 583 2378 filo
599 2350 617 2368 a
633 2339 766 2375 Graecis,
781 2338 836 2377 qui

138 2384 241 2408 vestes
270 2379 437 2419 appellant
475 2381 703 2420 πυκνοςήμονας,
735 2383 837 2422 πολλῇ

139 2420 240 2463 atqup,
256 2421 397 2452 uberiori
412 2427 445 2452 et
460 2423 600 2454 densiori
615 2425 809 2454 subtemine.

182 2466 219 2497 77
243 2462 337 2503 cujus
359 2475 375 2494 e
398 2466 498 2505 luda]
522 2467 671 2496 Pearcius
690 2467 836 2504 conjicit,

141 2506 195 2544 qui
210 2504 278 2545 ejus
292 2516 319 2536 e.
338 2507 359 2536 l.
373 2513 413 2536 ut
435 2509 475 2538 ad
497 2509 676 2548 superiores
699 2509 772 2538 illos
789 2519 836 2538 re-

142 2547 284 2578 feratur:
320 2549 408 2587 qnod
441 2551 519 2580 inihi
549 2551 668 2590 frigere
695 2551 833 2581 videtur.

143 2588 255 2628 Neque
269 2600 343 2620 vero
359 2591 516 2622 Isocrates
529 2593 661 2623 illorum
682 2594 838 2632 magister

143 2630 217 2661 fuit.
262 2631 344 2662 Mihi
367 2636 525 2674 ‚vitigister
541 2636 678 2665 istm-um
692 2637 837 2666 omniu-m

145 2673 324 2711 genuinum
352 2685 419 2706 esse
447 2687 512 2707 non
541 2678 688 2708 videtur:
720 2678 776 2708 sed
804 2678 838 2708 in

145 2716 291 2754 margine
313 2716 471 2757 seriptum
486 2720 597 2756 fnisse,
612 2721 764 2758 subjectis
780 2730 838 2750 no-

144 2757 286 2788 minibus
320 2769 446 2798 eorum,
482 2762 536 2801 qui
571 2767 767 2801 sequuntur,
800 2767 839 2793 ut

145 2798 249 2829 facere
277 2800 424 2832 solebant
450 2803 572 2834 domini
607 2805 781 2842 librorum,
808 2804 841 2835 id

144 2841 230 2880 quod
244 2852 328 2882 saepe
343 2843 376 2873 in
393 2845 469 2876 Mes..
484 2847 632 2876 vidimus.

186 2886 226 2918 78
251 2886 331 2915 meri
352 2887 537 2929 principes]
562 2889 642 2919 Edd.
658 2898 706 2929 pr.
728 2897 842 2918 ornnes

919 2172 959 2201 79
975 2169 1140 2198 voluntate
1152 2170 1290 2210 autem]
1310 2171 1474 2211 Exprimit
1487 2173 1579 2203 Grae-

878 2220 953 2240 eum
991 2211 1158 2253 προαιρέσει,
1186 2213 1322 2243 oonsilio
1352 2215 1503 2245 universo
1531 2216 1578 2246 di-

879 2253 989 2283 cendi:
1012 2254 1095 2283 idem
1112 2260 1294 2292 sequuntur
1309 2256 1506 2295 indicendo,
1523 2258 1578 2288 sed

880 2302 1014 2335 propter
1028 2295 1249 2327 diversitatem
1264 2298 1387 2338 ingenii
1403 2305 1436 2329 et
1451 2306 1579 2330 naturae

881 2347 946 2367 non
963 2338 1046 2367 idem
1064 2344 1141 2368 sunt
1161 2341 1311 2370 assecuti.
1357 2341 1434 2371 Post
1449 2347 1479 2372 et
1493 2344 1581 2373 inter

878 2390 943 2410 sese
965 2384 996 2410 et
1019 2382 1186 2419 magistri,
1203 2381 1273 2411 dedi
1293 2394 1331 2412 ex
1354 2383 1424 2414 edd.
1439 2395 1488 2424 pr.
1503 2395 1577 2415 cum

879 2422 1030 2453 Pearcio:
1055 2423 1176 2453 similes
1199 2430 1278 2454 sunt
1295 2434 1408 2455 omnes
1423 2427 1511 2457 inter
1532 2437 1578 2464 se,

879 2470 911 2494 et
936 2470 1013 2495 sunt
1029 2466 1128 2495 etiarn
1146 2466 1266 2495 similes
1290 2468 1438 2507 magistri
1455 2469 1580 2500 Isocra·

879 2508 934 2543 tis,
951 2508 1091 2544 venusti,
1107 2508 1228 2548 copiosi
1250 2509 1308 2539 ἃς.
1332 2510 1387 2540 sed
1409 2512 1478 2542 sine
1501 2512 1532 2542 vi
1547 2516 1580 2544 et

879 2550 996 2579 nervis.

922 2595 962 2622 80
984 2593 1018 2621 in
1034 2591 1141 2621 eodem
1156 2593 1305 2624 veritatis
1326 2594 1409 2624 imit.
1430 2596 1577 2636 genere]

880 2635 1031 2664 Peareius
1059 2644 1099 2663 ex
1122 2643 1189 2664 uno
1216 2635 1280 2665 Ms.
1307 2637 1408 2667 edidit
1436 2639 1580 2675 virtutis,

881 2676 968 2715 quod
994 2681 1029 2706 et
1057 2675 1106 2706 ed.
1134 2676 1221 2717 Lips.
1249 2678 1368 2717 habet5
1395 2690 1461 2710 non
1489 2681 1581 2711 bene.

880 2719 913 2749 Si
937 2729 1049 2748 verum
1077 2725 1161 2749 esset
1188 2721 1330 2757 virtutis,
1359 2722 1489 2752 deberet
1515 2733 1583 2753 esse

881 2762 916 2790 in
944 2760 1088 2801 ejusdem
1116 2763 1249 2792 virtutis
1277 2764 1296 2792 i.
1331 2773 1366 2802 g.
1401 2764 1585 2804 Vulgatum

883 2813 995 2833 verum
1026 2810 1086 2833 est.
1124 2803 1252 2835 Veritas
1278 2801 1327 2834 ct't
1358 2817 1431 2837 vcra
1457 2814 1490 2837 et
1520 2817 1585 2837 una

885 2846 1051 2886 probanda
1066 2846 1150 2876 ratio
1165 2846 1305 2877 dicendi.

825 2936 905 2972 13
