1945 3235
343 155 420 190 236
868 149 952 187 DE
988 149 1287 187 ORATORE

282 261 332 293 43
347 254 424 294 tibi
457 253 734 295 intenderent.
795 252 977 294 Instaret
1002 252 1246 303 Academia,
1268 266 1379 308 quae,
1401 251 1605 306 quidquid
1627 252 1760 293 dixis·

345 326 423 359 ses,
447 310 486 351 id
511 312 690 366 teipsum
714 314 916 365 ³¹negarc
938 320 1122 365 cogeret.
1183 310 1314 351 Stoici
1341 323 1438 349 vero
1461 309 1589 349 nostri
1617 309 1761 365 dispu-

345 369 551 408 tationum
585 383 767 417 suarum,
796 380 922 422 atquc
955 367 1335 423 interrogationum
1367 365 1525 420 laqueis
1556 376 1595 406 te
1626 365 1761 407 irreti-

343 434 433 465 tum
473 435 676 465 tenerent.
739 424 1009 479 Peripatetici
1051 435 1189 464 autem
1223 423 1350 464 etiam
1389 422 1480 463 haec
1522 422 1626 477 ipsa,
1664 437 1761 476 quae

343 481 515 537 propria
554 493 767 522 oratorum
803 485 842 512 Ἠ
858 491 1023 536 putares
1060 495 1150 521 esse
1187 480 1446 534 adjumenta,
1479 488 1605 534 atque
1639 493 1763 520 orna-

342 550 487 579 menta
507 539 690 587 dicendi,
712 540 765 579 ab
787 552 830 578 se
854 539 938 592 peti
964 537 1179 578 vincerent
1200 547 1419 592 oportere:
1451 550 1500 576 ac
1520 550 1602 576 non
1627 535 1762 576 solum

345 595 532 643 meliora,
556 597 624 635 scd
648 596 775 635 etiam
808 595 941 634 multo
964 595 1084 649 plura
1107 592 1376 634 Aristotelem
1401 592 1765 649 Theophrastum-

347 667 429 706 que
449 653 501 692 de
524 653 588 692 his
611 653 748 699 rebus,
770 665 896 705 quam
919 665 1064 690 omnes
1085 650 1251 691 dicendi
1285 650 1524 705 magisti·OS‚
1547 648 1764 705 scripsisse

284 720 334 752 44
348 709 632 749 ostenderent.
712 708 870 748 Missos
918 707 1028 748 facio
1070 707 1408 757 mathematicos,
1449 705 1766 762 grammaticos,

348 766 546 815 musicos,
570 780 748 819 quorum
781 765 942 805 artibus
966 774 1103 804 vestra
1132 765 1212 804 ista
1232 764 1399 805 dicendi
1424 765 1484 803 vis
1507 777 1559 804 ne
1589 762 1767 804 minima

345 823 517 877 quidem
559 823 760 862 societate
801 821 1130 876 33contingitur.
1190 821 1480 866 Quamobrem
1523 820 1604 861 ista
1635 829 1768 870 tanta,

349 889 519 933 tamque
540 879 686 928 multa,
711 879 960 934 profitenda,
984 877 1149 928 Crasse,
1172 891 1255 918 non
1277 892 1444 918 censeo.
1504 877 1615 918 Satis
1641 876 1682 917 id
1704 884 1769 916 est

343 949 564 991 magnum,
606 938 718 991 quod
763 945 881 990 potes
917 944 1130 990 praestarc,
1171 943 1218 974 ut
1256 934 1298 974 in
1329 933 1505 988 judiciis
1543 947 1594 974 ea
1626 947 1767 982 causa,

346 1007 659 1047 quamcumque
682 1004 724 1033 tu
748 993 869 1042 dicis,
900 991 1047 1032 melior
1076 999 1119 1031 et
1152 991 1412 1045 probabilior
1433 1004 1522 1031 esse
1552 990 1766 1031 videatur:

347 1060 394 1089 ut
422 1050 463 1090 in
495 1050 775 1090 concionibus
807 1059 847 1089 et
884 1048 1103 1089 sententiis
1132 1048 1322 1088 dicendis
1350 1048 1401 1088 ad
1434 1047 1770 1103 persuadendum

347 1115 420 1147 tua
444 1106 669 1161 plurimum
696 1107 830 1147 valeat
849 1106 1010 1146 oratio:
1034 1103 1281 1160 denique'ut
1302 1104 1582 1160 prudentibus
1600 1103 1769 1154 diserte,

347 1164 486 1204 stultis
509 1165 636 1204 etiam
663 1178 756 1204 vere
778 1164 918 1203 dicere
948 1162 1142 1203 videaris.
1167 1162 1247 1202 hoc
1266 1161 1447 1217 amplius
1470 1160 1501 1201 si
1525 1160 1626 1216 quid
1651 1169 1772 1216 pote-

350 1220 420 1269 ris,
451 1235 536 1260 non
560 1221 600 1261 id
624 1221 730 1261 mihi
754 1220 966 1261 videbitur
987 1230 1143 1269 orator,
1173 1219 1244 1259 sed
1279 1218 1456 1259 Crassus
1485 1232 1561 1258 sua
1588 1217 1771 1272 quadam

351 1278 536 1333 propria,
560 1293 642 1319 non
665 1277 882 1318 communi
905 1286 1119 1317 oratorum
1143 1274 1358 1325 facultate,
1382 1289 1519 1331 posse.

275 1339 330 1385 11
407 1333 516 1374 Turn
545 1335 627 1385 ille,
660 1334 759 1375 Non
789 1348 896 1383 sum,
923 1334 1075 1387 inquit,
1108 1333 1288 1380 nescius,
1320 1332 1526 1382 Sc‘aevola,
1547 1331 1631 1371 ista
1658 1331 1768 1372 inter

291 1410 340 1442 45
355 1391 530 1432 Graecos
549 1392 631 1432 dici
656 1402 697 1431 et
718 1392 942 1446 disceptari
967 1389 1113 1430 solere.
1172 1389 1328 1430 Audivi
1349 1390 1461 1430 enim
1486 1402 1672 1429 summos
1696 1387 1773 1428 ho·

352 1449 501 1499 mines‘,
524 1463 618 1489 cum
649 1458 836 1503 quaestor
868 1462 920 1488 ex
951 1446 1210 1487 Macedonia
1238 1446 1442 1487 venissem
1466 1445 1673 1496 Athenas,
1695 1445 1775 1485 flo-

352 1515 469 1545 rente
502 1504 749 1555 Academia,
779 1514 827 1544 ut
863 1504 1126 1559 temporibus
1160 1502 1240 1544 illis
1269 1503 1497 1554 ferebatur,
1528 1502 1642 1556 quod
1678 1515 1773 1542 eam

351 1565 391 1592 34
407 1562 682 1611 Charmadas,
724 1571 766 1602 et
805 1560 1114 1610 Clitomachus,
1155 1569 1199 1600 et
1240 1560 1465 1601 AEsehines
1506 1558 1774 1600 obtinebant.

353 1617 457 1659 Erat
489 1619 618 1659 etiam
655 1618 944 1669 Metrodorus,
979 1617 1052 1672 qui
1087 1631 1184 1658 cum
1233 1616 1312 1658 illis
1353 1631 1438 1657 una
1476 1616 1617 1671 ipsum
1655 1615 1774 1656 illum

353 1675 637 1716 Charmadam
669 1675 917 1731 diligentius
949 1674 1154 1724 audierat,
1176 1673 1392 1714 hominem
1425 1672 1615 1714 omnium
1646 1672 1688 1712 in
1711 1672 1776 1713 di-

351 1733 502 1782 cencio,
526 1743 570 1773 ut
593 1732 800 1782 ferebant,
821 1732 1073 1773 acerrimum
1107 1741 1150 1771 et
1170 1730 1528 1786 copiosissimum.
1589 1728 1777 1785 Vigebat

352 1790 520 1830 auditor
544 1789 726 1830 Panaetii
748 1789 859 1830 illius
890 1789 951 1829 tui
986 1787 1293 1840 Mnesarchus3
1323 1796 1366 1828 et
1387 1785 1656 1843 peripatetici
1679 1785 1775 1827 Cri-

291 1861 341 1894 46
355 1846 455 1887 tolai
479 1846 710 1887 Diodorus.
771 1846 902 1886 Multi
924 1853 1044 1886 erant
1074 1854 1279 1900 praeterea
1306 1844 1498 1901 praeclari
1522 1844 1564 1884 in
1587 1842 1776 1898 philoso-

245 1919 276 1950 p.
291 1912 340 1943 89.
354 1903 455 1959 phia
475 1913 518 1944 et
537 1903 716 1953 nobiles,
747 1918 770 1943 a
791 1903 946 1958 quibus
968 1903 1166 1943 omnibus
1199 1917 1282 1942 una
1311 1915 1434 1957 paene
1453 1903 1494 1932 35
1506 1913 1610 1941 voce
1631 1898 1776 1956 repelli

309 1962 338 1983 ²²·
351 1972 560 2002 oratorem
597 1976 621 2001 a
655 1960 954 2016 gubernaculis
986 1959 1225 2009 civitatum,
1257 1958 1428 1999 excludi
1460 1958 1514 1998 ab
1547 1957 1664 1997 omni
1697 1956 1775 1998 do-

349 2018 487 2059 ctrina
509 2031 731 2073 rerumque
764 2017 975 2072 majorum
1006 2016 1197 2067 scientia,
1224 2030 1274 2057 ac
1296 2023 1460 2056 tantum
1487 2014 1530 2055 in
1546 2013 1715 2069 judicia
1733 2021 1777 2054 et

392 2133 429 2160 31
460 2131 597 2169 Negare
623 2130 774 2169 cogeret]
808 2130 880 2160 Hoc
907 2140 945 2160 ex
972 2130 1041 2161 edd.
1085 2128 1202 2168 saepius
1217 2128 1311 2158 idem.

349 2183 399 2213 pr.
417 2182 514 2212 usque
529 2173 568 2203 ad
581 2174 675 2203 dunt.
688 2174 786 2202 etiam
805 2173 889 2212 Lips.
903 2173 1040 2212 reposui.
1127 2173 1167 2200 :34
1194 2168 1397 2201 charmadas
1414 2172 1445 2198 et
1464 2168 1526 2208 Gt]
1563 2167 1683 2208 Recepi
1704 2177 1781 2198 cum

350 2214 529 2253 vulgatum
555 2217 635 2245 scire
662 2219 798 2252 necaret
825 2221 874 2244 cst
902 2215 943 2243 ab
969 2214 1042 2244 Aldi

351 2258 562 2287 correctione.
601 2257 686 2286 {llud
700 2256 804 2286 multo
819 2263 867 2286 est
882 2257 1042 2286 efficacius

351 2303 386 2328 et
403 2299 527 2329 melius.
565 2300 714 2337 Negaret
729 2303 779 2328 est
801 2299 832 2328 in
857 2299 921 2328 Ms.
937 2299 975 2329 E.
988 2298 1043 2329 sed

352 2341 421 2371 sine
435 2342 526 2371 seire.

395 2385 435 2414 32
459 2383 603 2413 Pulares
622 2381 699 2420 esse]
728 2382 780 2411 Sic
801 2381 884 2411 edidi
908 2391 925 2411 e
947 2382 1043 2411 vesti-

353 2426 412 2463 giis
427 2426 474 2454 ed.
491 2426 541 2455 W.
552 2434 624 2463 qua*
639 2424 736 2454 habet
745 2428 840 2462 paces
853 2434 925 2453 esse.
951 2423 1044 2454 Pear-

353 2468 419 2496 cius
434 2467 521 2496 dedit
533 2471 691 2506 putasses,
708 2473 746 2495 ut
763 2466 856 2495 hahet
874 2465 942 2496 Eri.
957 2465 1042 2495 unde

352 2508 475 2538 factum
491 2514 584 2548 putat
598 2513 699 2547 putas
712 2518 794 2537 esse.-
817 2507 909 2546 idque
929 2508 1042 2548 proba-

353 2550 399 2579 vit
416 2551 527 2580 Burm.
543 2551 582 2580 ad
599 2553 688 2580 suet.
706 2551 787 2579 Caes.
803 2559 832 2589 p.
854 2551 920 2579 188.
936 2560 964 2580 a.
988 2550 1043 2579 sed

352 2592 445 2622 nulla
477 2593 559 2622 ratio
586 2598 647 2629 cst,
676 2602 773 2632 quare
808 2591 870 2622 hoc
897 2596 1044 2632 tempore

351 2639 467 2664 utatur
481 2633 512 2663 h.
530 2635 550 2664 l.

395 2679 434 2706 33
452 2675 682 2715 &Mirm-itur]
700 2675 849 2705 Peareius
861 2674 960 2705 edidit
974 2684 1045 2705 con-

344 2716 517 2758 jungitur.
563 2718 605 2747 Et
619 2717 664 2746 sic
680 2718 713 2746 in
728 2716 797 2746 edd.
814 2717 926 2755 primis
940 2718 1045 2747 omni—

353 2759 412 2789 bus
428 2760 529 2799 reperi
549 2764 624 2790 ante
640 2759 768 2789 Aldum.
813 2758 873 2789 Sed
887 2759 1046 2797 contingi—

353 2805 411 2830 mr
437 2802 618 2840 elegantius
643 2805 705 2836 est,
731 2800 824 2838 idque
851 2801 981 2840 praetuli
1005 2800 1046 2830 ob

353 2842 471 2873 librum
498 2844 565 2874 Erl.
587 2848 747 2873 autorem.
765 2843 858 2873 Curt.
872 2842 914 2879 V,
932 2844 980 2872 10.
1000 2844 1045 2872 12.

354 2884 503 2917 Darium
525 2886 712 2924 cognatione
729 2885 928 2922 contingens,
945 2888 979 2915 et
999 2885 1046 2915 sie

1085 2212 1215 2242 Pearcio
1243 2222 1301 2252 pro
1332 2210 1513 2241 carneades
1535 2210 1586 2240 hic
1610 2214 1644 2240 et
1672 2210 1706 2239 in
1732 2219 1781 2240 se-

1084 2255 1266 2293 quentibus.
1309 2253 1396 2283 Nam
1424 2253 1607 2283 Carneades
1633 2261 1700 2282 non
1728 2254 1780 2281 est
1812 2250 1816 2254 “

1086 2296 1180 2334 hujus
1206 2295 1281 2333 loci,
1314 2301 1353 2325 ut
1381 2294 1462 2324 bene
1488 2295 1599 2324 docuit
1628 2293 1694 2324 ille.
1738 2292 1779 2322 In

1086 2338 1148 2368 Ms.
1164 2338 1202 2367 E.
1219 2338 1303 2367 clare
1327 2344 1375 2367 est
1398 2336 1602 2367 Charmadas
1622 2345 1642 2366 a
1666 2345 1709 2366 m.
1725 2344 1775 2374 pr.

1085 2379 1147 2409 Sed
1163 2390 1205 2409 m.
1220 2389 1243 2410 s.
1260 2380 1293 2409 in
1308 2379 1405 2409 litera
1420 2389 1451 2408 m
1467 2378 1634 2418 adscripsit
1649 2386 1677 2414 e,
1693 2382 1727 2407 et
1745 2376 1779 2406 in

1085 2422 1204 2452 ultimo
1219 2432 1249 2451 a.
1264 2426 1297 2451 et
1313 2421 1358 2451 sie
1373 2421 1406 2451 in
1420 2420 1490 2451 aliis
1505 2420 1595 2450 locis.
1632 2418 1711 2459 Cap.
1731 2420 1778 2448 18.

1083 2469 1195 2493 tamen
1214 2463 1419 2494 Charmadas
1436 2467 1485 2492 est
1507 2462 1576 2491 sine
1599 2460 1657 2490 tali
1673 2470 1780 2491 eorre-

1084 2506 1203 2535 ctione.
1224 2506 1312 2536 Tum
1327 2514 1402 2534 cuni
1417 2504 1528 2534 eodem
1550 2502 1685 2533 Critolai
1698 2503 1779 2533 Dio-

1084 2548 1193 2584 dorus,
1217 2557 1274 2587 pro
1295 2546 1455 2576 Critolaus
1467 2550 1497 2576 ee
1512 2544 1610 2575 Diod.
1626 2545 1712 2584 qnod
1723 2552 1780 2585 pa—

1086 2590 1166 2620 riter
1178 2594 1212 2619 et
1226 2589 1371 2619 historiae
1385 2593 1418 2618 et
1429 2591 1616 2626 temporum
1631 2587 1715 2618 ratio
1725 2586 1779 2617 de-

1087 2631 1220 2668 siderat,
1233 2636 1267 2661 et
1282 2631 1344 2661 Ms.
1361 2629 1398 2659 E.
1413 2628 1522 2658 habet.

1130 2675 1170 2703 35
1194 2673 1274 2703 Voce
1288 2670 1426 2712 repelli]
1464 2670 1516 2700 Sic
1530 2669 1594 2700 Ms.
1609 2669 1648 2700 E.
1665 2679 1779 2708 omne!

1087 2715 1156 2746 edd.
1172 2725 1220 2754 pr.
1237 2715 1332 2753 idque
1347 2713 1491 2743 restituit
1505 2711 1664 2742 Peareius.
1701 2712 1780 2743 Vui-

1087 2763 1201 2797 gatum
1217 2757 1329 2796 repelli
1342 2764 1414 2785 voce
1432 2758 1481 2784 est
1497 2754 1536 2784 ab
1550 2753 1646 2789 Aldo,
1666 2754 1720 2792 qui
1735 2755 1782 2784 vi-

1087 2799 1182 2829 detur
1204 2797 1383 2828 clausulam
1406 2805 1514 2825 versus
1532 2795 1711 2826 hexametri
1735 2795 1782 2825 vi-

1087 2845 1158 2872 tare
1174 2840 1333 2877 voluisse3
1357 2847 1416 2869 nee
1429 2847 1502 2869 eam
1517 2837 1643 2869 vitavit.
