<?xml version="1.0" encoding="UTF-8"?>
<!DOCTYPE html PUBLIC "-//W3C//DTD XHTML 1.0 Transitional//EN"
    "http://www.w3.org/TR/xhtml1/DTD/xhtml1-transitional.dtd">
<html xmlns="http://www.w3.org/1999/xhtml" xml:lang="en" lang="en">
 <head>
  <title>
</title>
<meta http-equiv="Content-Type" content="text/html;charset=utf-8" />
  <meta name='ocr-system' content='tesseract 3.04.00' />
  <meta name='ocr-capabilities' content='ocr_page ocr_carea ocr_par ocr_line ocrx_word'/>
</head>
<body>
  <div class='ocr_page' id='page_1' title='image "./operaomnia01ciceuoft/operaomnia01ciceuoft_0525.png"; bbox 0 0 1945 3235; ppageno 0'>
   <div class='ocr_carea' id='block_1_1' title="bbox 654 145 1510 187">
    <p class='ocr_par' dir='ltr' id='par_1_1' title="bbox 654 145 1510 187">
     <span class='ocr_line' id='line_1_1' title="bbox 654 145 1510 187; baseline 0.001 -2"><span class='ocrx_word' id='word_1_1' title='bbox 654 145 928 186; x_wconf 85' lang='lat' dir='ltr'><strong>BRUTUS.</strong></span> <span class='ocrx_word' id='word_1_2' title='bbox 1433 152 1510 187; x_wconf 82' lang='lat'>453</span> 
     </span>
    </p>
   </div>
   <div class='ocr_carea' id='block_1_2' title="bbox 57 246 1596 2484">
    <p class='ocr_par' dir='ltr' id='par_1_2' title="bbox 59 246 1596 977">
     <span class='ocr_line' id='line_1_2' title="bbox 64 246 1508 308; baseline 0.003 -18"><span class='ocrx_word' id='word_1_3' title='bbox 64 246 211 302; x_wconf 63' lang='lat' dir='ltr'>etiam,</span> <span class='ocrx_word' id='word_1_4' title='bbox 242 257 287 292; x_wconf 90' lang='lat' dir='ltr'>et</span> <span class='ocrx_word' id='word_1_5' title='bbox 318 249 583 308; x_wconf 81' lang='lat' dir='ltr'>diligentem,</span> <span class='ocrx_word' id='word_1_6' title='bbox 610 258 653 291; x_wconf 88' lang='lat' dir='ltr'>et</span> <span class='ocrx_word' id='word_1_7' title='bbox 683 251 727 292; x_wconf 93' lang='lat' dir='ltr'>in</span> <span class='ocrx_word' id='word_1_8' title='bbox 758 248 1156 300; x_wconf 75' lang='lat' dir='ltr'>exercitationibus,</span> <span class='ocrx_word' id='word_1_9' title='bbox 1179 252 1508 294; x_wconf 88' lang='lat' dir='ltr'>commentatio-</span> 
     </span>
     <span class='ocr_line' id='line_1_3' title="bbox 64 305 1596 369; baseline 0.003 -23"><span class='ocrx_word' id='word_1_10' title='bbox 64 305 280 369; x_wconf 88' lang='lat' dir='ltr'>nibusque</span> <span class='ocrx_word' id='word_1_11' title='bbox 300 309 483 350; x_wconf 86' lang='lat' dir='ltr'>multum</span> <span class='ocrx_word' id='word_1_12' title='bbox 506 322 647 365; x_wconf 84' lang='lat' dir='ltr'>operae</span> <span class='ocrx_word' id='word_1_13' title='bbox 671 308 844 349; x_wconf 87' lang='lat' dir='ltr'>solitum</span> <span class='ocrx_word' id='word_1_14' title='bbox 867 321 957 347; x_wconf 84' lang='lat' dir='ltr'>esse</span> <span class='ocrx_word' id='word_1_15' title='bbox 981 320 1153 362; x_wconf 63' lang='lat' dir='ltr'>ponere</span> <span class='ocrx_word' id='word_1_16' title='bbox 1192 307 1281 349; x_wconf 88' lang='lat' dir='ltr'>Hic</span> <span class='ocrx_word' id='word_1_17' title='bbox 1303 310 1506 365; x_wconf 81' lang='lat' dir='ltr'>optimus,</span> <span class='ocrx_word' id='word_1_18' title='bbox 1522 321 1596 359; x_wconf 86' lang='grc'>106</span> 
     </span>
     <span class='ocr_line' id='line_1_4' title="bbox 62 361 1508 421; baseline 0.003 -18"><span class='ocrx_word' id='word_1_19' title='bbox 62 361 147 404; x_wconf 77' lang='lat' dir='ltr'>illis</span> <span class='ocrx_word' id='word_1_20' title='bbox 171 367 451 421; x_wconf 83' lang='lat' dir='ltr'>temporibus,</span> <span class='ocrx_word' id='word_1_21' title='bbox 473 374 538 407; x_wconf 90' lang='lat' dir='ltr'>est</span> <span class='ocrx_word' id='word_1_22' title='bbox 565 374 772 421; x_wconf 74' lang='lat' dir='ltr'>patronus</span> <span class='ocrx_word' id='word_1_23' title='bbox 802 364 990 414; x_wconf 83' lang='lat' dir='ltr'>habitus,</span> <span class='ocrx_word' id='word_1_24' title='bbox 1014 377 1150 418; x_wconf 88' lang='lat' dir='ltr'>eoque</span> <span class='ocrx_word' id='word_1_25' title='bbox 1173 363 1312 404; x_wconf 82' lang='lat' dir='ltr'>forum</span> <span class='ocrx_word' id='word_1_26' title='bbox 1336 376 1508 408; x_wconf 86' lang='lat' dir='ltr'>tenente</span> 
     </span>
     <span class='ocr_line' id='line_1_5' title="bbox 63 420 1508 486; baseline 0.003 -25"><span class='ocrx_word' id='word_1_27' title='bbox 63 420 188 476; x_wconf 84' lang='lat' dir='ltr'>plura</span> <span class='ocrx_word' id='word_1_28' title='bbox 209 423 299 464; x_wconf 86' lang='lat' dir='ltr'>fieri</span> <span class='ocrx_word' id='word_1_29' title='bbox 325 423 494 478; x_wconf 84' lang='lat' dir='ltr'>judicia</span> <span class='ocrx_word' id='word_1_30' title='bbox 515 431 756 486; x_wconf 76' lang='lat' dir='ltr'>coeperunt</span> <span class='ocrx_word' id='word_1_31' title='bbox 788 435 886 462; x_wconf 78' lang='lat' dir='ltr'>narn</span> <span class='ocrx_word' id='word_1_32' title='bbox 909 431 952 461; x_wconf 83' lang='lat' dir='ltr'>et</span> <span class='ocrx_word' id='word_1_33' title='bbox 982 420 1241 475; x_wconf 57' lang='lat' dir='ltr'>quaestiones</span> <span class='ocrx_word' id='word_1_34' title='bbox 1274 432 1508 485; x_wconf 80' lang='lat' dir='ltr'>perpetuae,</span> 
     </span>
     <span class='ocr_line' id='line_1_6' title="bbox 63 477 1508 533; baseline 0.001 -14"><span class='ocrx_word' id='word_1_35' title='bbox 63 477 149 520; x_wconf 87' lang='lat' dir='ltr'>hoc</span> <span class='ocrx_word' id='word_1_36' title='bbox 179 479 447 521; x_wconf 79' lang='lat' dir='ltr'>adolescente</span> <span class='ocrx_word' id='word_1_37' title='bbox 468 482 715 520; x_wconf 88' lang='lat' dir='ltr'>constitutae</span> <span class='ocrx_word' id='word_1_38' title='bbox 749 489 861 528; x_wconf 87' lang='lat' dir='ltr'>sunt,</span> <span class='ocrx_word' id='word_1_39' title='bbox 886 493 981 533; x_wconf 78' lang='lat' dir='ltr'>quae</span> <span class='ocrx_word' id='word_1_40' title='bbox 1015 487 1140 518; x_wconf 86' lang='lat' dir='ltr'>antea</span> <span class='ocrx_word' id='word_1_41' title='bbox 1162 477 1287 518; x_wconf 84' lang='lat' dir='ltr'>nullae</span> <span class='ocrx_word' id='word_1_42' title='bbox 1322 477 1508 531; x_wconf 87' lang='lat' dir='ltr'>fuerunt,</span> 
     </span>
     <span class='ocr_line' id='line_1_7' title="bbox 64 510 1507 591; baseline 0.001 -15"><span class='ocrx_word' id='word_1_43' title='bbox 64 534 138 587; x_wconf 88' lang='lat' dir='ltr'>(L.</span> <span class='ocrx_word' id='word_1_44' title='bbox 164 537 276 578; x_wconf 87' lang='lat' dir='ltr'>enim</span> <span class='ocrx_word' id='word_1_45' title='bbox 311 536 427 587; x_wconf 83' lang='lat' dir='ltr'>Piso,</span> <span class='ocrx_word' id='word_1_46' title='bbox 459 536 653 576; x_wconf 87' lang='lat' dir='ltr'>tribunus</span> <span class='ocrx_word' id='word_1_47' title='bbox 687 535 823 591; x_wconf 85' lang='lat' dir='ltr'>plebis</span> <span class='ocrx_word' id='word_1_48' title='bbox 851 510 916 576; x_wconf 77' lang='lat' dir='ltr'>leU</span> <span class='ocrx_word' id='word_1_49' title='bbox 897 550 992 591; x_wconf 61' lang='lat' dir='ltr'>gem</span> <span class='ocrx_word' id='word_1_50' title='bbox 1030 535 1191 590; x_wconf 85' lang='lat' dir='ltr'>primus</span> <span class='ocrx_word' id='word_1_51' title='bbox 1227 534 1279 575; x_wconf 90' lang='lat' dir='ltr'>de</span> <span class='ocrx_word' id='word_1_52' title='bbox 1316 537 1507 590; x_wconf 86' lang='lat' dir='ltr'>pecuniis</span> 
     </span>
     <span class='ocr_line' id='line_1_8' title="bbox 63 591 1508 649; baseline 0 -15"><span class='ocrx_word' id='word_1_53' title='bbox 63 593 326 649; x_wconf 83' lang='lat' dir='ltr'>repetundis,-</span> <span class='ocrx_word' id='word_1_54' title='bbox 370 593 607 634; x_wconf 85' lang='lat' dir='ltr'>Censorino</span> <span class='ocrx_word' id='word_1_55' title='bbox 648 602 691 633; x_wconf 90' lang='lat' dir='ltr'>et</span> <span class='ocrx_word' id='word_1_56' title='bbox 734 593 921 634; x_wconf 87' lang='lat' dir='ltr'>Manilio</span> <span class='ocrx_word' id='word_1_57' title='bbox 964 592 1212 633; x_wconf 87' lang='lat' dir='ltr'>consulibus</span> <span class='ocrx_word' id='word_1_58' title='bbox 1253 591 1365 633; x_wconf 89' lang='lat' dir='ltr'>tulit.</span> <span class='ocrx_word' id='word_1_59' title='bbox 1418 593 1508 649; x_wconf 84' lang='lat' dir='ltr'>ipse</span> 
     </span>
     <span class='ocr_line' id='line_1_9' title="bbox 61 650 1507 706; baseline 0.001 -16"><span class='ocrx_word' id='word_1_60' title='bbox 61 650 193 691; x_wconf 85' lang='lat' dir='ltr'>etiam</span> <span class='ocrx_word' id='word_1_61' title='bbox 225 650 328 691; x_wconf 87' lang='lat' dir='ltr'>Piso</span> <span class='ocrx_word' id='word_1_62' title='bbox 351 660 394 691; x_wconf 88' lang='lat' dir='ltr'>et</span> <span class='ocrx_word' id='word_1_63' title='bbox 423 664 571 690; x_wconf 83' lang='lat' dir='ltr'>causas</span> <span class='ocrx_word' id='word_1_64' title='bbox 596 650 702 706; x_wconf 79' lang='lat' dir='ltr'>egit,</span> <span class='ocrx_word' id='word_1_65' title='bbox 725 660 768 690; x_wconf 85' lang='lat' dir='ltr'>et</span> <span class='ocrx_word' id='word_1_66' title='bbox 799 650 1029 691; x_wconf 88' lang='lat' dir='ltr'>multarum</span> <span class='ocrx_word' id='word_1_67' title='bbox 1062 650 1204 705; x_wconf 82' lang='lat' dir='ltr'>legum</span> <span class='ocrx_word' id='word_1_68' title='bbox 1235 658 1310 689; x_wconf 82' lang='lat' dir='ltr'>aut</span> <span class='ocrx_word' id='word_1_69' title='bbox 1341 660 1507 702; x_wconf 86' lang='lat' dir='ltr'>auctor,</span> 
     </span>
     <span class='ocr_line' id='line_1_10' title="bbox 61 706 1505 762; baseline 0.001 -14"><span class='ocrx_word' id='word_1_70' title='bbox 61 716 136 748; x_wconf 86' lang='lat' dir='ltr'>aut</span> <span class='ocrx_word' id='word_1_71' title='bbox 176 707 389 748; x_wconf 80' lang='lat' dir='ltr'>dissuasor</span> <span class='ocrx_word' id='word_1_72' title='bbox 429 706 536 748; x_wconf 81' lang='lat' dir='ltr'>fuit:</span> <span class='ocrx_word' id='word_1_73' title='bbox 576 707 695 762; x_wconf 84' lang='lat' dir='ltr'>isque</span> <span class='ocrx_word' id='word_1_74' title='bbox 728 717 771 748; x_wconf 89' lang='lat' dir='ltr'>et</span> <span class='ocrx_word' id='word_1_75' title='bbox 805 709 1019 748; x_wconf 85' lang='lat' dir='ltr'>orationes</span> <span class='ocrx_word' id='word_1_76' title='bbox 1064 707 1250 761; x_wconf 85' lang='lat' dir='ltr'>reliquit,</span> <span class='ocrx_word' id='word_1_77' title='bbox 1284 722 1380 762; x_wconf 88' lang='lat' dir='ltr'>quae</span> <span class='ocrx_word' id='word_1_78' title='bbox 1412 707 1505 762; x_wconf 87' lang='lat' dir='ltr'>jam</span> 
     </span>
     <span class='ocr_line' id='line_1_11' title="bbox 59 764 1508 819; baseline 0 -14"><span class='ocrx_word' id='word_1_79' title='bbox 59 772 339 814; x_wconf 81' lang='lat' dir='ltr'>evanuerunt,</span> <span class='ocrx_word' id='word_1_80' title='bbox 372 773 414 805; x_wconf 88' lang='lat' dir='ltr'>et</span> <span class='ocrx_word' id='word_1_81' title='bbox 448 764 633 815; x_wconf 83' lang='lat' dir='ltr'>annales,</span> <span class='ocrx_word' id='word_1_82' title='bbox 666 779 766 806; x_wconf 84' lang='lat' dir='ltr'>sane</span> <span class='ocrx_word' id='word_1_83' title='bbox 799 764 969 805; x_wconf 77' lang='lat' dir='ltr'>exiliter</span> <span class='ocrx_word' id='word_1_84' title='bbox 1003 764 1232 819; x_wconf 70' lang='lat' dir='ltr'>scriptos3)</span> <span class='ocrx_word' id='word_1_85' title='bbox 1263 774 1305 804; x_wconf 87' lang='lat' dir='ltr'>et</span> <span class='ocrx_word' id='word_1_86' title='bbox 1338 764 1508 818; x_wconf 81' lang='lat' dir='ltr'>judicia.</span> 
     </span>
     <span class='ocr_line' id='line_1_12' title="bbox 61 796 1506 877; baseline 0 -15"><span class='ocrx_word' id='word_1_87' title='bbox 61 821 226 877; x_wconf 85' lang='lat' dir='ltr'>populi,</span> <span class='ocrx_word' id='word_1_88' title='bbox 247 796 402 876; x_wconf 83' lang='lat' dir='ltr'>quibus</span> <span class='ocrx_word' id='word_1_89' title='bbox 425 822 572 862; x_wconf 84' lang='lat' dir='ltr'>aderat</span> <span class='ocrx_word' id='word_1_90' title='bbox 590 822 636 862; x_wconf 91' lang='lat' dir='ltr'>C·</span> <span class='ocrx_word' id='word_1_91' title='bbox 630 823 748 872; x_wconf 80' lang='lat' dir='ltr'>11·,bo</span> <span class='ocrx_word' id='word_1_92' title='bbox 765 822 857 877; x_wconf 87' lang='lat' dir='ltr'>jam</span> <span class='ocrx_word' id='word_1_93' title='bbox 882 822 1018 877; x_wconf 81' lang='lat' dir='ltr'>magis</span> <span class='ocrx_word' id='word_1_94' title='bbox 1043 836 1084 877; x_wconf 87' lang='lat' dir='ltr'>p</span> <span class='ocrx_word' id='word_1_95' title='bbox 1074 831 1272 861; x_wconf 62' lang='grc' dir='ltr'><strong>ἀι-1101111111</strong></span> <span class='ocrx_word' id='word_1_96' title='bbox 1291 821 1506 862; x_wconf 79' lang='lat' dir='ltr'>desidera-</span> 
     </span>
     <span class='ocr_line' id='line_1_13' title="bbox 59 872 1504 936; baseline 0.001 -18"><span class='ocrx_word' id='word_1_97' title='bbox 59 878 179 929; x_wconf 87' lang='lat' dir='ltr'>bant,</span> <span class='ocrx_word' id='word_1_98' title='bbox 202 878 357 920; x_wconf 84' lang='lat' dir='ltr'>tabella</span> <span class='ocrx_word' id='word_1_99' title='bbox 378 879 501 920; x_wconf 72' lang='lat' dir='ltr'>dita:</span> <span class='ocrx_word' id='word_1_100' title='bbox 525 894 652 934; x_wconf 91' lang='lat' dir='ltr'>quam</span> <span class='ocrx_word' id='word_1_101' title='bbox 677 879 816 936; x_wconf 82' lang='lat' dir='ltr'>legem</span> <span class='ocrx_word' id='word_1_102' title='bbox 841 879 890 920; x_wconf 93' lang='lat' dir='ltr'>L.</span> <span class='ocrx_word' id='word_1_103' title='bbox 915 878 1103 929; x_wconf 81' lang='lat' dir='ltr'>Cassius,</span> <span class='ocrx_word' id='word_1_104' title='bbox 1130 878 1293 934; x_wconf 87' lang='lat' dir='ltr'>Lepido</span> <span class='ocrx_word' id='word_1_105' title='bbox 1312 888 1355 918; x_wconf 85' lang='lat' dir='ltr'>et</span> <span class='ocrx_word' id='word_1_106' title='bbox 1374 872 1504 920; x_wconf 83' lang='lat' dir='ltr'>Man-</span> 
     </span>
     <span class='ocr_line' id='line_1_14' title="bbox 59 934 559 977; baseline 0.002 -1"><span class='ocrx_word' id='word_1_107' title='bbox 59 934 159 976; x_wconf 88' lang='lat' dir='ltr'>cino</span> <span class='ocrx_word' id='word_1_108' title='bbox 176 936 423 977; x_wconf 88' lang='lat' dir='ltr'>consulibus</span> <span class='ocrx_word' id='word_1_109' title='bbox 446 936 559 977; x_wconf 87' lang='lat' dir='ltr'>tulit.</span> 
     </span>
    </p>

    <p class='ocr_par' dir='ltr' id='par_1_3' title="bbox 57 986 1588 2484">
     <span class='ocr_line' id='line_1_15' title="bbox 118 986 1584 1048; baseline 0.001 -16"><span class='ocrx_word' id='word_1_110' title='bbox 118 992 269 1034; x_wconf 86' lang='lat' dir='ltr'>Vester</span> <span class='ocrx_word' id='word_1_111' title='bbox 298 994 427 1034; x_wconf 84' lang='lat' dir='ltr'>etiam</span> <span class='ocrx_word' id='word_1_112' title='bbox 461 993 518 1034; x_wconf 91' lang='lat' dir='ltr'>D.</span> <span class='ocrx_word' id='word_1_113' title='bbox 542 993 764 1044; x_wconf 72' lang='lat' dir='ltr'>Brutus,l</span> <span class='ocrx_word' id='word_1_114' title='bbox 749 992 816 1034; x_wconf 89' lang='grc' dir='ltr'>Μ.</span> <span class='ocrx_word' id='word_1_115' title='bbox 849 992 974 1043; x_wconf 84' lang='lat' dir='ltr'>filius,</span> <span class='ocrx_word' id='word_1_116' title='bbox 1010 1001 1057 1034; x_wconf 93' lang='lat' dir='ltr'>ut</span> <span class='ocrx_word' id='word_1_117' title='bbox 1089 1006 1143 1033; x_wconf 82' lang='lat' dir='ltr'>ex</span> <span class='ocrx_word' id='word_1_118' title='bbox 1178 991 1376 1033; x_wconf 81' lang='lat' dir='ltr'>familiari</span> <span class='ocrx_word' id='word_1_119' title='bbox 1409 991 1501 1048; x_wconf 82' lang='lat' dir='ltr'>ejus</span> <span class='ocrx_word' id='word_1_120' title='bbox 1514 986 1584 1034; x_wconf 66' lang='lat'>28</span> 
     </span>
     <span class='ocr_line' id='line_1_16' title="bbox 61 1048 1591 1107; baseline 0 -16"><span class='ocrx_word' id='word_1_121' title='bbox 61 1048 111 1091; x_wconf 91' lang='lat' dir='ltr'>L.</span> <span class='ocrx_word' id='word_1_122' title='bbox 134 1048 258 1092; x_wconf 90' lang='lat' dir='ltr'>Attio</span> <span class='ocrx_word' id='word_1_123' title='bbox 281 1051 410 1107; x_wconf 78' lang='lat' dir='ltr'>po&#39;e&#39;ta</span> <span class='ocrx_word' id='word_1_124' title='bbox 433 1066 525 1092; x_wconf 86' lang='lat' dir='ltr'>sum</span> <span class='ocrx_word' id='word_1_125' title='bbox 547 1051 693 1092; x_wconf 89' lang='lat' dir='ltr'>audire</span> <span class='ocrx_word' id='word_1_126' title='bbox 716 1051 880 1100; x_wconf 79' lang='lat' dir='ltr'>solitus,</span> <span class='ocrx_word' id='word_1_127' title='bbox 903 1060 945 1091; x_wconf 91' lang='lat' dir='ltr'>et</span> <span class='ocrx_word' id='word_1_128' title='bbox 967 1050 1107 1091; x_wconf 84' lang='lat' dir='ltr'>dicere</span> <span class='ocrx_word' id='word_1_129' title='bbox 1135 1065 1218 1090; x_wconf 88' lang='lat' dir='ltr'>nou</span> <span class='ocrx_word' id='word_1_130' title='bbox 1243 1050 1404 1090; x_wconf 85' lang='lat' dir='ltr'>inculte</span> <span class='ocrx_word' id='word_1_131' title='bbox 1435 1059 1591 1097; x_wconf 79' lang='grc'>50-107</span> 
     </span>
     <span class='ocr_line' id='line_1_17' title="bbox 59 1105 1503 1159; baseline 0.001 -11"><span class='ocrx_word' id='word_1_132' title='bbox 59 1105 191 1159; x_wconf 85' lang='lat' dir='ltr'>lebat,</span> <span class='ocrx_word' id='word_1_133' title='bbox 223 1117 266 1148; x_wconf 94' lang='lat' dir='ltr'>et</span> <span class='ocrx_word' id='word_1_134' title='bbox 294 1118 385 1150; x_wconf 88' lang='lat' dir='ltr'>erat</span> <span class='ocrx_word' id='word_1_135' title='bbox 413 1124 512 1150; x_wconf 88' lang='lat' dir='ltr'>cum</span> <span class='ocrx_word' id='word_1_136' title='bbox 548 1108 700 1149; x_wconf 87' lang='lat' dir='ltr'>litteris</span> <span class='ocrx_word' id='word_1_137' title='bbox 733 1108 911 1159; x_wconf 86' lang='lat' dir='ltr'>Latinis,</span> <span class='ocrx_word' id='word_1_138' title='bbox 948 1118 1038 1147; x_wconf 88' lang='lat' dir='ltr'>tum</span> <span class='ocrx_word' id='word_1_139' title='bbox 1072 1107 1200 1148; x_wconf 82' lang='lat' dir='ltr'>etiam</span> <span class='ocrx_word' id='word_1_140' title='bbox 1237 1106 1419 1157; x_wconf 69' lang='lat' dir='ltr'>Giaecis,</span> <span class='ocrx_word' id='word_1_141' title='bbox 1455 1118 1503 1149; x_wconf 86' lang='lat' dir='ltr'>ut</span> 
     </span>
     <span class='ocr_line' id='line_1_18' title="bbox 61 1163 1504 1229; baseline 0.001 -24"><span class='ocrx_word' id='word_1_142' title='bbox 61 1165 327 1229; x_wconf 86' lang='lat' dir='ltr'>temporibus</span> <span class='ocrx_word' id='word_1_143' title='bbox 361 1165 457 1217; x_wconf 91' lang='lat' dir='ltr'>illis,</span> <span class='ocrx_word' id='word_1_144' title='bbox 491 1166 696 1208; x_wconf 84' lang='lat' dir='ltr'>eruditus.</span> <span class='ocrx_word' id='word_1_145' title='bbox 756 1165 919 1211; x_wconf 81' lang='lat' dir='ltr'>63Quae</span> <span class='ocrx_word' id='word_1_146' title='bbox 954 1165 1172 1205; x_wconf 80' lang='lat' dir='ltr'>tribuebat</span> <span class='ocrx_word' id='word_1_147' title='bbox 1207 1165 1323 1206; x_wconf 90' lang='lat' dir='ltr'>idem</span> <span class='ocrx_word' id='word_1_148' title='bbox 1356 1163 1504 1206; x_wconf 90' lang='lat' dir='ltr'>Attius</span> 
     </span>
     <span class='ocr_line' id='line_1_19' title="bbox 59 1221 1505 1279; baseline 0 -17"><span class='ocrx_word' id='word_1_149' title='bbox 59 1222 192 1263; x_wconf 80' lang='lat' dir='ltr'>etiam</span> <span class='ocrx_word' id='word_1_150' title='bbox 216 1223 272 1269; x_wconf 82' lang='lat' dir='ltr'>Q.</span> <span class='ocrx_word' id='word_1_151' title='bbox 299 1223 515 1274; x_wconf 85' lang='lat' dir='ltr'>Maximo,</span> <span class='ocrx_word' id='word_1_152' title='bbox 539 1223 587 1263; x_wconf 91' lang='lat' dir='ltr'>L.</span> <span class='ocrx_word' id='word_1_153' title='bbox 613 1222 749 1264; x_wconf 83' lang='lat' dir='ltr'>Paulli</span> <span class='ocrx_word' id='word_1_154' title='bbox 772 1223 813 1253; x_wconf 64' lang='grc'>64</span> <span class='ocrx_word' id='word_1_155' title='bbox 827 1232 999 1279; x_wconf 86' lang='lat' dir='ltr'>nepoti</span> <span class='ocrx_word' id='word_1_156' title='bbox 1031 1232 1073 1262; x_wconf 91' lang='lat' dir='ltr'>et</span> <span class='ocrx_word' id='word_1_157' title='bbox 1103 1237 1201 1263; x_wconf 80' lang='lat' dir='ltr'>v·ero</span> <span class='ocrx_word' id='word_1_158' title='bbox 1224 1231 1323 1263; x_wconf 85' lang='lat' dir='ltr'>ante</span> <span class='ocrx_word' id='word_1_159' title='bbox 1355 1221 1505 1263; x_wconf 74' lang='lat' dir='ltr'>Maxi-</span> 
     </span>
     <span class='ocr_line' id='line_1_20' title="bbox 59 1279 1504 1344; baseline 0 -24"><span class='ocrx_word' id='word_1_160' title='bbox 59 1293 194 1332; x_wconf 88' lang='lat' dir='ltr'>mum,</span> <span class='ocrx_word' id='word_1_161' title='bbox 217 1280 334 1322; x_wconf 89' lang='lat' dir='ltr'>illum</span> <span class='ocrx_word' id='word_1_162' title='bbox 367 1281 629 1337; x_wconf 86' lang='lat' dir='ltr'>Scipionem,</span> <span class='ocrx_word' id='word_1_163' title='bbox 652 1295 737 1344; x_wconf 81' lang='lat' dir='ltr'>quo</span> <span class='ocrx_word' id='word_1_164' title='bbox 759 1280 868 1321; x_wconf 86' lang='lat' dir='ltr'>duce</span> <span class='ocrx_word' id='word_1_165' title='bbox 900 1280 1068 1335; x_wconf 77' lang='lat' dir='ltr'>privato</span> <span class='ocrx_word' id='word_1_166' title='bbox 1091 1279 1157 1320; x_wconf 92' lang='lat' dir='ltr'>Ti.</span> <span class='ocrx_word' id='word_1_167' title='bbox 1182 1279 1407 1321; x_wconf 84' lang='lat' dir='ltr'>Gracchus</span> <span class='ocrx_word' id='word_1_168' title='bbox 1430 1294 1504 1320; x_wconf 86' lang='lat' dir='ltr'>oc·</span> 
     </span>
     <span class='ocr_line' id='line_1_21' title="bbox 58 1337 1500 1389; baseline -0.001 -11"><span class='ocrx_word' id='word_1_169' title='bbox 58 1337 174 1378; x_wconf 90' lang='lat' dir='ltr'>cisus</span> <span class='ocrx_word' id='word_1_170' title='bbox 194 1346 320 1389; x_wconf 88' lang='lat' dir='ltr'>esset,</span> <span class='ocrx_word' id='word_1_171' title='bbox 340 1353 440 1379; x_wconf 90' lang='lat' dir='ltr'>cum</span> <span class='ocrx_word' id='word_1_172' title='bbox 462 1338 693 1379; x_wconf 85' lang='lat' dir='ltr'>omnibus</span> <span class='ocrx_word' id='word_1_173' title='bbox 684 1353 727 1378; x_wconf 90' lang='lat' dir='ltr'>rn</span> <span class='ocrx_word' id='word_1_174' title='bbox 751 1338 876 1378; x_wconf 89' lang='lat' dir='ltr'>rebus</span> <span class='ocrx_word' id='word_1_175' title='bbox 901 1337 1213 1387; x_wconf 85' lang='lat' dir='ltr'>vehementem,</span> <span class='ocrx_word' id='word_1_176' title='bbox 1238 1346 1328 1378; x_wconf 87' lang='lat' dir='ltr'>tum</span> <span class='ocrx_word' id='word_1_177' title='bbox 1360 1351 1500 1378; x_wconf 88' lang='lat' dir='ltr'>acrem</span> 
     </span>
     <span class='ocr_line' id='line_1_22' title="bbox 59 1394 1588 1450; baseline 0.003 -15"><span class='ocrx_word' id='word_1_178' title='bbox 59 1394 235 1436; x_wconf 77' lang='lat' dir='ltr'>aiebat</span> <span class='ocrx_word' id='word_1_179' title='bbox 225 1409 267 1436; x_wconf 88' lang='lat' dir='ltr'>m</span> <span class='ocrx_word' id='word_1_180' title='bbox 291 1396 472 1437; x_wconf 90' lang='lat' dir='ltr'>dicendo</span> <span class='ocrx_word' id='word_1_181' title='bbox 496 1395 640 1436; x_wconf 87' lang='lat' dir='ltr'>fuisse.</span> <span class='ocrx_word' id='word_1_182' title='bbox 699 1394 810 1435; x_wconf 87' lang='lat' dir='ltr'>Tum</span> <span class='ocrx_word' id='word_1_183' title='bbox 834 1394 963 1436; x_wconf 85' lang='lat' dir='ltr'>etiam</span> <span class='ocrx_word' id='word_1_184' title='bbox 990 1394 1039 1435; x_wconf 88' lang='lat' dir='ltr'><strong>P.</strong></span> <span class='ocrx_word' id='word_1_185' title='bbox 1065 1394 1271 1435; x_wconf 87' lang='lat' dir='ltr'>Lentulus</span> <span class='ocrx_word' id='word_1_186' title='bbox 1294 1394 1363 1435; x_wconf 86' lang='lat' dir='ltr'>ille</span> <span class='ocrx_word' id='word_1_187' title='bbox 1386 1396 1501 1450; x_wconf 83' lang='lat' dir='ltr'>prin·</span> <span class='ocrx_word' id='word_1_188' title='bbox 1515 1404 1588 1439; x_wconf 78' lang='lat'>108</span> 
     </span>
     <span class='ocr_line' id='line_1_23' title="bbox 58 1452 1502 1509; baseline 0 -17"><span class='ocrx_word' id='word_1_189' title='bbox 58 1466 176 1507; x_wconf 90' lang='lat' dir='ltr'>ceps,</span> <span class='ocrx_word' id='word_1_190' title='bbox 205 1452 258 1493; x_wconf 88' lang='lat' dir='ltr'>ad</span> <span class='ocrx_word' id='word_1_191' title='bbox 291 1453 599 1509; x_wconf 83' lang='lat' dir='ltr'>rempublicam</span> <span class='ocrx_word' id='word_1_192' title='bbox 628 1452 840 1493; x_wconf 83' lang='lat' dir='ltr'>duntaxat</span> <span class='ocrx_word' id='word_1_193' title='bbox 870 1452 985 1507; x_wconf 86' lang='lat' dir='ltr'>quod</span> <span class='ocrx_word' id='word_1_194' title='bbox 1005 1467 1114 1508; x_wconf 86' lang='lat' dir='ltr'>opus</span> <span class='ocrx_word' id='word_1_195' title='bbox 1137 1462 1261 1503; x_wconf 86' lang='lat' dir='ltr'>esset,</span> <span class='ocrx_word' id='word_1_196' title='bbox 1293 1452 1395 1492; x_wconf 87' lang='lat' dir='ltr'>satis</span> <span class='ocrx_word' id='word_1_197' title='bbox 1428 1452 1502 1493; x_wconf 85' lang='lat' dir='ltr'>ha-</span> 
     </span>
     <span class='ocr_line' id='line_1_24' title="bbox 57 1508 1504 1573; baseline 0.001 -24"><span class='ocrx_word' id='word_1_198' title='bbox 57 1508 202 1550; x_wconf 89' lang='lat' dir='ltr'>buisse</span> <span class='ocrx_word' id='word_1_199' title='bbox 222 1508 479 1566; x_wconf 79' lang='lat' dir='ltr'>eloquentiae</span> <span class='ocrx_word' id='word_1_200' title='bbox 503 1511 674 1551; x_wconf 90' lang='lat' dir='ltr'>dicitur.</span> <span class='ocrx_word' id='word_1_201' title='bbox 720 1509 963 1564; x_wconf 85' lang='lat' dir='ltr'>Iisdemque</span> <span class='ocrx_word' id='word_1_202' title='bbox 983 1510 1251 1573; x_wconf 83' lang='lat' dir='ltr'>temporibus</span> <span class='ocrx_word' id='word_1_203' title='bbox 1276 1509 1325 1550; x_wconf 94' lang='lat' dir='ltr'><strong>L</strong></span> <span class='ocrx_word' id='word_1_204' title='bbox 1351 1509 1504 1550; x_wconf 84' lang='lat' dir='ltr'>Furius</span> 
     </span>
     <span class='ocr_line' id='line_1_25' title="bbox 60 1564 1500 1631; baseline -0.001 -23"><span class='ocrx_word' id='word_1_205' title='bbox 60 1564 210 1608; x_wconf 88' lang='lat' dir='ltr'>Philus</span> <span class='ocrx_word' id='word_1_206' title='bbox 234 1569 418 1623; x_wconf 89' lang='lat' dir='ltr'>perbene</span> <span class='ocrx_word' id='word_1_207' title='bbox 446 1568 596 1609; x_wconf 87' lang='lat' dir='ltr'>Latine</span> <span class='ocrx_word' id='word_1_208' title='bbox 617 1567 734 1622; x_wconf 90' lang='lat' dir='ltr'>loqui</span> <span class='ocrx_word' id='word_1_209' title='bbox 753 1568 1000 1623; x_wconf 87' lang='lat' dir='ltr'>putabatur,</span> <span class='ocrx_word' id='word_1_210' title='bbox 1023 1567 1148 1607; x_wconf 83' lang='lat' dir='ltr'>litter·</span> <span class='ocrx_word' id='word_1_211' title='bbox 1141 1567 1352 1621; x_wconf 81' lang='lat' dir='ltr'>¹rtiusque,</span> <span class='ocrx_word' id='word_1_212' title='bbox 1372 1581 1500 1631; x_wconf 82' lang='lat' dir='ltr'>quam</span> 
     </span>
     <span class='ocr_line' id='line_1_26' title="bbox 58 1623 1505 1680; baseline 0 -16"><span class='ocrx_word' id='word_1_213' title='bbox 58 1624 205 1666; x_wconf 89' lang='lat' dir='ltr'>ceteri.</span> <span class='ocrx_word' id='word_1_214' title='bbox 271 1624 318 1667; x_wconf 90' lang='lat' dir='ltr'><strong>P.</strong></span> <span class='ocrx_word' id='word_1_215' title='bbox 342 1625 538 1667; x_wconf 75' lang='lat' dir='ltr'>Scaevola</span> <span class='ocrx_word' id='word_1_216' title='bbox 570 1624 691 1665; x_wconf 86' lang='lat' dir='ltr'>valde</span> <span class='ocrx_word' id='word_1_217' title='bbox 716 1624 946 1680; x_wconf 88' lang='lat' dir='ltr'>prudenter</span> <span class='ocrx_word' id='word_1_218' title='bbox 967 1634 1008 1664; x_wconf 91' lang='lat' dir='ltr'>et</span> <span class='ocrx_word' id='word_1_219' title='bbox 1040 1634 1179 1675; x_wconf 86' lang='lat' dir='ltr'>acute,</span> <span class='ocrx_word' id='word_1_220' title='bbox 1205 1623 1345 1680; x_wconf 86' lang='lat' dir='ltr'>paullo</span> <span class='ocrx_word' id='word_1_221' title='bbox 1373 1627 1505 1664; x_wconf 84' lang='lat' dir='ltr'>etiarn</span> 
     </span>
     <span class='ocr_line' id='line_1_27' title="bbox 59 1680 1505 1737; baseline 0 -16"><span class='ocrx_word' id='word_1_222' title='bbox 59 1682 299 1737; x_wconf 88' lang='lat' dir='ltr'>copiosius.</span> <span class='ocrx_word' id='word_1_223' title='bbox 333 1697 410 1724; x_wconf 86' lang='lat' dir='ltr'>nec</span> <span class='ocrx_word' id='word_1_224' title='bbox 432 1682 570 1723; x_wconf 91' lang='lat' dir='ltr'>multo</span> <span class='ocrx_word' id='word_1_225' title='bbox 592 1682 733 1723; x_wconf 87' lang='lat' dir='ltr'>minus</span> <span class='ocrx_word' id='word_1_226' title='bbox 757 1681 988 1737; x_wconf 87' lang='lat' dir='ltr'>prudenter</span> <span class='ocrx_word' id='word_1_227' title='bbox 1012 1681 1078 1723; x_wconf 87' lang='lat' dir='ltr'>M.</span> <span class='ocrx_word' id='word_1_228' title='bbox 1104 1681 1328 1722; x_wconf 85' lang='lat' dir='ltr'>Manilius.</span> <span class='ocrx_word' id='word_1_229' title='bbox 1369 1680 1505 1737; x_wconf 83' lang='lat' dir='ltr'>Appii</span> 
     </span>
     <span class='ocr_line' id='line_1_28' title="bbox 62 1737 1504 1795; baseline 0.001 -17"><span class='ocrx_word' id='word_1_230' title='bbox 62 1737 233 1780; x_wconf 89' lang='lat' dir='ltr'>Claudii</span> <span class='ocrx_word' id='word_1_231' title='bbox 259 1739 472 1791; x_wconf 90' lang='lat' dir='ltr'>volubilis,</span> <span class='ocrx_word' id='word_1_232' title='bbox 494 1740 567 1781; x_wconf 91' lang='lat' dir='ltr'>sed</span> <span class='ocrx_word' id='word_1_233' title='bbox 590 1739 731 1795; x_wconf 89' lang='lat' dir='ltr'>paullo</span> <span class='ocrx_word' id='word_1_234' title='bbox 753 1739 958 1780; x_wconf 78' lang='lat' dir='ltr'>fervidior</span> <span class='ocrx_word' id='word_1_235' title='bbox 979 1748 1070 1779; x_wconf 90' lang='lat' dir='ltr'>erat</span> <span class='ocrx_word' id='word_1_236' title='bbox 1092 1739 1241 1780; x_wconf 85' lang='lat' dir='ltr'>oratio</span> <span class='ocrx_word' id='word_1_237' title='bbox 1285 1738 1337 1779; x_wconf 91' lang='lat' dir='ltr'>In</span> <span class='ocrx_word' id='word_1_238' title='bbox 1360 1738 1504 1794; x_wconf 89' lang='lat' dir='ltr'>aliquo</span> 
     </span>
     <span class='ocr_line' id='line_1_29' title="bbox 60 1795 1505 1847; baseline 0.001 -11"><span class='ocrx_word' id='word_1_239' title='bbox 60 1810 240 1838; x_wconf 88' lang='lat' dir='ltr'>numero</span> <span class='ocrx_word' id='word_1_240' title='bbox 263 1797 392 1838; x_wconf 88' lang='lat' dir='ltr'>etiam</span> <span class='ocrx_word' id='word_1_241' title='bbox 418 1797 486 1838; x_wconf 90' lang='lat' dir='ltr'><strong>M.</strong></span> <span class='ocrx_word' id='word_1_242' title='bbox 512 1797 687 1838; x_wconf 84' lang='lat' dir='ltr'>Fulvius</span> <span class='ocrx_word' id='word_1_243' title='bbox 716 1796 909 1847; x_wconf 85' lang='lat' dir='ltr'>Flaccus,</span> <span class='ocrx_word' id='word_1_244' title='bbox 932 1808 974 1838; x_wconf 89' lang='lat' dir='ltr'>et</span> <span class='ocrx_word' id='word_1_245' title='bbox 998 1795 1050 1836; x_wconf 89' lang='lat' dir='ltr'>C.</span> <span class='ocrx_word' id='word_1_246' title='bbox 1083 1796 1194 1837; x_wconf 88' lang='lat' dir='ltr'>Cato</span> <span class='ocrx_word' id='word_1_247' title='bbox 1217 1795 1413 1837; x_wconf 89' lang='lat' dir='ltr'>Africani</span> <span class='ocrx_word' id='word_1_248' title='bbox 1437 1811 1505 1837; x_wconf 93' lang='lat' dir='ltr'>so-</span> 
     </span>
     <span class='ocr_line' id='line_1_30' title="bbox 60 1853 1505 1910; baseline 0.001 -16"><span class='ocrx_word' id='word_1_249' title='bbox 60 1853 168 1894; x_wconf 84' lang='lat' dir='ltr'>roris</span> <span class='ocrx_word' id='word_1_250' title='bbox 191 1854 316 1906; x_wconf 88' lang='lat' dir='ltr'>filius,</span> <span class='ocrx_word' id='word_1_251' title='bbox 338 1855 574 1896; x_wconf 85' lang='lat' dir='ltr'>mediocres</span> <span class='ocrx_word' id='word_1_252' title='bbox 597 1865 812 1907; x_wconf 80' lang='lat' dir='ltr'>oratores3</span> <span class='ocrx_word' id='word_1_253' title='bbox 843 1854 923 1894; x_wconf 87' lang='lat' dir='ltr'>etsi</span> <span class='ocrx_word' id='word_1_254' title='bbox 950 1853 1092 1894; x_wconf 87' lang='lat' dir='ltr'>Flacci</span> <span class='ocrx_word' id='word_1_255' title='bbox 1116 1855 1276 1910; x_wconf 86' lang='lat' dir='ltr'>scripta</span> <span class='ocrx_word' id='word_1_256' title='bbox 1297 1863 1410 1905; x_wconf 87' lang='lat' dir='ltr'>sunt,</span> <span class='ocrx_word' id='word_1_257' title='bbox 1431 1854 1505 1895; x_wconf 92' lang='lat' dir='ltr'>sed</span> 
     </span>
     <span class='ocr_line' id='line_1_31' title="bbox 59 1886 1516 1962; baseline 0 -11"><span class='ocrx_word' id='word_1_258' title='bbox 59 1919 109 1952; x_wconf 91' lang='lat' dir='ltr'>ut</span> <span class='ocrx_word' id='word_1_259' title='bbox 130 1912 309 1953; x_wconf 88' lang='lat' dir='ltr'>studiosi</span> <span class='ocrx_word' id='word_1_260' title='bbox 333 1913 584 1954; x_wconf 86' lang='lat' dir='ltr'>litterarum.</span> <span class='ocrx_word' id='word_1_261' title='bbox 610 1911 751 1954; x_wconf 89' lang='lat' dir='ltr'>Flacci</span> <span class='ocrx_word' id='word_1_262' title='bbox 777 1888 919 1952; x_wconf 78' lang='lat' dir='ltr'>airtern</span> <span class='ocrx_word' id='word_1_263' title='bbox 941 1911 1119 1952; x_wconf 87' lang='lat' dir='ltr'>aemulus</span> <span class='ocrx_word' id='word_1_264' title='bbox 1145 1911 1193 1952; x_wconf 92' lang='lat' dir='ltr'>P.</span> <span class='ocrx_word' id='word_1_265' title='bbox 1222 1911 1381 1951; x_wconf 86' lang='lat' dir='ltr'>Decius</span> <span class='ocrx_word' id='word_1_266' title='bbox 1399 1886 1516 1962; x_wconf 78' lang='lat' dir='ltr'>&#39;fuit,·</span> 
     </span>
     <span class='ocr_line' id='line_1_32' title="bbox 58 1968 1501 2032; baseline -0.001 -23"><span class='ocrx_word' id='word_1_267' title='bbox 58 1982 147 2010; x_wconf 92' lang='lat' dir='ltr'>non</span> <span class='ocrx_word' id='word_1_268' title='bbox 170 1968 310 2011; x_wconf 88' lang='lat' dir='ltr'>infans</span> <span class='ocrx_word' id='word_1_269' title='bbox 340 1971 409 2011; x_wconf 90' lang='lat' dir='ltr'>ille</span> <span class='ocrx_word' id='word_1_270' title='bbox 431 1970 620 2025; x_wconf 88' lang='lat' dir='ltr'>quidem,</span> <span class='ocrx_word' id='word_1_271' title='bbox 644 1970 716 2010; x_wconf 88' lang='lat' dir='ltr'>sed</span> <span class='ocrx_word' id='word_1_272' title='bbox 748 1980 791 2009; x_wconf 69' lang='lat' dir='ltr'>ut</span> <span class='ocrx_word' id='word_1_273' title='bbox 819 1969 921 2032; x_wconf 76' lang='lat' dir='ltr'>vita,</span> <span class='ocrx_word' id='word_1_274' title='bbox 945 1969 1006 2009; x_wconf 84' lang='lat' dir='ltr'>sic</span> <span class='ocrx_word' id='word_1_275' title='bbox 1041 1969 1234 2009; x_wconf 86' lang='lat' dir='ltr'>oratione</span> <span class='ocrx_word' id='word_1_276' title='bbox 1258 1968 1387 2009; x_wconf 87' lang='lat' dir='ltr'>etiarn</span> <span class='ocrx_word' id='word_1_277' title='bbox 1412 1978 1501 2009; x_wconf 86' lang='lat' dir='ltr'>tur-</span> 
     </span>
     <span class='ocr_line' id='line_1_33' title="bbox 58 2025 1586 2082; baseline 0 -16"><span class='ocrx_word' id='word_1_278' title='bbox 58 2025 274 2069; x_wconf 87' lang='lat' dir='ltr'>bulentus.</span> <span class='ocrx_word' id='word_1_279' title='bbox 340 2027 407 2068; x_wconf 91' lang='lat' dir='ltr'>M.</span> <span class='ocrx_word' id='word_1_280' title='bbox 443 2027 622 2078; x_wconf 85' lang='lat' dir='ltr'>Drusus,</span> <span class='ocrx_word' id='word_1_281' title='bbox 658 2026 709 2068; x_wconf 92' lang='lat' dir='ltr'>C.</span> <span class='ocrx_word' id='word_1_282' title='bbox 745 2027 793 2068; x_wconf 91' lang='lat' dir='ltr'><strong>F.</strong></span> <span class='ocrx_word' id='word_1_283' title='bbox 836 2027 907 2082; x_wconf 86' lang='lat' dir='ltr'>qui</span> <span class='ocrx_word' id='word_1_284' title='bbox 943 2027 986 2066; x_wconf 90' lang='lat' dir='ltr'>in</span> <span class='ocrx_word' id='word_1_285' title='bbox 1028 2027 1248 2067; x_wconf 74' lang='lat' dir='ltr'>tribunatu</span> <span class='ocrx_word' id='word_1_286' title='bbox 1287 2025 1338 2066; x_wconf 92' lang='lat' dir='ltr'>C.</span> <span class='ocrx_word' id='word_1_287' title='bbox 1364 2025 1499 2067; x_wconf 81' lang='lat' dir='ltr'>Grac·</span> <span class='ocrx_word' id='word_1_288' title='bbox 1514 2042 1586 2078; x_wconf 85' lang='lat'>109</span> 
     </span>
     <span class='ocr_line' id='line_1_34' title="bbox 58 2060 1499 2150; baseline -0.001 -25"><span class='ocrx_word' id='word_1_289' title='bbox 58 2083 203 2136; x_wconf 89' lang='lat' dir='ltr'>chum,</span> <span class='ocrx_word' id='word_1_290' title='bbox 241 2085 466 2150; x_wconf 86' lang='lat' dir='ltr'>collegam,</span> <span class='ocrx_word' id='word_1_291' title='bbox 498 2060 707 2125; x_wconf 80' lang='lat' dir='ltr'>65iteium</span> <span class='ocrx_word' id='word_1_292' title='bbox 749 2084 986 2135; x_wconf 87' lang='lat' dir='ltr'>tribunum,</span> <span class='ocrx_word' id='word_1_293' title='bbox 1021 2083 1138 2134; x_wconf 85' lang='lat' dir='ltr'>fecit,</span> <span class='ocrx_word' id='word_1_294' title='bbox 1175 2084 1237 2124; x_wconf 85' lang='lat' dir='ltr'>vir·</span> <span class='ocrx_word' id='word_1_295' title='bbox 1283 2093 1326 2123; x_wconf 90' lang='lat' dir='ltr'>et</span> <span class='ocrx_word' id='word_1_296' title='bbox 1369 2084 1499 2124; x_wconf 87' lang='lat' dir='ltr'>orati-</span> 
     </span>
     <span class='ocr_line' id='line_1_35' title="bbox 57 2140 1499 2199; baseline 0 -17"><span class='ocrx_word' id='word_1_297' title='bbox 57 2155 142 2182; x_wconf 91' lang='lat' dir='ltr'>one</span> <span class='ocrx_word' id='word_1_298' title='bbox 179 2143 336 2199; x_wconf 86' lang='lat' dir='ltr'>gravis,</span> <span class='ocrx_word' id='word_1_299' title='bbox 373 2153 416 2183; x_wconf 89' lang='lat' dir='ltr'>et</span> <span class='ocrx_word' id='word_1_300' title='bbox 459 2143 739 2193; x_wconf 76' lang='lat' dir='ltr'>auctoritate3</span> <span class='ocrx_word' id='word_1_301' title='bbox 791 2142 915 2197; x_wconf 88' lang='lat' dir='ltr'>eique</span> <span class='ocrx_word' id='word_1_302' title='bbox 953 2143 1150 2196; x_wconf 77' lang='lat' dir='ltr'>proxime</span> <span class='ocrx_word' id='word_1_303' title='bbox 1181 2140 1410 2195; x_wconf 80' lang='lat' dir='ltr'>adjunctus</span> <span class='ocrx_word' id='word_1_304' title='bbox 1447 2140 1499 2182; x_wconf 92' lang='lat' dir='ltr'>C.</span> 
     </span>
     <span class='ocr_line' id='line_1_36' title="bbox 61 2197 1545 2255; baseline 0.001 -17"><span class='ocrx_word' id='word_1_305' title='bbox 61 2197 228 2240; x_wconf 89' lang='lat' dir='ltr'>Drusus</span> <span class='ocrx_word' id='word_1_306' title='bbox 251 2200 380 2241; x_wconf 83' lang='lat' dir='ltr'>frater</span> <span class='ocrx_word' id='word_1_307' title='bbox 402 2200 500 2241; x_wconf 87' lang='lat' dir='ltr'>fuit.</span> <span class='ocrx_word' id='word_1_308' title='bbox 559 2199 676 2241; x_wconf 85' lang='lat' dir='ltr'>Tuus</span> <span class='ocrx_word' id='word_1_309' title='bbox 699 2199 862 2240; x_wconf 60' lang='lat' dir='ltr'>etianw</span> <span class='ocrx_word' id='word_1_310' title='bbox 852 2199 1040 2255; x_wconf 77' lang='lat' dir='ltr'>gentilis,</span> <span class='ocrx_word' id='word_1_311' title='bbox 1065 2199 1214 2249; x_wconf 87' lang='lat' dir='ltr'>Brute,</span> <span class='ocrx_word' id='word_1_312' title='bbox 1235 2198 1302 2239; x_wconf 86' lang='lat' dir='ltr'>M.</span> <span class='ocrx_word' id='word_1_313' title='bbox 1330 2198 1545 2241; x_wconf 85' lang='lat' dir='ltr'>Pennusb.</span> 
     </span>
     <span class='ocr_line' id='line_1_37' title="bbox 59 2254 1502 2314; baseline 0.001 -18"><span class='ocrx_word' id='word_1_314' title='bbox 59 2254 186 2297; x_wconf 85' lang='lat' dir='ltr'>facile</span> <span class='ocrx_word' id='word_1_315' title='bbox 216 2258 398 2314; x_wconf 83' lang='lat' dir='ltr'>agitavit</span> <span class='ocrx_word' id='word_1_316' title='bbox 430 2258 474 2298; x_wconf 91' lang='lat' dir='ltr'>in</span> <span class='ocrx_word' id='word_1_317' title='bbox 508 2258 730 2298; x_wconf 80' lang='lat' dir='ltr'>tribunatu</span> <span class='ocrx_word' id='word_1_318' title='bbox 765 2256 816 2297; x_wconf 86' lang='lat' dir='ltr'>C.</span> <span class='ocrx_word' id='word_1_319' title='bbox 853 2257 1116 2307; x_wconf 86' lang='lat' dir='ltr'>Gracchum,</span> <span class='ocrx_word' id='word_1_320' title='bbox 1152 2255 1340 2311; x_wconf 77' lang='lat' dir='ltr'>paullum</span> <span class='ocrx_word' id='word_1_321' title='bbox 1374 2265 1502 2298; x_wconf 79' lang='lat' dir='ltr'>aetate</span> 
     </span>
     <span class='ocr_line' id='line_1_38' title="bbox 57 2313 1503 2370; baseline -0.001 -16"><span class='ocrx_word' id='word_1_322' title='bbox 57 2315 330 2355; x_wconf 79' lang='lat' dir='ltr'>antecedens,</span> <span class='ocrx_word' id='word_1_323' title='bbox 395 2313 495 2355; x_wconf 86' lang='lat' dir='ltr'>Fuit</span> <span class='ocrx_word' id='word_1_324' title='bbox 526 2315 640 2355; x_wconf 88' lang='lat' dir='ltr'>enim</span> <span class='ocrx_word' id='word_1_325' title='bbox 675 2314 742 2354; x_wconf 90' lang='lat' dir='ltr'>M.</span> <span class='ocrx_word' id='word_1_326' title='bbox 780 2313 945 2370; x_wconf 89' lang='lat' dir='ltr'>Lepido</span> <span class='ocrx_word' id='word_1_327' title='bbox 979 2323 1022 2354; x_wconf 92' lang='lat' dir='ltr'>et</span> <span class='ocrx_word' id='word_1_328' title='bbox 1055 2314 1102 2354; x_wconf 93' lang='lat' dir='ltr'>L.</span> <span class='ocrx_word' id='word_1_329' title='bbox 1128 2314 1282 2355; x_wconf 79' lang='lat' dir='ltr'>Oreste</span> <span class='ocrx_word' id='word_1_330' title='bbox 1315 2313 1503 2354; x_wconf 86' lang='lat' dir='ltr'>consuli-</span> 
     </span>
     <span class='ocr_line' id='line_1_39' title="bbox 58 2370 1502 2427; baseline -0.001 -15"><span class='ocrx_word' id='word_1_331' title='bbox 58 2370 138 2412; x_wconf 88' lang='lat' dir='ltr'>bus</span> <span class='ocrx_word' id='word_1_332' title='bbox 160 2382 350 2427; x_wconf 85' lang='lat' dir='ltr'>quaestor</span> <span class='ocrx_word' id='word_1_333' title='bbox 374 2371 613 2424; x_wconf 83' lang='lat' dir='ltr'>Gracchus,</span> <span class='ocrx_word' id='word_1_334' title='bbox 633 2372 831 2412; x_wconf 82' lang='lat' dir='ltr'>tribunus</span> <span class='ocrx_word' id='word_1_335' title='bbox 854 2371 1042 2423; x_wconf 90' lang='lat' dir='ltr'>Pennus,</span> <span class='ocrx_word' id='word_1_336' title='bbox 1062 2371 1173 2411; x_wconf 90' lang='lat' dir='ltr'>illius</span> <span class='ocrx_word' id='word_1_337' title='bbox 1198 2370 1265 2411; x_wconf 88' lang='grc' dir='ltr'>Μ.</span> <span class='ocrx_word' id='word_1_338' title='bbox 1282 2370 1409 2421; x_wconf 88' lang='lat' dir='ltr'>filius,</span> <span class='ocrx_word' id='word_1_339' title='bbox 1428 2371 1502 2425; x_wconf 91' lang='lat' dir='ltr'>qui</span> 
     </span>
     <span class='ocr_line' id='line_1_40' title="bbox 58 2429 1503 2484; baseline -0.001 -15"><span class='ocrx_word' id='word_1_340' title='bbox 58 2441 157 2470; x_wconf 73' lang='lat' dir='ltr'>cum</span> <span class='ocrx_word' id='word_1_341' title='bbox 198 2429 254 2476; x_wconf 85' lang='lat' dir='ltr'>Q.</span> <span class='ocrx_word' id='word_1_342' title='bbox 285 2429 402 2470; x_wconf 82' lang='lat' dir='ltr'>AElio</span> <span class='ocrx_word' id='word_1_343' title='bbox 436 2429 586 2470; x_wconf 89' lang='lat' dir='ltr'>consul</span> <span class='ocrx_word' id='word_1_344' title='bbox 621 2429 729 2470; x_wconf 86' lang='lat' dir='ltr'>fuit:</span> <span class='ocrx_word' id='word_1_345' title='bbox 765 2429 837 2470; x_wconf 83' lang='lat' dir='ltr'>sed</span> <span class='ocrx_word' id='word_1_346' title='bbox 870 2429 1017 2470; x_wconf 88' lang='lat' dir='ltr'>omnia</span> <span class='ocrx_word' id='word_1_347' title='bbox 1046 2430 1079 2469; x_wconf 87' lang='lat' dir='ltr'>is</span> <span class='ocrx_word' id='word_1_348' title='bbox 1115 2442 1281 2469; x_wconf 85' lang='lat' dir='ltr'>summa</span> <span class='ocrx_word' id='word_1_349' title='bbox 1314 2442 1503 2484; x_wconf 88' lang='lat' dir='ltr'>sperans,</span> 
     </span>
    </p>
   </div>
   <div class='ocr_carea' id='block_1_3' title="bbox 58 2557 1506 2940">
    <p class='ocr_par' dir='ltr' id='par_1_4' title="bbox 58 2557 1506 2853">
     <span class='ocr_line' id='line_1_41' title="bbox 101 2557 1505 2601; baseline -0.002 -11"><span class='ocrx_word' id='word_1_350' title='bbox 101 2559 142 2590; x_wconf 81' lang='lat'>63</span> <span class='ocrx_word' id='word_1_351' title='bbox 164 2559 247 2601; x_wconf 63' lang='lat' dir='ltr'>„Quoe</span> <span class='ocrx_word' id='word_1_352' title='bbox 261 2561 421 2592; x_wconf 77' lang='lat' dir='ltr'>tribuebat</span> <span class='ocrx_word' id='word_1_353' title='bbox 435 2561 522 2592; x_wconf 76' lang='lat' dir='ltr'>idem</span> <span class='ocrx_word' id='word_1_354' title='bbox 536 2561 575 2592; x_wconf 88' lang='lat' dir='ltr'><strong>A.</strong></span> <span class='ocrx_word' id='word_1_355' title='bbox 578 2561 591 2600; x_wconf 93' lang='lat'>]</span> <span class='ocrx_word' id='word_1_356' title='bbox 618 2560 670 2591; x_wconf 89' lang='lat' dir='ltr'>Sic</span> <span class='ocrx_word' id='word_1_357' title='bbox 687 2559 753 2590; x_wconf 69' lang='lat' dir='ltr'>edi&lt;</span> <span class='ocrx_word' id='word_1_358' title='bbox 801 2570 875 2590; x_wconf 84' lang='lat' dir='ltr'>cum</span> <span class='ocrx_word' id='word_1_359' title='bbox 888 2559 1079 2590; x_wconf 83' lang='lat' dir='ltr'>Guilielmio</span> <span class='ocrx_word' id='word_1_360' title='bbox 1095 2560 1256 2598; x_wconf 77' lang='lat' dir='ltr'>conjicere</span> <span class='ocrx_word' id='word_1_361' title='bbox 1269 2562 1346 2589; x_wconf 79' lang='lat' dir='ltr'>ante</span> <span class='ocrx_word' id='word_1_362' title='bbox 1362 2557 1505 2599; x_wconf 71' lang='lat' dir='ltr'>Pontifi-</span> 
     </span>
     <span class='ocr_line' id='line_1_42' title="bbox 58 2598 1506 2643; baseline 0 -12"><span class='ocrx_word' id='word_1_363' title='bbox 58 2598 92 2631; x_wconf 77' lang='lat' dir='ltr'>di</span> <span class='ocrx_word' id='word_1_364' title='bbox 107 2612 164 2642; x_wconf 88' lang='lat' dir='ltr'>pro</span> <span class='ocrx_word' id='word_1_365' title='bbox 181 2603 352 2640; x_wconf 78' lang='lat' dir='ltr'>tribuerat,</span> <span class='ocrx_word' id='word_1_366' title='bbox 369 2603 455 2643; x_wconf 85' lang='lat' dir='ltr'>quod</span> <span class='ocrx_word' id='word_1_367' title='bbox 471 2604 643 2634; x_wconf 78' lang='lat' dir='ltr'>manifeste</span> <span class='ocrx_word' id='word_1_368' title='bbox 659 2603 755 2632; x_wconf 63' lang='lat' dir='ltr'>xitio-</span> <span class='ocrx_word' id='word_1_369' title='bbox 799 2613 867 2632; x_wconf 82' lang='lat' dir='ltr'>cem</span> <span class='ocrx_word' id='word_1_370' title='bbox 882 2603 930 2633; x_wconf 81' lang='grc' dir='ltr'><strong>Μ.</strong></span> <span class='ocrx_word' id='word_1_371' title='bbox 958 2603 1061 2634; x_wconf 82' lang='lat' dir='ltr'>Illum</span> <span class='ocrx_word' id='word_1_372' title='bbox 1080 2602 1168 2641; x_wconf 74' lang='lat' dir='ltr'><strong>Seip.</strong></span> <span class='ocrx_word' id='word_1_373' title='bbox 1183 2601 1320 2637; x_wconf 83' lang='lat' dir='ltr'>addidit,</span> <span class='ocrx_word' id='word_1_374' title='bbox 1335 2605 1375 2631; x_wconf 86' lang='lat' dir='ltr'>ut</span> <span class='ocrx_word' id='word_1_375' title='bbox 1389 2601 1506 2631; x_wconf 87' lang='lat' dir='ltr'>distin-</span> 
     </span>
     <span class='ocr_line' id='line_1_43' title="bbox 59 2626 1503 2685; baseline -0.001 -12"><span class='ocrx_word' id='word_1_376' title='bbox 59 2652 133 2674; x_wconf 87' lang='lat' dir='ltr'>sum</span> <span class='ocrx_word' id='word_1_377' title='bbox 154 2653 222 2675; x_wconf 78' lang='lat' dir='ltr'>esse</span> <span class='ocrx_word' id='word_1_378' title='bbox 243 2626 366 2675; x_wconf 83' lang='lat' dir='ltr'>dudurir</span> <span class='ocrx_word' id='word_1_379' title='bbox 381 2646 454 2685; x_wconf 80' lang='lat' dir='ltr'>iudi</span> <span class='ocrx_word' id='word_1_380' title='bbox 458 2647 546 2676; x_wconf 75' lang='lat' dir='ltr'>cavi:</span> <span class='ocrx_word' id='word_1_381' title='bbox 573 2656 650 2676; x_wconf 84' lang='lat' dir='ltr'>nam</span> <span class='ocrx_word' id='word_1_382' title='bbox 674 2654 756 2685; x_wconf 83' lang='lat' dir='ltr'>prae-</span> <span class='ocrx_word' id='word_1_383' title='bbox 801 2652 913 2678; x_wconf 64' lang='lat' dir='ltr'>:uer-et</span> <span class='ocrx_word' id='word_1_384' title='bbox 935 2645 976 2675; x_wconf 82' lang='lat' dir='ltr'>ab</span> <span class='ocrx_word' id='word_1_385' title='bbox 993 2645 1097 2675; x_wconf 86' lang='lat' dir='ltr'>altero</span> <span class='ocrx_word' id='word_1_386' title='bbox 1123 2643 1280 2675; x_wconf 71' lang='lat' dir='ltr'>Maximo.</span> <span class='ocrx_word' id='word_1_387' title='bbox 1308 2643 1418 2683; x_wconf 85' lang='lat' dir='ltr'>Vulgo</span> <span class='ocrx_word' id='word_1_388' title='bbox 1438 2649 1503 2673; x_wconf 74' lang='lat' dir='ltr'>est:</span> 
     </span>
     <span class='ocr_line' id='line_1_44' title="bbox 60 2685 1506 2728; baseline 0 -12"><span class='ocrx_word' id='word_1_389' title='bbox 60 2685 147 2717; x_wconf 73' lang='lat' dir='ltr'>cedit</span> <span class='ocrx_word' id='word_1_390' title='bbox 171 2687 301 2724; x_wconf 77' lang='lat' dir='ltr'>solebat,</span> <span class='ocrx_word' id='word_1_391' title='bbox 323 2692 358 2718; x_wconf 85' lang='lat' dir='ltr'>et</span> <span class='ocrx_word' id='word_1_392' title='bbox 383 2689 532 2728; x_wconf 80' lang='lat' dir='ltr'>sequitur</span> <span class='ocrx_word' id='word_1_393' title='bbox 560 2688 681 2719; x_wconf 81' lang='lat' dir='ltr'>aiebat.</span> <span class='ocrx_word' id='word_1_394' title='bbox 712 2687 757 2717; x_wconf 83' lang='lat' dir='ltr'>Et</span> <span class='ocrx_word' id='word_1_395' title='bbox 801 2689 919 2726; x_wconf 81' lang='lat' dir='ltr'>nepoti.</span> <span class='ocrx_word' id='word_1_396' title='bbox 958 2687 1006 2717; x_wconf 76' lang='lat' dir='ltr'>Et</span> <span class='ocrx_word' id='word_1_397' title='bbox 1020 2697 1094 2716; x_wconf 78' lang='lat' dir='ltr'>vero</span> <span class='ocrx_word' id='word_1_398' title='bbox 1109 2691 1188 2717; x_wconf 79' lang='lat' dir='ltr'>ante</span> <span class='ocrx_word' id='word_1_399' title='bbox 1202 2687 1394 2717; x_wconf 48' lang='lat' dir='ltr'>Maximum</span> <span class='ocrx_word' id='word_1_400' title='bbox 1409 2687 1506 2716; x_wconf 72' lang='lat' dir='ltr'>illum</span> 
     </span>
     <span class='ocr_line' id='line_1_45' title="bbox 61 2709 999 2770; baseline 0.001 -12"><span class='ocrx_word' id='word_1_401' title='bbox 61 2729 108 2758; x_wconf 73' lang='lat' dir='ltr'>sic</span> <span class='ocrx_word' id='word_1_402' title='bbox 123 2729 249 2759; x_wconf 83' lang='lat' dir='ltr'>notavit</span> <span class='ocrx_word' id='word_1_403' title='bbox 264 2709 466 2760; x_wconf 82' lang='lat' dir='ltr'>Alemannus</span> <span class='ocrx_word' id='word_1_404' title='bbox 492 2741 510 2761; x_wconf 88' lang='lat' dir='ltr'>e</span> <span class='ocrx_word' id='word_1_405' title='bbox 526 2731 590 2762; x_wconf 89' lang='lat' dir='ltr'>Ms.</span> <span class='ocrx_word' id='word_1_406' title='bbox 609 2740 674 2770; x_wconf 83' lang='lat' dir='ltr'>reg.</span> <span class='ocrx_word' id='word_1_407' title='bbox 692 2729 759 2760; x_wconf 87' lang='lat' dir='ltr'>Sed</span> <span class='ocrx_word' id='word_1_408' title='bbox 804 2728 999 2769; x_wconf 73' lang='lat' dir='ltr'>Scipionem.</span> 
     </span>
     <span class='ocr_line' id='line_1_46' title="bbox 60 2769 1506 2812; baseline -0.001 -12"><span class='ocrx_word' id='word_1_409' title='bbox 60 2770 162 2801; x_wconf 71' lang='lat' dir='ltr'>otiam</span> <span class='ocrx_word' id='word_1_410' title='bbox 185 2771 254 2801; x_wconf 85' lang='lat' dir='ltr'>sine</span> <span class='ocrx_word' id='word_1_411' title='bbox 279 2771 369 2802; x_wconf 77' lang='lat' dir='ltr'>libris</span> <span class='ocrx_word' id='word_1_412' title='bbox 394 2772 457 2803; x_wconf 87' lang='lat' dir='ltr'>lroc</span> <span class='ocrx_word' id='word_1_413' title='bbox 486 2773 609 2803; x_wconf 89' lang='lat' dir='ltr'>dudum</span> <span class='ocrx_word' id='word_1_414' title='bbox 639 2773 760 2812; x_wconf 79' lang='lat' dir='ltr'>corrigi</span> <span class='ocrx_word' id='word_1_415' title='bbox 844 2773 883 2802; x_wconf 83' lang='lat'>65</span> <span class='ocrx_word' id='word_1_416' title='bbox 908 2773 1027 2802; x_wconf 66' lang='lat' dir='ltr'>iterum</span> <span class='ocrx_word' id='word_1_417' title='bbox 1047 2770 1327 2811; x_wconf 69' lang='lat' dir='ltr'>tribunumjiecit]</span> <span class='ocrx_word' id='word_1_418' title='bbox 1356 2769 1429 2800; x_wconf 85' lang='lat' dir='ltr'>Hoc</span> <span class='ocrx_word' id='word_1_419' title='bbox 1444 2769 1506 2800; x_wconf 79' lang='lat' dir='ltr'>fal-</span> 
     </span>
     <span class='ocr_line' id='line_1_47' title="bbox 61 2811 1506 2853; baseline 0 -11"><span class='ocrx_word' id='word_1_420' title='bbox 61 2811 187 2850; x_wconf 77' lang='lat' dir='ltr'>debuit,</span> <span class='ocrx_word' id='word_1_421' title='bbox 203 2817 236 2843; x_wconf 83' lang='lat' dir='ltr'>et</span> <span class='ocrx_word' id='word_1_422' title='bbox 249 2814 315 2853; x_wconf 88' lang='lat' dir='ltr'>ipse</span> <span class='ocrx_word' id='word_1_423' title='bbox 328 2815 362 2844; x_wconf 88' lang='lat' dir='ltr'>in</span> <span class='ocrx_word' id='word_1_424' title='bbox 374 2819 470 2844; x_wconf 82' lang='lat' dir='ltr'>textu</span> <span class='ocrx_word' id='word_1_425' title='bbox 483 2816 639 2845; x_wconf 78' lang='lat' dir='ltr'>correxiss</span> <span class='ocrx_word' id='word_1_426' title='bbox 642 2825 707 2844; x_wconf 80' lang='lat' dir='ltr'><strong>em.</strong></span> <span class='ocrx_word' id='word_1_427' title='bbox 803 2822 888 2844; x_wconf 83' lang='lat' dir='ltr'>sum.</span> <span class='ocrx_word' id='word_1_428' title='bbox 905 2825 934 2844; x_wconf 83' lang='lat' dir='ltr'>v.</span> <span class='ocrx_word' id='word_1_429' title='bbox 948 2813 1083 2853; x_wconf 77' lang='lat' dir='ltr'>Pighius</span> <span class='ocrx_word' id='word_1_430' title='bbox 1101 2815 1141 2844; x_wconf 88' lang='lat' dir='ltr'>ad</span> <span class='ocrx_word' id='word_1_431' title='bbox 1158 2825 1185 2843; x_wconf 80' lang='lat' dir='ltr'>a.</span> <span class='ocrx_word' id='word_1_432' title='bbox 1202 2815 1275 2844; x_wconf 75' lang='lat'><strong>631.</strong></span> <span class='ocrx_word' id='word_1_433' title='bbox 1298 2814 1413 2852; x_wconf 83' lang='lat' dir='ltr'>Itaque</span> <span class='ocrx_word' id='word_1_434' title='bbox 1426 2812 1506 2843; x_wconf 82' lang='lat' dir='ltr'>Cor-</span> 
     </span>
    </p>

    <p class='ocr_par' dir='ltr' id='par_1_5' title="bbox 66 2855 1505 2940">
     <span class='ocr_line' id='line_1_48' title="bbox 104 2855 1505 2895; baseline 0.001 -11"><span class='ocrx_word' id='word_1_435' title='bbox 104 2855 145 2885; x_wconf 80' lang='lat'>64</span> <span class='ocrx_word' id='word_1_436' title='bbox 166 2857 294 2895; x_wconf 76' lang='lat' dir='ltr'>nepoti.-</span> <span class='ocrx_word' id='word_1_437' title='bbox 310 2861 340 2886; x_wconf 82' lang='lat' dir='ltr'>et</span> <span class='ocrx_word' id='word_1_438' title='bbox 353 2866 383 2887; x_wconf 83' lang='lat'>2.</span> <span class='ocrx_word' id='word_1_439' title='bbox 398 2866 430 2886; x_wconf 83' lang='lat' dir='ltr'>a.</span> <span class='ocrx_word' id='word_1_440' title='bbox 447 2857 649 2894; x_wconf 57' lang='lat' dir='ltr'>Maximum,</span> <span class='ocrx_word' id='word_1_441' title='bbox 665 2858 713 2886; x_wconf 81' lang='lat' dir='ltr'>ill</span> <span class='ocrx_word' id='word_1_442' title='bbox 715 2867 761 2887; x_wconf 79' lang='lat' dir='ltr'>cm</span> <span class='ocrx_word' id='word_1_443' title='bbox 805 2857 901 2886; x_wconf 77' lang='lat' dir='ltr'>radus</span> <span class='ocrx_word' id='word_1_444' title='bbox 918 2857 1103 2895; x_wconf 73' lang='lat' dir='ltr'>corrigebat</span> <span class='ocrx_word' id='word_1_445' title='bbox 1107 2858 1239 2895; x_wconf 74' lang='lat' dir='ltr'>Jregir‚·</span> <span class='ocrx_word' id='word_1_446' title='bbox 1265 2855 1352 2895; x_wconf 88' lang='lat' dir='ltr'>quod</span> <span class='ocrx_word' id='word_1_447' title='bbox 1368 2856 1412 2885; x_wconf 87' lang='lat' dir='ltr'>rei</span> <span class='ocrx_word' id='word_1_448' title='bbox 1429 2863 1505 2888; x_wconf 87' lang='lat' dir='ltr'>con-</span> 
     </span>
     <span class='ocr_line' id='line_1_49' title="bbox 66 2894 1381 2940; baseline 0 -11"><span class='ocrx_word' id='word_1_449' title='bbox 66 2894 136 2938; x_wconf 55' lang='grc' dir='ltr'>δα]</span> <span class='ocrx_word' id='word_1_450' title='bbox 160 2897 212 2928; x_wconf 80' lang='lat' dir='ltr'>Sic</span> <span class='ocrx_word' id='word_1_451' title='bbox 229 2899 429 2938; x_wconf 68' lang='lat' dir='ltr'>inter-punxi.</span> <span class='ocrx_word' id='word_1_452' title='bbox 446 2899 494 2930; x_wconf 83' lang='lat' dir='ltr'>ita</span> <span class='ocrx_word' id='word_1_453' title='bbox 514 2908 580 2931; x_wconf 82' lang='lat' dir='ltr'>non</span> <span class='ocrx_word' id='word_1_454' title='bbox 601 2909 681 2940; x_wconf 86' lang='lat' dir='ltr'>opus</span> <span class='ocrx_word' id='word_1_455' title='bbox 698 2900 762 2930; x_wconf 87' lang='lat' dir='ltr'>erit</span> <span class='ocrx_word' id='word_1_456' title='bbox 805 2900 907 2929; x_wconf 86' lang='lat' dir='ltr'>sentit</span> <span class='ocrx_word' id='word_1_457' title='bbox 921 2904 956 2929; x_wconf 82' lang='lat' dir='ltr'>et</span> <span class='ocrx_word' id='word_1_458' title='bbox 973 2903 1061 2931; x_wconf 78' lang='lat' dir='ltr'>recte</span> <span class='ocrx_word' id='word_1_459' title='bbox 1076 2899 1194 2939; x_wconf 78' lang='lat' dir='ltr'>probat</span> <span class='ocrx_word' id='word_1_460' title='bbox 1209 2899 1381 2930; x_wconf 78' lang='lat' dir='ltr'>Gruterus.</span> 
     </span>
    </p>
   </div>
   <div class='ocr_carea' id='block_1_4' title="bbox 716 2946 852 2997">
    <p class='ocr_par' dir='ltr' id='par_1_6' title="bbox 716 2946 852 2997">
     <span class='ocr_line' id='line_1_50' title="bbox 716 2946 852 2997; baseline 0 -15"><span class='ocrx_word' id='word_1_461' title='bbox 716 2946 852 2997; x_wconf 75' lang='lat' dir='ltr'>ogS</span> 
     </span>
    </p>
   </div>
  </div>
 </body>
</html>
