1945 3235
654 150 840 189 LIBER
873 150 1144 191 TERTIUS.
1518 158 1596 198 379

153 252 396 304 sicarea'nt,
420 255 508 296 vim
531 269 651 296 suam
677 263 806 310 atque
828 255 1114 295 aeternitatem
1139 269 1389 298 conservare
1411 259 1592 314 possint.

153 313 191 342 21
203 311 288 353 Sed
320 312 353 353 si
386 312 480 354 haec
509 311 648 367 major
677 326 768 353 esse
798 312 907 352 ratio
932 312 1263 366 videtursquam
1292 325 1339 354 ut
1368 306 1644 360 hominum6

152 370 291 423 possit
323 384 446 411 sensu
486 380 560 410 aut
596 369 862 424 cogitatione
896 369 1228 425 comprehendi:
1263 380 1326 411 est
1355 372 1484 413 etiam
1523 373 1653 418 illam

154 425 349 467 Platonis
381 441 492 477 vera,
516 435 559 467 et
585 427 681 476 tibi,
706 425 873 477 Catule,
895 436 1011 467 certe
1041 440 1127 466 non
1159 426 1353 467 inaudita
1381 443 1480 480 vox,
1503 444 1595 470 om-

152 484 520 526 nenrdoctrinam
552 483 702 524 harum
734 484 1020 540 ingenuarum
1051 492 1094 524 et
1125 484 1408 525 humanarum
1440 487 1596 528 artium
1622 499 1628 504 ·

152 554 240 581 uno
261 541 449 596 quodam
480 541 696 582 societatis
728 540 900 581 vinculo
923 541 1150 581 contineri.
1183 541 1256 581 ubi
1279 542 1394 582 enim
1426 557 1599 599 perspe-

151 606 224 639 cta
245 599 308 639 vis
329 608 394 639 est
411 597 601 639 rationis
623 597 731 652 ejus„
761 613 847 653 qua
866 612 1007 639 causae
1039 613 1180 639 rerum
1211 608 1340 653 atque
1361 601 1503 640 exitus
1526 615 1599 640 co-

150 665 432 709 gnoscuntur,
463 655 595 694 mirus
627 655 803 709 quidam
825 655 1017 696 omnium
1041 656 1162 711 quasi
1185 670 1416 697 consensus
1438 657 1599 698 doctri-

150 712 302 753 narum
324 720 644 766 concentusque
667 713 891 768 reperitur.
951 713 1036 753 Sed
1064 714 1097 753 si
1130 713 1213 754 hoc
1235 728 1408 769 quoque
1430 715 1659 756 videtursz‘z

149 782 241 809 esse
262 769 403 820 altius,
425 783 553 824 quam
579 779 625 810 ut
647 769 690 810 id
714 784 806 820 nos,
828 769 948 810 humi
972 771 1108 821 strati,
1132 771 1347 826 suspicere
1370 772 1598 827 possimuS,

148 825 252 867 illud
283 835 400 867 certe
434 836 592 877 tamen,
622 827 737 882 quod
769 827 957 882 amplexi
992 842 1152 877 sumu&
1181 829 1296 883 quod
1330 829 1599 884 profitemur,

149 882 268 937 quod
289 885 580 939 suscepimus,
604 898 728 925 nosse
748 894 791 925 et
814 895 957 925 tenere
980 885 1199 926 debemus.
1262 885 1361 927 Una
1382 896 1445 927 est
1468 888 1598 938 enim,

149 940 266 993 quod
288 949 332 981 et
353 955 435 997 ego
460 941 658 982 hesterna
679 942 748 983 die
770 941 877 991 dixi,
899 952 943 983 et
973 942 1136 997 aliquot
1159 942 1264 983 locis
1296 944 1598 986 antemeridia-

147 1010 208 1038 no
239 1012 435 1038 sermone
467 998 731 1054 significavit
765 998 998 1050 Antonius,
1031 1001 1290 1055 eloquentia,
1319 1016 1598 1058 quascunque

149 1053 196 1095 in
226 1069 321 1095 oras
352 1056 657 1111 disputationis
688 1057 938 1112 regionesve
970 1057 1111 1098 delata
1141 1067 1219 1098 est.
1281 1058 1395 1099 Nam
1425 1059 1515 1100 sive
1544 1060 1659 1101 deas

148 1111 253 1152 coeli
278 1122 432 1154 natura
462 1113 666 1168 loquitur,
689 1114 777 1156 sive
808 1114 860 1154 de
885 1124 1024 1165 terrae,
1057 1115 1146 1155 sive
1167 1115 1220 1156 de
1250 1115 1397 1156 divina
1418 1117 1474 1167 vi,
1507 1117 1598 1159 sive

149 1168 204 1210 de
235 1169 437 1221 humana,
472 1172 561 1212 sive
593 1185 648 1212 ex
679 1170 880 1212 inferiore
910 1171 1021 1222 loco,
1057 1172 1145 1212 sive
1169 1186 1224 1213 ex
1253 1187 1394 1227 aequo,
1427 1174 1516 1215 sive
1542 1189 1597 1216 ex

150 1227 384 1282 superiore,
427 1228 516 1269 sive
560 1238 606 1269 ut
644 1228 837 1284 impellat
866 1228 1077 1280 homines,
1111 1230 1200 1270 sive
1230 1240 1278 1270 ut
1308 1230 1476 1282 doceat,
1510 1232 1601 1273 sive

150 1293 201 1325 ut
235 1284 460 1335 deterreat,
497 1286 585 1326 sive
617 1295 666 1326 ut
704 1285 908 1336 concitet,
951 1287 1040 1327 sive
1082 1297 1130 1327 ut
1170 1288 1381 1339 reflectat,
1424 1289 1513 1329 sive
1552 1298 1600 1330 ut

151 1340 368 1392 incendat,
392 1343 482 1383 sive
506 1353 552 1383 ut
572 1342 718 1393 leniat,
743 1343 832 1384 sive
852 1343 905 1384 ad
929 1358 1104 1399 paucos,
1128 1345 1216 1385 sive
1239 1345 1291 1386 ad
1314 1345 1486 1397 multos,
1510 1346 1600 1387 sive

151 1398 264 1439 inter
294 1399 469 1450 alienos,
501 1400 590 1441 sive
620 1415 720 1441 cum
752 1400 853 1451 suis,
885 1401 974 1442 sive
1008 1416 1167 1453 secum,
1198 1401 1300 1443 rivis
1332 1412 1397 1444 est
1423 1403 1601 1445 diducta

151 1456 304 1507 oratio,
337 1471 423 1497 non
445 1456 666 1509 fontibus3
697 1467 754 1508 et,
786 1473 1045 1513 quocunque
1076 1459 1330 1515 ingreditur,
1353 1461 1504 1502 eodem
1535 1471 1730 1518 estp‚145,

150 1512 364 1555 instructu
397 1524 637 1570 ornatuque
669 1516 891 1556 comitata.
953 1516 1036 1557 Sed
1059 1517 1263 1572 quoniam
1287 1519 1479 1575 oppressi
1504 1519 1598 1574 jam
1611 1531 1640 1551 a.

151 1585 297 1612 sumus
319 1572 599 1627 opinionibus
622 1587 707 1613 non
737 1573 867 1613 modo
890 1573 1025 1629 vulgi,
1047 1589 1196 1615 verum
1218 1575 1347 1616 etiam
1373 1567 1663 1618 hominum24

150 1627 302 1669 leviter
332 1630 613 1680 eruditorum,
637 1630 726 1684 qui,
748 1645 845 1685 quae
877 1631 1107 1686 complecti
1134 1632 1225 1673 tot'a
1247 1643 1481 1688 nequeunt,
1506 1635 1601 1676 haec

150 1685 320 1727 facilius
351 1686 517 1727 divulsa
538 1698 581 1728 et
611 1687 733 1742 quasi
764 1687 981 1744 discerpta
1001 1698 1299 1741 contrectant3
1330 1700 1373 1731 et
1395 1691 1484 1746 qui,
1507 1700 1601 1733 tan-

151 1758 281 1798 quam
314 1744 368 1785 ab
403 1744 548 1785 animo
579 1759 750 1800 corpus,
782 1745 843 1786 sic
877 1760 902 1785 a
931 1746 1155 1787 sententiis
1187 1748 1319 1788 verba
1352 1749 1602 1805 sejungunt,

151 1815 336 1855 quorum
367 1802 458 1842 sine
490 1802 666 1843 interitu
693 1802 782 1842 fieri
815 1813 1015 1844 neutrum
1051 1814 1218 1860 potest3
1250 1819 1337 1846 non
1370 1807 1602 1863 suscipiam

151 1859 349 1899 oratioue
380 1873 476 1899 mea
508 1859 617 1915 pluS,
651 1875 778 1914 quam
811 1859 918 1900 mihi
954 1861 1206 1917 imponitur.
1239 1872 1406 1904 tantum
1437 1865 1604 1920 signifi-

152 1916 262 1957 cabo
298 1917 432 1967 brevi,
466 1931 604 1972 neque
635 1919 863 1958 verborum
898 1928 1096 1959 ornatum
1134 1920 1314 1961 inveniri
1354 1936 1480 1977 posse
1516 1937 1604 1965 non

151 1975 193 2004 2⁷2
204 1973 373 2029 partitis
394 1975 694 2030 expressisque
724 1975 963 2025 sententiis,
985 1990 1124 2031 neque
1149 1991 1250 2018 esse*
1272 1978 1398 2019 ullam
1431 1990 1602 2021 senten-

153 2030 260 2071 tiam
281 2030 488 2072 illustrem
512 2032 603 2073 sine
632 2032 728 2073 luce
751 2033 994 2074 verborum.
1055 2035 1138 2075 Sed
1164 2036 1411 2091 priusquam
1434 2036 1506 2078 illa
1527 2053 1599 2079 co-
1610 2054 1665 2096 25·

151 2102 233 2129 nor
274 2088 502 2145 attingere,
534 2089 692 2145 quibus
718 2090 966 2131 vorationem
1006 2093 1163 2143 ornari,
1202 2103 1331 2148 atque
1369 2094 1600 2137 illuminari

152 2154 317 2201 putem,
346 2161 587 2202 proponam
622 2147 822 2199 breviter,
851 2148 956 2203 quid
986 2149 1168 2191 sentiam
1206 2150 1259 2192 de
1288 2151 1487 2193 universo
1525 2168 1602 2211 ge-

152 2217 253 2244 nere
274 2204 462 2245 dicendi.

213 2260 382 2302 Natura
409 2262 526 2303 nulla
557 2270 636 2312 est,
670 2271 718 2303 ut
750 2262 859 2303 mihi
896 2262 1082 2315 videtur,
1114 2279 1211 2320 quae
1243 2280 1329 2307 non
1365 2266 1524 2309 habeat
1554 2268 1597 2310 in

154 2333 231 2359 suo
265 2333 420 2374 genere
453 2334 518 2360 res
545 2320 788 2375 complures
821 2320 1048 2362 dissimiles
1078 2323 1190 2364 inter
1228 2339 1285 2375 se,
1318 2339 1415 2379 quae
1454 2336 1598 2368 tamen

154 2376 369 2417 consimili
393 2376 517 2417 laude
538 2377 786 2433 dignentur.
850 2377 963 2418 Nam
986 2389 1029 2419 et
1059 2381 1233 2422 auribus
1260 2382 1395 2422 multa
1417 2384 1603 2440 percipi-

153 2447 264 2484 mus,
286 2449 400 2489 quae,
423 2434 503 2475 etsi
536 2449 613 2474 nos
638 2449 817 2476 voelnus
847 2435 1076 2488 delectant,
1099 2447 1241 2479 tamen
1275 2439 1336 2479 ita
1366 2452 1464 2480 sunt
1488 2442 1604 2482 varia

153 2505 284 2547 saepe,
317 2501 365 2532 ut
399 2491 456 2543 id,
486 2491 602 2548 quod
635 2492 884 2548 proximum
927 2494 1479 2551 audias,jucundissimum
1514 2514 1606 2541 esse

198 2606 235 2635 ‘21
262 2604 330 2635 Sed
353 2606 381 2636 εἰ
405 2605 485 2645 Izoee]
515 2606 569 2636 Sic
597 2605 646 2636 ed.
674 2607 728 2637 W.
754 2611 789 2637 et
817 2606 856 2638 de
899 2607 959 2638 dus
986 2618 1124 2648 sequens
1151 2609 1197 2640 sic
1221 2616 1349 2642 structa
1374 2616 1435 2643 est.
1463 2614 1622 2644 homines

156 2647 390 2686 posterioribus
418 2648 548 2687 phire-53
573 2649 659 2688 quod
685 2655 718 2680 et
744 2659 856 2680 sensus
900 2659 968 2680 non
991 2651 1150 2691 intelligit
1174 2662 1300 2690 omues,
1325 2655 1392 2691 sed,
1420 2665 1510 2686 more
1533 2656 1604 2686 vul·

157 2693 191 2718 et
218 2689 368 2727 periodus
398 2699 535 2729 sequens
562 2692 717 2731 requirit:
741 2692 857 2722 deinde
900 2693 970 2731 gari
992 2693 1158 2733 loquendi,
1180 2695 1371 2736 plerosque3
1395 2707 1525 2738 nempe,
1548 2699 1602 2738 qui

157 2730 255 2760 colon
266 2737 342 2771 post
355 2734 590 2772 comprehendi.
622 2735 675 2764 Sic
689 2739 724 2764 et
739 2735 802 2764 Ms.
818 2735 856 2764 E.
901 2744 968 2765 non
995 2743 1073 2766 sunt
1100 2737 1226 2768 subacti
1250 2739 1436 2771 subtilitate
1461 2740 1604 2781 philoso-

156 2772 278 2812 Vulgo,
293 2774 349 2803 sed
361 2776 437 2805 lzoec.
477 2776 554 2806 Post
569 2776 603 2806 in
619 2786 694 2806 meo
709 2777 860 2817 exemplo
903 2777 1000 2817 phiae.

157 2815 290 2852 Aldine,
310 2818 411 2847 etiam
433 2818 483 2846 vir
504 2818 620 2848 doctus
642 2820 786 2850 correxit
809 2824 861 2849 ta-
945 2822 985 2851 ⁵22
1015 2823 1153 2860 partitis
1179 2825 1396 2864 expressisque
1421 2825 1602 2865 sentent-iis]

156 2867 241 2893 men,
259 2865 295 2888 ut
319 2859 427 2898 placet
449 2860 595 2896 Pearcio,
611 2862 700 2900 quod
720 2871 780 2892 nec
804 2872 861 2892 ne-
902 2863 924 2892 i.
941 2873 969 2892 6.
993 2863 1157 2895 distinctis
1174 2871 1209 2896 et
1230 2867 1410 2907 perspicuis
1431 2867 1604 2898 absolutis-

156 2900 333 2932 cessarium
355 2907 419 2940 est,
439 2911 498 2934 nec
523 2903 644 2944 placet,
668 2904 731 2935 etsi
754 2905 860 2946 perio-
901 2915 975 2946 quc.
