1945 3235
294 121 371 155 536
828 113 831 119 '
878 117 1170 156 ORATOR.

294 221 437 263 finitio
462 229 528 262 est
561 221 715 273 oratio,
748 237 862 278 quae,
886 223 990 279 quid
1014 222 1070 264 sit
1099 222 1158 274 id,
1192 221 1245 263 de
1271 237 1358 278 quo
1381 221 1542 277 agitur,
1567 220 1759 263 ostendit

294 294 424 335 quam
449 280 714 321 brevissime.
774 279 902 333 Tum,
926 290 973 322 ut
1005 280 1103 343 scis,
1125 280 1344 336 explicato
1368 292 1526 335 genere
1547 278 1759 335 cujusque

295 338 371 388 101,
405 337 638 379 videndum
672 348 750 388 est,
773 353 871 393 quae
905 339 992 380 sint
1025 338 1118 402 ejus
1154 339 1322 395 generis
1353 351 1444 377 51νο
1476 336 1644 401 formae,
1667 337 1758 378 sive

209 403 454 460 117parteS,
485 404 532 437 ut
563 396 606 436 in
630 410 699 437 eas
735 396 950 437 tribuatur
979 396 1120 436 omnis
1149 371 1306 437 oratio.
1368 393 1464 435 Erit
1497 393 1632 450 igitur
1662 393 1759 435 haec

295 452 477 494 facultas
510 454 554 494 in
587 468 654 504 eo,
686 468 814 508 quein
845 454 1042 494 volumus
1069 468 1160 495 esse
1189 453 1481 509 eloquentem,
1507 460 1554 492 ut
1580 450 1761 493 definire

297 525 385 551 rem
420 511 569 567 possit,
601 525 738 566 neque
771 511 813 551 id
846 509 978 551 faciat
1011 520 1099 551 tam
1139 526 1282 568 presse
1320 520 1363 559 et
1394 518 1594 566 anguste,
1627 523 1758 564 quam

297 569 342 610 in
376 567 458 609 illis
491 567 791 610 eruditissimis
825 567 1194 623 disputationibus
1236 568 1326 609 fieri
1367 566 1500 609 solet:
1544 566 1618 608 sed
1657 581 1760 608 cum

295 626 586 682 explanatiuS,
617 634 708 666 tum
739 626 870 666 etiam
903 625 1092 676 uberius,
1124 636 1168 667 et
1199 627 1251 667 ad
1281 638 1512 667 commune
1540 623 1760 680 judicium

294 683 636 740 popularemque
659 683 991 739 intelligentiam
1015 683 1400 724 accommodatius.
1464 682 1674 737 Idemque
1695 690 1762 723 et·-

297 743 398 792 iam,
431 755 530 782 cum
562 755 626 781 res
659 741 912 796 postulabit,
945 754 1082 796 genus
1116 741 1363 781 universum
1393 740 1437 782 in
1476 740 1640 796 species
1670 753 1764 782 cer-

298 808 378 848 tas,
408 807 457 838 ut
485 797 602 839 nulla
641 813 780 854 neque
822 798 1196 854 praetermittatur,
1228 812 1368 852 neque
1406 797 1631 848 redundet,
1663 811 1763 854 par-

299 857 445 906 tietur,
479 871 529 897 ac
560 856 742 897 dividet.
772 855 946 911 quando
981 866 1141 907 autem,
1176 865 1252 896 aut
1281 856 1502 910 quomodo
1538 855 1581 896 id
1615 854 1763 907 faciat,

299 913 408 954 nihil
436 914 488 954 ad
514 914 598 955 hoe
630 922 822 970 tempus:
855 914 1061 969 quoniam
1095 917 1163 966 (ut
1186 927 1315 969 supra
1335 912 1664 967 dixi)judicem
1691 926 1763 954 me

213 981 285 1015 118
299 986 405 1022 0550,
428 986 514 1012 non
536 971 757 1012 doctorem
784 970 896 1012 volo.
960 971 1054 1012 Ixec
1078 985 1178 1012 vero
1202 970 1441 1011 dialecticis
1466 970 1595 1011 modo
1617 971 1674 1012 sit
1695 970 1762 1012 in-

299 1039 502 1081 structus,
525 1029 596 1070 sed
629 1028 789 1070 habeat
824 1043 973 1070 omnes
1008 1028 1297 1085 philosophiae
1331 1036 1457 1069 notos
1488 1037 1533 1068 et
1554 1037 1763 1069 tractatos

298 1087 432 1128 locos.
496 1087 620 1128 Nihil
650 1088 765 1128 enim
808 1087 860 1128 de
893 1087 1118 1143 religione,
1152 1086 1258 1127 nihil
1292 1086 1346 1127 de
1387 1095 1540 1136 morte,
1567 1085 1677 1127 nibil
1708 1086 1764 1128 de

298 1144 476 1201 pietate,
500 1145 610 1185 nihil
643 1145 696 1186 de
729 1144 908 1186 caritate
941 1145 1110 1201 patriae,
1141 1144 1248 1185 nihil
1281 1144 1334 1184 be
1369 1144 1494 1185 bonis
1525 1144 1667 1195 rebus,
1689 1152 1767 1185 aut

298 1202 438 1254 malis,
462 1202 570 1243 nihil
593 1203 645 1243 de
669 1203 918 1254 virtutibus,
941 1213 1016 1243 aut
1041 1203 1170 1253 vitiis,
1193 1201 1303 1243 nihil
1324 1201 1378 1243 de
1399 1201 1561 1251 officio,
1580 1201 1691 1243 nihil
1711 1202 1767 1243 de

300 1260 463 1311 dolore,
489 1260 598 1301 nihil
629 1261 681 1302 de
706 1260 943 1316 voluptate,
966 1260 1075 1301 nihil
1106 1260 1159 1301 de
1190 1259 1592 1316 perturbationibus
1615 1259 1766 1311 animi,

301 1327 345 1359 et
365 1318 596 1368 erroribus,
619 1334 716 1374 quae
740 1332 855 1375 saepe
874 1319 1035 1359 cadunt
1059 1319 1103 1359 in
1134 1333 1299 1369 causas,
1319 1317 1391 1359 sed
1408 1317 1606 1373 jejunius
1626 1332 1766 1374 agun-

302 1385 396 1418 tur:
420 1376 543 1427 nihil,
563 1376 756 1431 inquam,
778 1378 870 1417 sine
891 1391 941 1417 ea
961 1377 1155 1427 scientia,
1170 1390 1299 1431 quam
1323 1376 1432 1427 dixi,
1455 1376 1661 1432 graviter,
1673 1390 1767 1417 am·

216 1433 288 1481 34
304 1434 386 1490 ple,
420 1434 596 1490 copiose
626 1434 711 1475 diei
744 1443 787 1475 et
828 1433 1036 1490 explicari
1070 1444 1227 1490 potest.
1291 1432 1359 1474 De
1394 1433 1574 1474 materia
1610 1433 1766 1489 loquor

215 1506 288 1540 119
303 1492 510 1532 orationis
535 1492 666 1532 etiam
692 1507 821 1541 nune,
841 1507 927 1532 non
949 1492 1042 1547 ipso
1061 1494 1114 1532 de
1136 1505 1292 1548 genere
1314 1491 1502 1532 dicendi.
1526 1491 1625 1532 volo
1647 1491 1765 1532 enim

301 1550 419 1606 prius
444 1550 602 1590 habeat
623 1559 769 1590 orator
792 1563 895 1599 rem,
919 1549 971 1589 de
1002 1564 1088 1605 qua
1113 1550 1245 1600 dieat,
1276 1549 1455 1604 dignam
1478 1549 1653 1589 auribus
1669 1563 1767 1590 eru-

298 1607 416 1657 ditis,
441 1622 571 1662 quam
603 1607 783 1663 cogitet,
816 1607 973 1663 quibus
1000 1606 1139 1648 verbis
1166 1606 1357 1662 quidque
1390 1606 1524 1656 dicat,
1550 1615 1626 1648 aut
1657 1621 1767 1662 quo-

297 1665 446 1706 modo.
463 1679 591 1721 quem
615 1668 763 1716 etiaim
782 1680 918 1721 quo&
895 1666 1098 1706 orandior
1121 1665 1189 1716 sit,
1212 1674 1256 1705 et
1278 1663 1601 1728 quodammodo
1623 1663 1768 1706 excel-

300 1724 401 1774 sior,
425 1727 494 1776 (ut
515 1723 567 1764 de
592 1723 758 1764 Pericle
790 1723 882 1764 dixi
907 1726 1070 1779 supra,)
1096 1737 1150 1763 ne
1173 1722 1453 1779 physicorum
1477 1722 1651 1777 quidem
1675 1736 1771 1764 esse

300 1781 501 1837 icrnarum
539 1780 650 1822 1010.
715 1781 878 1822 Omnia
911 1780 1124 1837 prolecto,
1155 1796 1254 1837 cuin
1287 1794 1330 1821 se
1362 1795 1387 1820 a
1419 1780 1667 1822 caelestibus
1701 1794 1768 1821 re-

302 1840 384 1880 bus
414 1839 592 1880 referret
627 1839 681 1880 ad
723 1839 949 1890 humanas,
981 1839 1211 1890 excelsius,
1238 1834 1694 1895 magnificentiusque
1723 1846 1770 1880 et

216 1900 292 1936 120
304 1897 433 1948 dicet
457 1906 499 1938 et
523 1897 695 1938 sentiet.
750 1896 951 1952 Cumque
975 1897 1046 1938 illa
1063 1897 1212 1938 divina
1232 1896 1505 1953 cognoverit,
1519 1896 1769 1956 1101018110-

304 1964 368 1996 ret
392 1970 445 1996 ne
467 1955 563 1996 haee
587 1955 764 2010 quidem
801 1955 1005 1996 humana.
1064 1954 1146 1997 Jus
1175 1955 1302 1995 011110
1335 1963 1494 2006 teneat,
1516 1969 1604 2010 quo
1634 1963 1769 2011 egent

303 2027 445 2054 causae
473 2013 663 2054 fmenses
697 2013 909 2069 quotidie.
932 2012 1036 2069 quid
1066 2022 1132 2054 est
1162 2013 1278 2054 enim
1301 2012 1485 2077 turpius,
1507 2027 1638 2068 quam
1660 2012 1769 2069 legi-

304 2071 507 2111 tiniarum
533 2080 577 2111 et
608 2071 801 2112 civilium
834 2071 1226 2112 controversiarum
1260 2070 1504 2127 patrocinia
1536 2070 1770 2134 suscipere,

305 2144 404 2169 cum
427 2129 482 2169 sis
502 2128 648 2185 legum
670 2139 714 2169 et
733 2129 906 2170 civilis
889 2129 1002 2184 juris
1026 2129 1231 2185 ignarus?
1273 2128 1371 2184 Coo
1377 2136 1526 2169 noscat
1547 2128 1679 2169 etiam
1702 2143 1768 2169 rea

303 2200 400 2227 rum
425 2196 640 2242 gestarum
662 2197 705 2227 et
727 2188 948 2228 memoriae
974 2187 1128 2228 veteris
1157 2186 1368 2237 ordinem,
1390 2185 1582 2227 maxime
1605 2185 1772 2228 scilicet

305 2254 467 2285 nostiae
492 2244 707 2286 civitatis:
741 2245 814 2285 sed
833 2254 876 2285 et
900 2245 1231 2301 impeiiosorum
1251 2244 1527 2308 populorum,
1549 2254 1593 2284 et
1613 2258 1766 2301 regum

306 2300 564 2343 illustrium:
597 2316 725 2367 quem
748 2302 937 2344 laborem
971 2303 1098 2344 nobis
1116 2301 1254 2343 Attici
1279 2302 1412 2343 nostri
1436 2301 1596 2343 levavit
1617 2302 1768 2354 lab0r3

307 2360 380 2414 qui
411 2360 677 2401 conservatis
718 2361 968 2416 notatisque
1002 2361 1285 2417 temporibus,
1315 2359 1425 2401 nihil
1463 2373 1563 2400 cum
1605 2359 1769 2400 illustre

307 2418 676 2472 praetermitteiet,
717 2433 928 2459 annomm
964 2420 1340 2475 septingentorum
1382 2417 1637 2458 memoriam
1679 2431 1768 2458 uno

174 2485 293 2522 p.208
308 2474 418 2516 libro
451 2475 690 2532 colligavit.
752 2476 933 2518 Nescire
971 2488 1132 2528 autem,
1171 2477 1275 2532 quid
1308 2484 1449 2525 antea,
1478 2488 1608 2537 quam
1641 2482 1771 2516 natus

288 2533 380 2583 ·515,
402 2534 623 2585 acciderit,
646 2534 689 2575 id
710 2544 774 2574 est
792 2548 959 2590 semper
974 2549 1066 2576 esse
1089 2549 1284 2591 puer.um
1348 2532 1465 2580 Quid
1488 2545 1602 2574 enim
1623 2541 1690 2573 est
1711 2547 1771 2574 ae-

306 2598 370 2631 tas
390 2590 594 2641 hominis,
617 2592 699 2632 nisi
722 2593 931 2633 memoria
953 2595 1144 2634 83110111111
1164 2602 1357 2633 veterum
1375 2605 1474 2632 cum
1497 2591 1769 2655 superiorum

306 2658 435 2689 aetate
468 2649 746 2692 contexitur?
780 2649 1153 2692 Commemmatio
1186 2660 1331 2692 autem
1369 2648 1659 2704 antiquitatiS,
1690 2662 1770 2690 ex-

349 2802 389 2831 83
413 2809 528 2831 rerum
555 2800 719 2841 uterum]
745 2800 892 2832 Clericus
915 2803 1015 2833 cori-i·
1058 2806 1218 2833 veterum.
1250 2801 1331 2833 Mox
1354 2801 1404 2833 ed.
1419 2801 1503 2833 Ven.
1526 2799 1770 2841 exemplorum·

311 2843 360 2882 git
393 2847 606 2874 noserarum:
644 2853 721 2874 nam
758 2849 881 2875 veteres
913 2847 1013 2875 etiarn
1059 2856 1121 2886 que
1127 2845 1291 2887 probatae

308 2891 390 2916 sunt
401 2886 598 2927 superiores,
620 2896 680 2917 nec
696 2887 778 2918 bene
790 2892 888 2919 sonat
901 2898 957 2919 rer
960 2898 1016 2919 um
