1945 3235
327 141 380 176 ΞΟ
807 137 887 176 AD
920 137 1304 178 HERENNIUM

328 256 423 283 eam
468 241 751 285 vehementer.
781 244 1063 295 extenuabit;
1093 243 1250 286 deinde
1292 243 1490 300 iniquum
1520 257 1612 286 esse
1642 242 1775 297 dicet,

331 314 495 350 omnes,
518 300 572 342 ad
593 315 702 355 quos
721 299 884 356 aliquid
902 302 1183 343 emolumenti
1205 316 1259 343 ex
1283 301 1428 358 aliqua
1447 315 1492 342 re
1514 302 1775 357 pervenerit,

294 357 374 399 Sin
408 358 698 422 suspicionem
730 358 932 400 maleficii
959 359 1186 401 devocari:
1219 359 1374 400 deinde
1397 359 1488 400 vita
1508 357 1698 400 hominis
1718 373 1776 402 ex

329 423 430 456 ante
453 415 578 456 tactis
599 416 882 471 spectabitur.
945 415 995 457 In
1019 432 1106 472 quo
1129 417 1268 473 primo
1288 416 1582 458 considerabit
1598 430 1777 458 accusa·-

327 479 409 524 tor,
438 487 540 514 num
571 473 746 528 quando
778 473 916 515 simile
946 475 1050 530 quid
1082 473 1248 516 fecerit.
1309 473 1355 516 Si
1381 474 1425 515 id
1455 488 1543 515 non
1574 473 1774 530 reperiet,
1800 492 1803 493 ⁷

325 539 506 585 quaeret,
531 546 631 571 num
656 531 828 585 quando
853 532 1018 572 venerit
1040 531 1082 573 in
1107 531 1291 573 similem
1314 531 1631 587 suspicionem:
1652 539 1708 572 et
1728 531 1776 573 in

326 602 378 629 eo
400 588 579 629 debebit
601 602 692 629 esse
714 598 967 645 occupatuS,
986 599 1034 630 ut
1052 589 1104 630 ad
1127 604 1221 631 earn
1244 604 1417 631 causam
1438 588 1622 645 peccati,
1643 602 1776 644 quain

360 646 472 687 aullo
505 655 605 686 aute
635 646 901 701 exposuerit,
928 646 1019 688 vita
1053 647 1241 688 hominis
1274 647 1409 702 possit
1438 645 1776 699 accommodari,

328 660 413 744 iioc
445 704 597 745 modo:
632 703 677 743 Si
710 703 826 744 dicct
857 705 1052 760 pecuniae
1084 719 1215 745 causa
1245 704 1413 756 fecisse,
1444 703 1645 746 ostendet
1674 717 1777 745 eum

330 775 498 817 semper
527 775 705 802 uvarum
733 760 889 803 fuisse:
923 762 957 802 si
980 762 1172 813 honoris,
1195 762 1498 804 ambitiosum:
1530 761 1592 802 ita
1612 760 1778 818 poterit

310 833 464 859 -ammi
489 819 640 859 vitium
661 833 761 860 cum
783 832 913 860 causa
942 820 1109 876 pcccati
1140 819 1457 876 conglutinare.
1517 818 1562 860 Si
1585 822 1673 860 non
1697 833 1778 875 po-·

312 876 432 917 ‘terit
455 889 530 932 par
552 876 685 917 animi
711 876 860 917 vitium
887 891 985 918 cum
1017 892 1147 918 causa
1176 877 1376 933 reperire,
1399 877 1584 933 reperiat
1613 876 1776 932 dispar.

331 933 377 975 Si
410 949 495 975 non
528 934 688 990 poterit
719 946 894 974 avarum
925 935 1233 986 demonstrare,
1252 934 1519 975 demonstret
1547 942 1777 990 corrupto-

329 1006 419 1034 rem
463 992 530 1033 vel
563 990 857 1048 perfidiosum,
900 992 934 1032 si
960 1007 1047 1048 quo
1078 992 1208 1033 modo
1236 992 1423 1048 poterit:
1473 991 1660 1047 denique
1693 991 1778 1033 ali·
1834 1003 1840 1007 ·

328 1065 416 1106 quo
439 1058 514 1090 aut
534 1064 666 1105 quam
697 1049 892 1104 plurimis
917 1050 1033 1092 vitiis
1063 1049 1382 1092 contaminabit
1411 1063 1666 1105 personam:
1701 1049 1778 1091 de·-

330 1107 430 1149 indc
472 1108 546 1163 qui
579 1107 682 1148 illud
714 1106 866 1149 fecerit
905 1117 993 1149 tam
1024 1108 1236 1163 nequiter,
1273 1111 1314 1141 20
1332 1107 1518 1148 eundem
1558 1106 1643 1149 hoc
1685 1115 1777 1148 tam

329 1179 556 1222 perperam
587 1165 740 1206 fecisse
762 1180 848 1206 non
872 1180 962 1207 esse
984 1165 1247 1207 mirandum.
1306 1165 1353 1207 Si
1377 1164 1655 1206 vehementer
1683 1178 1779 1206 cas-‘-

330 1231 400 1264 tus
431 1233 473 1264 et
508 1223 676 1279 integer
708 1223 1030 1265 existimabitur
1063 1223 1345 1274 adversarius,
1374 1222 1494 1264 dicet
1523 1221 1654 1274 facta,
1686 1236 1778 1266 non

330 1279 491 1321 taniam
514 1281 698 1337 spectari
718 1290 942 1337 oportere3
975 1282 1095 1323 illum
1114 1289 1214 1322 ante
1232 1280 1472 1323 occultasse
1490 1295 1567 1321 sua
1584 1279 1777 1336 flagitia;

331 1352 376 1379 se
400 1338 576 1394 planum
599 1338 831 1390 facturum,
856 1340 911 1380 ab
934 1354 984 1381 eo
1009 1339 1269 1381 maleficium
1290 1354 1378 1380 non
1401 1339 1565 1380 abesse.
1610 1337 1778 1380 Defen-

331 1411 402 1437 sor
430 1396 618 1452 primum
640 1397 956 1438 demonstrabit
978 1398 1111 1438 vitam
1136 1398 1363 1454 integram,
1388 1396 1422 1438 si
1454 1394 1641 1452 poterit:
1673 1396 1717 1437 id
1740 1395 1777 1438 si

327 1468 417 1495 non
441 1455 616 1510 poterit,
639 1454 867 1510 confugiet
889 1455 942 1496 ad
965 1455 1319 1511 imprudentiam,
1342 1454 1588 1504 stultitiam,
1610 1453 1778 1495 adoles-

327 1512 532 1563 centiam,
560 1513 663 1563 vim,
697 1513 1041 1568 persuasionem:
1081 1513 1239 1568 quibus
1269 1513 1323 1554 de
1353 1512 1486 1559 rebus.
1511 1507 1779 1568 vituperatio

327 1583 493 1620 eorum,
515 1585 614 1625 quse
646 1580 771 1610 extra
802 1571 845 1611 id
876 1571 1040 1612 crimen
1070 1579 1210 1622 erunt,
1242 1585 1330 1612 non
1362 1570 1519 1612 debeat
1549 1568 1778 1625 assignari.

327 1626 406 1668 Sin
431 1627 708 1668 vehementer
733 1628 919 1669 hominis
942 1628 1212 1684 turpitudine
1234 1628 1495 1684 impedietur
1513 1635 1560 1668 et
1580 1626 1778 1679 infamia,

326 1685 446 1740 prius
469 1685 592 1726 dabit
622 1699 813 1741 operam,
837 1695 886 1726 ut
908 1686 1037 1727 falsos
1069 1700 1261 1727 rumores
1291 1685 1523 1742 dissipatos
1544 1698 1636 1726 esse
1657 1684 1779 1726 dicat

326 1741 382 1783 de
413 1742 670 1795 innocente3
712 1753 756 1783 et
792 1752 938 1784 utetur
969 1743 1064 1785 loco
1105 1744 1343 1796 communi,
1374 1743 1619 1785 rumoribus
1658 1741 1776 1783 credi

326 1813 415 1841 non
436 1810 651 1856 oportere.
704 1801 781 1841 Sin
803 1800 913 1842 nihil
931 1801 1086 1843 horum
1106 1801 1198 1842 fieri
1218 1802 1394 1857 poterit,
1416 1809 1564 1842 utatur
1581 1808 1779 1843 extrema

328 1857 595 1910 defensione,
618 1866 662 1899 et
683 1858 814 1909 dicat,
838 1873 925 1900 non
948 1874 992 1900 se
1014 1859 1067 1900 de
1089 1858 1282 1900 moribus
1304 1858 1397 1914 ejus
1424 1858 1540 1915 apud
1562 1871 1779 1908 censores,

279 1906 317 1956 4
331 1915 403 1956 sed
426 1915 479 1957 de
501 1916 756 1959 criminibus
778 1917 1120 1958 adversariorum
1141 1917 1255 1973 apud
1272 1917 1444 1972 judices
1464 1915 1623 1957 dicere.
1672 1914 1778 1956 Col-

291 1971 434 2014 elatio
457 1982 537 2025 est,
560 1988 693 2029 quum
716 1983 943 2015 accusator
964 1974 1022 2026 id,
1045 1974 1162 2029 quod
1193 1974 1485 2016 adversarium
1517 1973 1672 2015 fecisse
1692 1973 1778 2014 cri-

327 2030 535 2082 minatur,
568 2032 640 2072 alii
676 2031 852 2082 nemini,
881 2032 963 2073 nisi
997 2047 1084 2084 reo,
1120 2032 1283 2073 bonum
1317 2031 1452 2072 fuisse
1482 2031 1780 2073 demonstrat:-

327 2097 404 2128 aut
434 2088 567 2130 alium
597 2089 815 2130 neminem
848 2089 1040 2146 potuisse
1078 2089 1297 2145 perficere,
1329 2088 1412 2130 nisi
1455 2088 1776 2131 adversarium:

327 2154 404 2187 aut
434 2160 534 2187 eum
561 2147 704 2202 ipsum
736 2146 830 2187 aliis
863 2148 1103 2188 rationibus
1136 2155 1211 2188 aut
1232 2162 1319 2188 non
1352 2147 1559 2202 potuisse,
1582 2154 1658 2187 aut
1687 2160 1778 2188 non

328 2217 453 2258 aeque
484 2204 713 2245 commode
745 2205 951 2261 potuisse,
974 2214 1049 2246 aut
1074 2219 1173 2245 eum
1195 2208 1230 2238 21
1256 2204 1419 2261 fugisse
1451 2205 1554 2245 alias
1587 2203 1778 2245 rationes

326 2261 647 2303 commodiores
671 2271 848 2318 propter
869 2262 1170 2318 cupiditatem.
1232 2262 1335 2304 Hoc
1357 2262 1454 2303 loco
1477 2260 1680 2303 defensor
1701 2261 1778 2303 de-

325 2329 555 2370 monstret,
576 2329 765 2376 oportet,
796 2329 872 2361 aut
901 2320 993 2361 aliis
1025 2333 1197 2376 quoque
1237 2321 1352 2361 bono
1386 2318 1532 2371 fuisse,
1563 2327 1640 2360 aut
1668 2318 1778 2360 alios

326 2390 502 2432 quoque
524 2377 581 2428 id,
605 2377 722 2432 quod
745 2378 836 2433 ipse
859 2377 1144 2429 insimuletur,
1169 2378 1325 2419 facere'
1341 2378 1549 2433 potuisse.
1590 2376 1777 2433 Signum

326 2442 406 2485 est,
440 2449 515 2490 per
553 2435 671 2490 quod
709 2435 952 2476 ostenditur
986 2436 1142 2477 idonea
1179 2435 1433 2492 perficiendi
1468 2434 1650 2476 facultas
1684 2447 1778 2475 esse

327 2493 528 2545 quaesita.
558 2492 602 2533 id
634 2492 843 2534 dividitur
874 2493 917 2534 in
951 2503 1094 2549 partes
1124 2501 1223 2536 sex‘:
1267 2493 1426 2544 locum,
1459 2501 1647 2548 tempus,
1680 2506 1780 2548 spa--¹

287 2555 315 2593 7
330 2549 452 2602 tium,
477 2551 766 2603 occasionem,
789 2565 910 2608 spem
941 2551 1208 2608 perficiendi,
1236 2565 1357 2607 spem
1388 2549 1573 2591 celandi.
1636 2548 1781 2599 Locus

367 2696 409 2727 20
432 2695 587 2727 Eundem
604 2697 661 2726 hoc
674 2700 743 2727 tum
755 2696 844 2738 psl]
865 2698 927 2728 Pro
943 2698 1030 2728 hunc
1071 2697 1159 2729 illud
1170 2697 1296 2736 fecerit,
1306 2697 1448 2729 eundem
1462 2696 1520 2729 διο.

323 2735 397 2768 dedi
421 2739 477 2768 hoc·
501 2749 519 2769 e
546 2739 625 2769 Mss.
651 2741 772 2772 nostris
795 2747 830 2771 et
853 2740 923 2771 cdd.
948 2746 1030 2771 vett.
1116 2740 1152 2771 21
1177 2740 1314 2780 Fugisse
1327 2742 1413 2771 alias
1440 2739 1523 2780 rat]
1550 2739 1604 2770 Sic
1618 2748 1678 2779 pro
1692 2736 1780 2780 effu-

322 2788 465 2818 quarum
499 2786 612 2811 tamen
648 2782 757 2821 prima
789 2785 879 2817 1474.
928 2782 1029 2813 habet
1067 2784 1167 2821 gisse,
1181 2784 1268 2822 quod
1279 2783 1391 2824 utique
1401 2782 1560 2813 latinitati
1571 2791 1639 2812 non
1650 2783 1731 2814 satis
1742 2781 1781 2813 in

323 2831 423 2859 mmo,
439 2828 473 2854 et
498 2834 574 2854 mox
589 2824 679 2854 addit
695 2825 751 2854 hoc
765 2838 774 2854 .·
801 2825 889 2865 quod
903 2825 930 2855 si
957 2826 1029 2864 quis
1073 2826 1135 2856 hoc
1149 2835 1246 2857 sensu
1263 2827 1431 2862 convenit,
1451 2825 1611 2862 dedimus,
1634 2824 1780 2856 auetori-

323 2865 433 2902 malst,
461 2866 578 2906 patiar.
624 2866 698 2899 Hoc
723 2867 854 2907 quidem
883 2877 1029 2899 necessa·
1072 2868 1132 2899 bus
1148 2868 1225 2899 Mss.
1242 2868 1389 2909 pluribus
1403 2868 1505 2900 etiam
1520 2868 1653 2906 uostris,
1662 2865 1781 2899 etedd.

326 2906 412 2937 rium
439 2908 520 2939 facit
543 2909 723 2948 disjunctio
749 2911 936 2952 perspicua:
972 2911 1029 2951 qui
1072 2916 1154 2944 vett.
1168 2916 1209 2945 ut
1221 2911 1422 2945 Med.Junt.
