1945 3235
635 170 827 209 LIBER
858 169 1102 210 PRIMUS.
1521 177 1594 213 149

151 274 456 327 commodatae,
477 284 522 317 et
544 275 711 316 diurnae
739 281 1052 330 nocturnaeque
1071 274 1407 328 vicissitudines,
1428 281 1468 312 95
1478 277 1598 320 nulia

153 332 198 374 in
227 347 272 374 re
303 348 494 390 unquam
521 341 701 374 mutatae
732 332 968 388 quidquam
1002 340 1259 373 nocuerunt.
1323 334 1434 380 Quae
1468 336 1595 391 signo

151 399 252 432 sunt
274 392 434 442 omnia,
462 405 550 432 non
571 390 778 432 mediocri
810 388 998 446 quodam
1021 389 1204 430 consilio
1224 397 1422 431 naturam
1443 393 1595 434 mundi

150 448 454 490 administrari.
515 448 685 495 Quinto
724 447 936 488 inducunt
973 446 1071 488 ioco
1102 446 1451 503 complexionem
1484 463 1593 501 eam,

150 520 249 560 quae
272 515 346 547 aut
364 505 407 547 id
426 505 558 546 infert
580 505 733 555 solum,
752 505 868 559 quod
891 519 946 545 ex
966 505 1168 546 omnibus
1189 505 1385 561 partibus
1406 506 1593 561 cogitur,

150 562 237 604 hoc
277 564 432 605 modo:
483 562 678 604 Consilio
719 562 855 618 igitur
890 563 1078 604 mundus
1120 562 1468 604 administratur:
1520 574 1595 603 aut

152 635 285 662 unum
315 620 525 662 inlocum
555 634 653 661 cum
681 620 942 661 conduxerit
969 620 1158 662 breviter
1185 619 1528 677 propositionem
1550 628 1595 661 et

148 678 472 728 assumtionem,
493 677 536 711 96
546 677 762 733 adjungit,
784 677 900 733 quod
928 692 983 718 ex
1012 678 1081 719 his
1101 678 1373 729 conficiatur,
1395 677 1448 718 ad
1477 676 1595 719 hunc

149 735 353 777 modum:
386 735 518 782 Quod
541 735 575 776 si
607 736 760 776 melius
790 744 999 791 geruntur
1028 750 1092 787 ea,
1114 750 1212 791 quae
1234 735 1432 785 consilio,
1463 749 1594 790 quam

148 807 247 847 quae
269 792 361 834 sine
382 792 565 834 consilio
594 793 976 834 administrantur:
1014 793 1124 834 nihil
1146 801 1291 834 autem
1313 792 1507 834 omnium
1530 806 1596 833 re-

147 863 242 890 rum
264 849 416 891 melius
438 850 777 902 administratur,
796 865 925 906 quam
945 851 1086 892 omnis
1106 851 1320 902 mundus3
1350 853 1390 884 97
1410 849 1594 891 consilio

145 906 282 962 igitur
309 908 495 949 mundus
516 908 856 950 administratur.
917 908 1329 965 Quinquepertitam
1352 907 1488 964 igitur
1506 907 1593 949 hoc

144 975 275 1020 pacto
293 974 448 1021 putant
466 980 557 1006 esse
578 966 1014 1022 argumentationem.
1047 966 1135 1013 Qui
1157 974 1302 1006 autem
1330 964 1590 1021 tripertitam
1602 969 1675 1018 35

146 1035 239 1063 esse
259 1023 426 1075 dicunt,
448 1023 477 1064 ii
501 1038 587 1065 non
610 1024 734 1065 aliter
753 1032 910 1080 putant
936 1024 1109 1065 tractari
1139 1032 1340 1080 oportere
1360 1036 1590 1079 argumen-
1601 1041 1654 1075 60

147 1079 373 1131 tationem,
415 1081 489 1122 sed
528 1082 806 1137 partitionem
847 1082 1002 1123 horum
1042 1081 1377 1137 reprehendunt.
1427 1089 1590 1136 negant

145 1137 261 1178 enim
283 1152 424 1193 neque
451 1153 478 1179 a
497 1139 809 1195 propositione,
838 1153 977 1195 neque
1003 1139 1059 1178 ab
1089 1139 1354 1179 assumtione
1375 1138 1589 1194 approba·
1601 1149 1634 1180 b.

148 1194 288 1235 tiones
311 1210 456 1236 earum
482 1197 667 1252 separari
690 1205 904 1252 oportere,
926 1209 1068 1250 neque
1098 1196 1442 1251 propositionem
1465 1196 1592 1236 abso-

146 1251 299 1304 lutam,
328 1267 468 1308 neque
494 1254 802 1295 assumtionem
833 1254 914 1295 sibi
945 1252 1183 1310 perfectam
1211 1252 1363 1304 videri,
1388 1267 1485 1308 quae
1517 1267 1593 1309 ap-

148 1311 406 1365 probatione
425 1310 681 1353 confirmata
700 1326 788 1352 non
812 1312 881 1352 sit.
943 1312 1090 1358 Quare
1110 1325 1216 1366 quas
1238 1310 1298 1351 illi
1322 1310 1427 1351 duas
1449 1319 1593 1366 partes

146 1370 442 1419 98numerent,
471 1369 814 1424 propositionem
852 1379 896 1410 et
933 1368 1310 1425 approbationem,
1344 1367 1426 1408 sibi
1461 1381 1592 1409 unam

147 1434 313 1480 partem
343 1425 494 1477 videri,
524 1427 892 1483 propositionem:
927 1441 1025 1482 quae
1057 1426 1091 1466 si
1125 1426 1368 1482 approbata
1398 1439 1486 1465 non
1521 1425 1591 1476 sit,

146 1482 389 1538 propositio
410 1498 497 1524 non
521 1484 577 1524 sit
597 1484 1002 1541 argumentationis.
1063 1483 1191 1534 Item,
1213 1498 1312 1538 quae
1344 1483 1398 1524 ab
1421 1482 1502 1523 iilis
1525 1496 1592 1522 as-

146 1539 322 1591 sumtio,
344 1550 388 1581 et
417 1542 692 1583 assumtionis
724 1543 982 1599 approbatio
1004 1541 1187 1591 dicatur,
1210 1540 1390 1581 eandem
1413 1539 1495 1580 sibi
1526 1554 1593 1580 as-

146 1597 406 1639 sumtionem
438 1599 571 1640 solam
603 1600 754 1641 videri.
815 1599 884 1641 Ita
914 1599 978 1651 fit,
1008 1607 1058 1639 ut
1086 1598 1236 1639 eadem
1265 1598 1433 1638 ratione
1463 1611 1592 1652 argu-

145 1655 357 1697 mentatio
375 1664 573 1709 tractata,
595 1657 689 1699 aliis
712 1657 941 1714 tripertita,
960 1657 1053 1698 aliis
1075 1655 1428 1711 quinquepertita
1446 1654 1592 1696 videa-

145 1722 230 1753 tur.
261 1728 394 1768 quare
414 1715 572 1766 evenit,
602 1724 650 1756 ut
680 1730 746 1757 res
775 1730 862 1757 non
894 1725 982 1756 tam
1014 1715 1066 1755 ad
1098 1728 1223 1754 usum
1253 1712 1424 1754 dicendi
1458 1713 1591 1768 perti-

144 1778 261 1821 neat,
282 1785 412 1826 quam
441 1773 494 1814 ad
515 1773 726 1814 rationem
749 1773 1070 1830 praeceptionis.
1133 1770 1275 1811 Nobis
1305 1779 1448 1811 autem
1470 1776 1648 1812 eom-61

146 1827 318 1869 modior
338 1829 409 1870 illa
428 1831 607 1885 partitio
629 1831 800 1872 videtur
825 1845 930 1881 esse,
953 1845 1050 1885 quae
1073 1830 1116 1870 in
1140 1829 1332 1884 quinque
1362 1838 1504 1884 partes
1525 1827 1590 1868 di-

147 1884 332 1926 stributa
352 1895 430 1938 est,
453 1902 582 1942 quam
600 1903 750 1929 omnes
772 1889 827 1930 ab
849 1886 1083 1928 Aristoteie
1104 1896 1146 1927 et
1169 1885 1471 1941 Theophrasto
1492 1899 1591 1941 pro-

146 1940 266 1993 fecti,
288 1944 478 1985 maxime
508 1946 644 1986 secuti
678 1956 792 1986 sunt.
854 1945 968 1986 Nam
991 1943 1355 2000 quemadmodum
1387 1942 1490 1983 illud
1522 1957 1592 1983 su-

145 1999 290 2055 perius
311 2015 448 2057 genus
469 2004 815 2058 argumentandi,
837 2003 951 2058 quod
976 2016 1052 2058 per
1073 2001 1369 2042 inductionem
1394 2000 1591 2050 sumitur,

145 2058 337 2100 maxime
368 2060 566 2101 Socrates
588 2071 632 2102 et
663 2061 872 2102 Socratici
908 2068 1224 2101 tractaverunt:
1258 2059 1319 2098 sic
1350 2058 1449 2108 hoc,
1471 2057 1589 2113 quod

145 2128 223 2170 per
242 2116 618 2159 ratiocinationem
639 2119 873 2175 expolitur,
897 2132 1064 2158 summe
1085 2126 1148 2157 est
1180 2116 1234 2156 ab
1256 2115 1504 2166 Aristotele,
1527 2123 1590 2155 at-

144 2186 229 2228 que
257 2188 282 2215 a
316 2174 631 2231 Peripateticis,
659 2186 704 2217 et
724 2175 1026 2232 Theophrasto
1058 2174 1405 2229 frequentatum3
1436 2172 1592 2214 deinde

146 2243 171 2270 a
211 2230 456 2274 rhetoribus
498 2233 566 2284 iis,
607 2234 680 2289 qui
723 2233 1032 2290 elegantissimi
1074 2241 1205 2286 atque
1247 2230 1589 2272 artificiosissimi

145 2289 285 2385 putati
316 2299 430 2331 sunt.
492 2291 638 2338 Quare
669 2301 814 2332 autem
848 2291 973 2332 nobis
1006 2289 1078 2330 illa
1108 2289 1249 2344 magis
1281 2288 1459 2344 partitio
1492 2302 1591 2344 pro-

176 2353 285 2398 etur,
322 2347 555 2390 dicendum
592 2349 777 2401 videtur,
819 2364 874 2390 ne
912 2357 1071 2389 temere
1111 2347 1246 2387 secuti
1289 2355 1515 2402 putemur:
1548 2353 1592 2386 et

187 2507 228 2539 95
251 2505 363 2537 Nulla
389 2507 426 2537 in
460 2507 747 2547 re—noeuerzmt]
787 2507 849 2538 Ul-
889 2507 990 2537 fuerit
1003 2506 1038 2536 h.
1055 2506 1077 2536 1.
1092 2515 1170 2536 nam
1186 2507 1220 2536 in
1235 2504 1297 2535 hac
1312 2504 1435 2535 forma:
1467 2504 1593 2545 ‚Quodsi

148 2546 232 2578 tima
243 2548 325 2579 mihi
338 2549 432 2580 valde
443 2549 563 2589 frigere
576 2550 740 2581 videntur.
786 2550 849 2580 Sed
889 2553 967 2580 ——et
988 2559 1063 2579 cum
1083 2558 1135 2585 eo,
1160 2558 1225 2588 quo
1251 2547 1306 2577 hic
1333 2546 1432 2577 modo
1455 2556 1595 2588 usurpa·

149 2588 243 2627 nihil,
259 2591 348 2629 quod
361 2592 479 2623 melius
492 2592 549 2629 sit,
563 2593 704 2633 reperire
717 2594 823 2633 potui.
890 2596 959 2628 tur,
976 2601 1043 2621 non
1058 2591 1207 2630 sequitur
1219 2591 1337 2630 igitur.

189 2631 232 2666 96
252 2633 431 2674 Ach‘unga't,
456 2636 564 2675 qnod]
595 2635 705 2675 Vulgo
726 2636 764 2665 id
786 2636 849 2675 adj.
934 2637 975 2668 98
999 2633 1214 2673 Numerent]
1261 2632 1314 2662 Sic
1348 2631 1497 2672 rescripsi
1532 2640 1593 2671 pro

149 2673 206 2704 sed
220 2674 256 2705 id
270 2676 362 2707 abest
374 2677 455 2708 Mss.
477 2678 626 2718 pluribus
641 2679 742 2708 etiam
758 2677 849 2708 Cass.
891 2680 1071 2707 numerant
1094 2687 1113 2706 e
1137 2676 1245 2706 forma
1268 2673 1464 2705 latinitatis:
1488 2677 1521 2704 et
1546 2673 1593 2703 sic

147 2716 215 2746 Gu.
233 2719 259 2747 l.
279 2719 310 2749 2.
322 2719 394 2749 edd.
408 2724 491 2751 vett.
512 2730 591 2751 ante
603 2720 738 2751 Aldum.
782 2720 851 2750 De-
892 2719 1016 2749 habent
1030 2719 1110 2749 Mss.
1124 2719 1214 2749 Cass.
1227 2718 1291 2748 Gu.
1312 2721 1336 2747 1.
1366 2717 1447 2747 Mox
1461 2717 1594 2746 dicatur

152 2757 227 2789 inde
235 2760 341 2799 quide
354 2761 521 2793 Ms.Leid.
534 2763 659 2803 profert
670 2768 704 2793 et
716 2763 850 2802 praefert
893 2761 966 2791 dedi
990 2770 1049 2801 pro
1074 2761 1210 2800 vulgato
1231 2761 1365 2793 dieitur,
1391 2758 1525 2790 eandem
1551 2757 1594 2787 ob

151 2801 300 2831 Oudend.
318 2812 385 2834 non
397 2805 494 2836 male.
517 2805 570 2836 Sic
583 2811 618 2836 et
632 2805 696 2836 Gu.
712 2808 743 2837 2.
893 2813 1055 2841 caussam,
1069 2803 1164 2843 idque
1178 2808 1212 2834 et
1225 2803 1336 2843 plures
1350 2801 1430 2832 Mss.
1457 2801 1593 2830 habent.

194 2846 234 2877 97
263 2844 397 2876 Con-silio
409 2847 542 2888 igitur]
568 2848 684 2888 Igitur
696 2847 733 2878 h.
754 2847 778 2878 1.
798 2845 851 2877 vel
894 2846 981 2877 Item
996 2846 1031 2876 in
1045 2847 1112 2876 fine
1126 2847 1242 2887 eapitis
1256 2846 1399 2885 postulet
1413 2852 1472 2884 pro
1481 2845 1594 2882 post-u-

152 2896 170 2916 e
196 2887 355 2927 superiori
381 2893 506 2921 temere
534 2890 727 2931 repetitum,
753 2889 806 2920 vel
833 2899 852 2919 e
896 2890 956 2926 lat,
977 2893 1017 2920 ut
1040 2888 1164 2921 habent
1187 2888 1267 2920 Mss.
1295 2896 1347 2929 ap.
1372 2884 1521 2919 Oudend·
1543 2883 1592 2915 ολ.

151 2938 240 2969 seqq.
266 2930 330 2961 huc
357 2934 504 2963 tractum
529 2937 590 2964 est.
633 2932 769 2965 Rectius
794 2931 852 2965 ab-
893 2931 991 2963 dunt.

837 2980 913 3020 1·ss
