1945 3235
343 156 422 191 *202
824 150 903 189 DE
928 148 1308 190 INVENTIONE

347 265 435 296 tem
459 269 583 311 posse
604 255 812 298 damnari.
845 255 1014 298 Deinde
1035 256 1143 297 nihil
1161 256 1379 313 indignius
1397 268 1502 306 esse,
1520 269 1648 312 quam
1665 270 1781 310 eum,

347 313 422 368 qui
445 311 571 368 culpa
592 322 748 364 careat,
765 314 1001 378 supplicio·
1021 328 1106 355 non
1137 328 1294 355 carere.
1356 312 1459 354 Loci
1491 321 1631 355 autem
1663 329 1782 356 com-

347 384 499 411 munes
537 371 811 423 accusatoris,
846 386 953 412 unus
993 372 1035 412 in
1068 371 1356 435 confessione,
1386 378 1429 410 et
1463 370 1581 422 alter,
1619 380 1780 435 quanta

352 436 539 483 potestas
571 428 775 483 peccandi
808 429 1082 484 ιο]”ιη(]ιι·ιωι,
1115 428 1147 469 si
1185 428 1312 469 semel
1347 427 1591 469 institutum
1626 429 1696 480 sit,
1733 435 1783 470 ut

266 494 337 528 102
350 498 436 526 non
468 485 520 526 de
544 484 674 535 f,acto
702 486 773 526 sed
796 486 848 526 de
871 485 972 527 facti
998 501 1124 526 causa
1149 500 1282 541 quaer.
1271 494 1389 526 ·1tur:
1422 484 1657 526 defensoris
1678 499 1782 526 con-

348 543 518 597 questio
540 541 795 583 calamitatis
817 543 923 598 ejus,
945 558 1041 598 quae
1065 558 1149 584 non
1173 543 1312 599 culpa,
1335 542 1407 583 sed
1431 542 1470 583 vi
1494 544 1656 598 majore
1677 557 1783 598 qua-

347 600 447 640 dam
472 599 690 650 accidelit,
712 608 756 640 et
786 600 839 641 de
869 599 1053 641 fortunae
1086 609 1311 656 potestate,
1333 610 1376 641 et
1407 599 1630 640 hominum
1663 598 1782 641 infir-

347 657 513 707 mitate,
536 665 579 696 et
601 657 662 697 uti
686 671 808 697 suum
830 657 1036 721 animum,
1059 672 1143 698 non
1166 669 1367 698 eventum
1390 657 1676 699 considerent.
1728 655 1781 698 In

347 714 722 769 quibusomnibus
741 715 1091 769 conquestionem
1116 729 1286 755 suarum
1309 722 1666 765 aerumnarum,et
1684 728 1781 755 cru-

347 771 535 811 delitatis
556 771 892 812 adversariorum
915 772 1256 827 indignationem
1280 772 1416 813 inesse
1437 771 1670 827 oportebit.
1716 769 1784 812 Ac

347 828 564 868 neminem
582 828 726 870 mirari
746 829 987 880 conveniet,
1007 829 1040 870 si
1063 830 1194 870 autin
1214 829 1294 881 his,
1314 838 1388 870 aut
1402 830 1442 870 in
1463 829 1556 870 aliis
1574 827 1785 885 exemplis

347 885 497 940 scripti
528 900 700 941 quoque
726 886 1059 928 contr-oveisiam
1091 886 1339 941 adjunctam
1369 886 1548 927 videbit.
1608 886 1709 933 Quo
1730 885 1784 926 de

348 956 504 996 genere
526 950 624 999 post
645 943 725 984 erit
747 943 872 984 nobis
904 957 990 999 sep·
980 943 1129 984 iratim
1153 944 1397 995 dicendum,
1420 952 1646 1008 propterea
1666 942 1782 998 quod

346 999 546 1054 quaedam
577 1014 734 1056 genera
755 1015 994 1052 causarum,
1017 1000 1267 1056 simpliciter
1287 1010 1331 1041 et
1351 1015 1405 1041 ex
1429 1015 1505 1042 sua
1525 1001 1566 1042 vi
1589 1000 1785 1042 conside-

347 1065 519 1099 rantur:
542 1058 740 1113 quaedam
762 1066 905 1098 autem
925 1057 1003 1098 sibi
1025 1057 1139 1098 aliud
1158 1072 1328 1113 quoque
1346 1058 1518 1113 aliquod
1536 1066 1785 1099 controver-

263 1125 335 1160 103
350 1114 422 1155 siae
446 1128 580 1171 genus
601 1125 836 1157 assumunt.
862 1115 1006 1161 Quare
1024 1115 1224 1156 omnibus
1247 1115 1448 1171 cognitiS,
1462 1129 1548 1156 non
1567 1115 1648 1156 erit
1668 1114 1782 1156 diffi-

348 1171 428 1212 cile
459 1175 501 1212 in
534 1187 878 1228 unamquamque
908 1187 1080 1213 causam
1110 1171 1352 1222 transferre,
1373 1172 1488 1227 quod
1510 1186 1565 1212 ex
1596 1186 1648 1213 eo
1676 1186 1786 1226 quo-

346 1243 431 1284 que
452 1243 607 1285 genere
629 1230 877 1272 conveniet:
909 1239 957 1270 ut
979 1230 1022 1270 in
1044 1229 1110 1270 his
1131 1229 1341 1285 exemplis
1363 1229 1651 1270 concessionis
1673 1229 1785 1270 inest

347 1287 550 1328 omnibus
577 1288 723 1343 scripti
746 1287 1039 1328 controversia
1059 1301 1122 1338 ea,
1145 1302 1241 1342 quae
1273 1301 1328 1327 ex
1360 1287 1520 1343 scripto
1541 1295 1586 1327 et
1616 1296 1785 1327 senten-

347 1343 410 1385 tia
445 1345 716 1386 nominatur:
757 1345 829 1386 sed
863 1344 965 1400 quia
1002 1344 1054 1385 de
1092 1344 1368 1385 concessione
1405 1344 1700 1399 loquebamur,
1737 1343 1780 1385 in

345 1415 441 1442 eam
465 1412 683 1459 praecepta
702 1402 911 1443 dedimus,
963 1401 1062 1442 Alio
1084 1411 1226 1443 autem
1249 1401 1344 1442 loco
1366 1401 1419 1442 de
1441 1401 1603 1457 sciipto
1624 1410 1667 1442 et
1689 1415 1783 1442 sen-

349 1459 485 1499 tentia
506 1459 711 1501 dicemus.
769 1459 929 1500 Nunc
920 1473 963 1499 in
985 1459 1161 1500 alteram
1183 1458 1471 1500 concessionls
1494 1467 1658 1515 partem
1680 1472 1784 1500 con-

354 1515 656 1557 siderationem
679 1517 963 1558 intendemus.

269 1570 343 1619 34
412 1572 674 1629 Deprecatio
695 1582 774 1625 est,
797 1575 840 1614 in
862 1589 947 1629 qua
968 1588 1055 1614 non
1077 1573 1269 1614 defensio
1291 1572 1411 1624 facti,
1435 1572 1507 1614 sed
1533 1572 1785 1629 ignoscendi

267 1642 341 1676 104
353 1631 587 1686 postulatio
619 1631 878 1672 continetur.
940 1630 1040 1673 Hoc
1072 1645 1205 1686 genus
1239 1630 1314 1671 vix
1345 1630 1388 1670 in
1413 1629 1582 1685 judicio
1612 1629 1785 1686 probari

351 1696 509 1744 potest,
532 1688 628 1730 ideo
648 1689 764 1744 quod
787 1701 990 1730 concesso
1022 1698 1215 1753 peccato,
1238 1687 1412 1728 difficile
1443 1695 1508 1727 est
1538 1687 1592 1728 ab
1620 1701 1687 1738 eo,
1710 1686 1784 1742 qui

350 1755 626 1800 peccatorum
645 1746 803 1787 vindex
826 1761 917 1787 esse
939 1746 1081 1797 debet,
1100 1755 1148 1787 ut
1171 1746 1381 1801 ignoscat,
1401 1744 1641 1799 impetrare.
1665 1744 1787 1791 Qua-

349 1817 393 1843 re
423 1813 544 1859 parte
578 1803 671 1859 ejus
701 1804 883 1868 geneliS,
906 1818 1005 1845 cum
1027 1818 1199 1844 causam
1232 1817 1318 1843 non
1350 1802 1393 1842 in
1423 1817 1474 1843 eo
1496 1801 1786 1852 constitueris,

350 1860 412 1900 uti
434 1860 596 1902 licebit.
656 1838 727 1902 Ut
750 1861 783 1901 si
816 1876 893 1926 pro
917 1861 1058 1916 aliquo
1081 1860 1210 1911 claro,
1233 1868 1307 1901 aut
1335 1859 1436 1900 forti
1460 1858 1566 1923 viro,
1589 1859 1712 1915 cujus
1741 1857 1788 1900 in

349 1917 661 1974 rempublicam
682 1919 818 1959 multa
843 1919 929 1959 sint
959 1918 1183 1969 beneficia,
1207 1917 1396 1958 dixeris·
1385 1949 1397 1969 ,
1428 1917 1579 1973 possis,
1601 1931 1701 1958 cum
1722 1915 1787 1957 vi-

350 1975 487 2016 dearis
513 1990 599 2017 non
631 1976 695 2017 uti
724 1975 1041 2033 depiecatione,
1070 1976 1133 2017 uti
1165 1984 1324 2026 tamen,
1356 1974 1409 2015 ad
1440 1974 1554 2015 hunc
1582 1974 1785 2016 modum:

353 2032 482 2079 Quod
515 2033 564 2085 si,
592 2033 777 2088 judices,
809 2034 880 2075 hic
914 2048 991 2088 pro
1023 2033 1108 2074 suis
1141 2031 1376 2083 beneficiis,
1407 2045 1484 2087 pro
1520 2046 1596 2072 suo
1627 2030 1785 2082 studio,

350 2090 467 2145 quod
500 2090 544 2131 in
577 2105 652 2131 vos
691 2090 845 2132 habuit
878 2103 1058 2146 semper,
1088 2090 1162 2131 tali
1199 2105 1275 2130 suo
1307 2098 1517 2152 tempore,
1551 2088 1786 2130 multorum

351 2162 525 2188 suorum
559 2157 674 2188 recte
713 2147 925 2188 factorum
958 2161 1100 2200 causa,
1134 2147 1207 2187 uni
1238 2146 1395 2187 delicto
1426 2154 1474 2186 ut
1507 2145 1788 2201 ignosceretis

350 2204 601 2260 postular,et
625 2213 712 2245 tam
734 2205 915 2261 dignum
946 2213 1087 2245 vestra
1112 2202 1454 2253 mansuetudine,
1477 2217 1607 2257 quam
1629 2203 1789 2245 virtute

352 2261 481 2317 hujus
503 2271 627 2313 esset,
650 2262 836 2317 judiceS,
858 2277 884 2303 a
907 2261 1027 2302 vobis
1049 2262 1160 2303 hanc
1191 2275 1295 2312 rem,
1319 2260 1402 2301 hoc
1425 2260 1717 2316 postulante,
1706 2273 1790 2301 lm-

307 2324 337 2356 b.
353 2319 524 2374 petrari.
586 2319 756 2361 Deinde
777 2333 934 2375 augere
955 2319 1166 2360 beneficia
1185 2319 1347 2369 licebit,
1370 2325 1414 2358 et
1435 2317 1606 2373 judices
1629 2331 1704 2374 per
1724 2316 1788 2361 lo-

352 2391 451 2417 cum
492 2391 766 2418 communem
814 2377 867 2418 ad
910 2376 1162 2441 ignoscendi
1204 2376 1470 2418 voluntatem
1514 2378 1552 2409 19
1563 2375 1787 2416 deducere.

269 2445 340 2480 105
355 2434 499 2480 Quare
528 2434 611 2475 hoc
635 2449 785 2490 genuS,
807 2449 1068 2490 quamquam
1099 2449 1144 2475 m
1167 2433 1346 2490 judiciis
1367 2447 1455 2473 non
1478 2440 1682 2484 versatur,
1704 2431 1787 2473 nisi

352 2492 537 2546 quadam
558 2506 611 2533 ex
636 2501 779 2548 parte:
812 2501 956 2533 tamen
978 2507 1080 2547 quia
1099 2500 1143 2532 et
1172 2506 1269 2548 pars
1302 2491 1394 2546 ipsa
1417 2489 1660 2531 inducenda
1679 2503 1787 2530 non-

351 2563 587 2603 numquam
605 2559 682 2600 est,
705 2559 748 2590 et
779 2549 822 2590 in
853 2560 1018 2600 senatu,
1040 2552 1102 2581 20·
1093 2557 1167 2590 aut
1197 2564 1241 2590 m
1263 2546 1443 2590 consilio
1466 2561 1580 2603 saepe
1601 2547 1721 2588 omni
1743 2546 1788 2587 in

352 2620 508 2662 genere
538 2606 805 2658 tractanda,
797 2621 840 2647 111
872 2607 914 2648 id
941 2621 1112 2662 quoque
1143 2614 1361 2663 praecepta
1390 2618 1613 2661 ponemus.
1673 2603 1789 2646 Nam

398 2733 435 2764 19
458 2729 654 2770 Deducere]
691 2730 767 2760 Non
805 2731 949 2761 dubitavi
986 2731 1048 2761 hoc
1134 2733 1174 2762 20
1196 2731 1266 2761 Aut
1277 2731 1315 2760 in
1327 2728 1480 2769 consilia]
1498 2727 1614 2760 Addidi
1627 2729 1666 2759 in
1677 2738 1695 2759 e
1709 2727 1791 2759 Mss.

353 2782 509 2812 reponere
534 2783 593 2812 pro
614 2772 750 2811 vulgato
773 2773 900 2810 ducere,
923 2783 941 2803 e
970 2773 1050 2803 Mss.
1092 2777 1127 2803 et
1146 2772 1382 2803 cousuetudine
1397 2772 1562 2802 Ciceronis
1583 2775 1742 2811 perpetua
1754 2770 1789 2800 in

352 2814 501 2855 pluribus
518 2821 553 2845 et
567 2814 637 2845 edd.
653 2825 701 2854 pr.
718 2815 814 2854 idque
829 2815 962 2845 verbum
977 2825 1051 2855 pro·
1093 2815 1144 2845 his
1162 2814 1266 2851 libris,
1286 2816 1380 2855 cujus
1393 2814 1509 2845 statim
1532 2812 1681 2853 sequitur
1700 2811 1790 2844 aliud

352 2858 461 2897 prium
483 2862 533 2887 est
556 2857 722 2887 Ciceronis
744 2857 778 2886 in
794 2857 856 2887 hac
875 2857 1053 2890 sententia.
1095 2857 1293 2898 exemplum.

355 2900 483 2930 Primus
498 2899 599 2930 Aldus
613 2899 730 2930 ducere
743 2899 855 2930 edidit.
