1914 3220
297 149 407 184 xxx
782 131 1234 190 PRAEFATIO.

294 260 599 323 memorari,
629 277 756 332 quae
794 260 1079 316 Florentiae
1113 281 1160 316 a.
1200 266 1355 323 1571.
1388 264 1538 316 facta
1564 270 1727 327 esset,

294 342 460 398 literis
506 346 833 418 vulgaribuS,
879 349 1110 401 cursivas
1156 348 1318 418 vulgo
1365 355 1580 400 vocant.
1657 347 1726 402 Id

293 449 396 503 ego
436 442 639 486 temere
676 433 899 496 credidi,
953 451 1079 486 cum
1129 433 1342 487 nullum
1378 433 1497 503 ejus
1541 450 1728 485 exem-

293 519 448 590 plum
489 518 621 570 mihi
667 518 975 580 occurrerit,
1022 537 1123 572 nec
1161 518 1275 588 ejus
1313 518 1505 587 quovis
1549 518 1726 589 pretio

292 603 510 657 emendi
555 603 785 657 facultas
838 602 971 655 mihi
1022 602 1153 657 data
1206 603 1378 656 fuerit.
1458 601 1725 655 Firmarat

290 707 520 744 errorem
553 687 756 742 Graevii
787 687 858 740 ad
894 686 1167 758 Epistolas
1201 687 1270 740 ad
1300 687 1549 741 Atticum
1586 705 1724 758 *proe-

287 773 439 836 satio,
482 774 536 825 in
581 791 695 844 qua
735 791 791 826 se
833 781 1046 826 textum
1082 790 1270 826 earum
1311 771 1444 825 dicit
1481 774 1722 826 maxime

287 859 658 931 composuisse
686 859 755 911 ad
788 867 1119 929 postremam
1148 856 1373 911 Victorii
1405 857 1721 921 editionem,

288 961 415 1014 quae
470 943 609 997 Flor.
669 949 824 1002 1571.
879 942 1028 994 facta
1078 950 1235 1004 esset,
1289 959 1635 1013 quamquam
1687 961 1721 997 a

286 1025 655 1080 Malliabecco
709 1027 1037 1098 accepisset:
1090 1044 1197 1077 non
1244 1025 1439 1079 diserte
1484 1027 1720 1090 tradenS,

283 1111 338 1163 id
367 1112 437 1164 ad
467 1112 607 1164 solas
634 1111 729 1164 lias
756 1112 1012 1182 epistolas
1043 1110 1324 1182 pertinere.
1377 1109 1637 1180 Denique
1661 1111 1719 1163 -in

281 1213 478 1249 manus
525 1214 672 1249 meas
719 1197 867 1249 venit
911 1196 1170 1268 superiori
1216 1212 1361 1248 anno
1401 1195 1719 1266 exemplum

280 1280 635 1352 epistolarum
669 1281 738 1334 ad
768 1281 1018 1335 Atticum
1051 1300 1081 1334 e
1118 1280 1361 1334 secunda
1390 1278 1615 1333 Victorii
1640 1298 1719 1333 re-

280 1366 553 1429 censione,
580 1364 697 1419 'illo
749 1385 895 1420 anno
947 1365 1235 1420 Florentiae
1289 1365 1578 1429 editarum,
1632 1382 1717 1428 eo,

279 1466 394 1521 quo
420 1451 683 1504 traditum
711 1452 901 1523 reperi,
927 1470 1123 1524 genere
1158 1452 1466 1507 literarum:
1506 1468 1573 1503 ex
1602 1466 1717 1520 quo

275 1538 537 1601 intellexi,
565 1557 675 1591 non
695 1539 844 1591 illam
866 1537 1140 1597 Venetam
1161 1537 1458 1591 editionem
1473 1553 1718 1608 operum

277 1624 651 1677 universorum
680 1621 956 1678 Ciceronis
979 1623 1270 1694 repetitam
1292 1640 1424 1687 esse,
1445 1623 1540 1677 sed
1567 1623 1714 1678 hanc

271 1717 496 1768 tantum
524 1717 767 1781 partem;
806 1709 877 1764 de
903 1709 1057 1781 cujus
1090 1709 1329 1779 exempli
1362 1708 1572 1762 ratione
1596 1706 1713 1761 dil-i-

273 1795 489 1867 gentius
518 1813 552 1848 a
577 1795 734 1849 nobis
763 1795 821 1848 in
858 1794 1178 1866 praefatione
1208 1794 1282 1847 ad
1309 1794 1426 1847 illas
1454 1792 1713 1865 epistolas

272 1881 502 1935 dicetur.

346 1963 490 2019 Cum
533 1964 693 2019 valde
733 1965 1056 2037 probaretur
1091 1962 1410 2017 Victoriana
1451 1963 1713 2025 recensiO,

271 2051 458 2105 statim
495 2050 695 2122 reperti
734 2057 881 2113 sunt,
924 2049 1023 2120 qui
1061 2066 1186 2103 eam
1222 2056 1548 2121 repeterent,
1590 2049 1712 2121 qui-

273 2136 402 2189 dam
431 2135 659 2207 quidem
683 2134 780 2198 sic,
817 2144 881 2189 ut
916 2135 1027 2188 fere
1057 2134 1207 2199 nihil,
1235 2135 1336 2193 nisi
1367 2143 1708 2207 repeterent-t

270 2222 363 2276 alii
404 2240 532 2276 cum
570 2219 784 2294 judicio
829 2228 884 2274 et
929 2219 1165 2274 delectu.
1244 2219 1334 2275 Ex
1379 2221 1473 2275 illo
1509 2241 1710 2295 genere

268 2317 351 2361 est
402 2308 574 2380 major
626 2304 847 2360 Roherti
901 2303 1160 2377 Stephani
1213 2306 1382 2360 editio
1444 2306 1715 2361 Parisien-

267 2393 338 2446 sis
382 2412 431 2446 a.
467 2397 623 2453 1539.
665 2392 704 2444 f.
744 2408 871 2462 quae
908 2392 963 2444 in
1012 2391 1133 2464 ipso
1176 2391 1336 2446 titulo
1376 2411 1434 2447 se
1476 2392 1710 2449 Victori-

266 2495 388 2538 anae
415 2478 583 2531 filiam
619 2477 919 2549 profitetur,
957 2484 1021 2530 ut
1060 2477 1445 2548 Lugdunensis
1472 2476 1709 2550 Gryphi-

265 2579 315 2613 ω
327 2581 410 2614 um
438 2580 487 2614 a.
523 2566 679 2616 1540.
710 2568 759 2617 8.
788 2563 955 2624 facta,
981 2562 1271 2631 aliquoties
1292 2561 1492 2616 deinde
1517 2564 1610 2616 illa
1629 2581 1712 2616 re·

261 2648 471 2718 petita:
511 2647 566 2701 in
606 2648 809 2718 quibus
851 2646 1265 2720 repetitionibus
1302 2654 1507 2713 tamen,
1553 2657 1617 2702 ut
1650 2650 1708 2703 in

258 2749 348 2795 ea,
385 2750 512 2803 quae
551 2735 708 2794 1555.
737 2731 888 2786 facta
925 2743 1025 2797 est,
1054 2731 1264 2803 aliquid
1297 2750 1329 2786 e
1370 2732 1708 2789 Manutiana

258 2818 574 2878 ,recensi-one
610 2819 900 2878 accessisse
940 2818 1129 2873 titulus
1168 2819 1466 2890 profitetur.
1548 2819 1703 2875 Nam

1900 856 1914 2229 *fij—W-z——z——m—„ffl
1913 844 1914 847 „
