1945 3235
616 101 801 143 LIBER
828 104 1157 142 SECUNDUS.

1538 105 1613 142 301

176 208 333 252 modo:
366 219 409 251 et
441 224 537 251 cum
573 209 626 250 de
666 209 821 249 eventu
861 208 1042 258 dicatur,
1082 217 1129 248 ut
1166 221 1307 249 causae
1347 208 1619 264 explicentur

178 281 342 318 omnes,
366 267 429 308 vel
453 281 588 316 casus,
622 266 688 306 vel
709 266 947 322 sapientiae,
970 265 1037 305 vel
1060 265 1337 306 temeritatis:
1372 265 1618 306 hominum-

177 339 261 378 que
283 325 471 381 ipsorum
506 338 589 363 non
619 324 754 363 solum
784 337 846 363 res
878 333 1027 378 gestae,
1059 322 1304 378 sedfetiam,
1335 323 1404 376 qui
1431 322 1545 362 sama
1567 338 1616 363 ac

174 395 352 422 nomine
374 381 599 431 excellant,
622 381 673 421 de
703 379 910 434 cujusque
940 380 1042 429 vita,
1065 389 1193 433 atque
1227 387 1391 419 natura.

178 453 272 479 rum
295 451 436 479 autem
460 438 582 488 ratio,
615 446 658 478 et
690 451 826 492 genus
854 437 1075 486 orationis,
1100 436 1241 476 fusum
1267 445 1396 490 atque
1419 443 1617 487 tractum,

179 506 222 536 et
243 511 341 536 cum
365 496 537 537 lenitate
559 494 742 549 quadam
766 494 967 548 aequabili
992 494 1223 549 profluenS,
1256 492 1346 533 sine
1365 492 1619 547 liacjtrclici-

180 553 233 593 ali
257 554 499 609 asperitate,
521 561 564 591 et
586 552 676 591 sine
698 551 1006 592 sententiarum
1037 550 1269 591 forensium
1294 550 1450 591 aculeis
1471 553 1512 580 40
1528 563 1624 605 pera

183 611 443 665 sequendum
466 618 544 648 est.v
590 608 756 649 Harum
783 618 847 648 tot
871 618 1171 663 tantarumque
1193 622 1331 648 rerum
1355 610 1392 637 41
1411 607 1622 648 videtisne

183 667 266 707 ulla
286 682 376 708 esse
401 675 628 722 praecepta,
651 665 808 721 quaein
833 666 996 706 artibus
1021 665 1236 706 rhetorum
1263 664 1548 721 reperiantur?

238 724 290 764 In
312 724 460 764 eodem
485 723 654 764 silentio
679 723 814 764 multa
844 723 927 764 alia
955 732 1170 763 oratorum
1206 722 1351 763 officia
1373 721 1620 777 jacuerunt,

179 781 513 831 cohortationes,
537 781 867 831 consolationes,
891 789 1122 836 praecepta,
1144 780 1388 820 admonita:
1421 794 1517 834 quae
1537 789 1620 819 tra-

179 839 337 879 ctanda
358 848 456 878 sunt
479 839 624 878 omnia
645 838 945 890 disertissime3
978 839 1049 878 sed
1073 837 1213 878 locum
1238 852 1359 878 suum
1386 837 1427 876 in
1451 836 1531 876 illis
1554 850 1621 876 ar-

181 896 310 947 tibus,
332 911 428 951 quae
453 895 621 936 tradita:
646 906 759 946 sunt,
783 896 944 936 habent
973 895 1150 936 nullum.

1209 894 1354 949 Atque
1376 895 1417 934 in
1442 893 1523 935 hoe
1547 908 1620 949 ge·
1632 902 1683 934 65

182 968 281 994 nere
304 953 374 993 illa
401 967 571 1007 quoque
590 962 654 993 est
677 953 846 993 infinita
873 953 992 1004 silva,
1018 952 1132 1008 quod
1161 952 1319 993 oratori
1342 951 1533 1008 plerique
1554 949 1664 1004 (utb-

182 1011 313 1052 etiam
337 1010 514 1051 Crassus
537 1011 744 1061 ostendit)
774 1011 859 1051 duo
883 1025 1040 1066 genera
1061 1010 1114 1051 ad
1136 1009 1365 1050 dicendum
1387 1009 1622 1060 dederunt;

177 1081 313 1109 *unum
334 1069 386 1108 de
407 1079 524 1108 certa
546 1068 807 1123 definitaque
823 1083 965 1117 causa,
981 1067 1126 1122 quales
1146 1078 1259 1117 sunt,
1282 1082 1377 1122 quae
1401 1066 1443 1107 in
1462 1067 1624 1117 litibus,

184 1140 284 1180 quae‘
316 1126 358 1166 in
399 1126 780 1166 deliberationibus
812 1133 1058 1176 vei-santum
1100 1124 1244 1174 addat,
1284 1139 1316 1164 s1

1359 1124 1453 1179 quis
1496 1124 1625 1174 volet,

183 1184 314 1224 etiam
342 1185 383 1214 ⁴2
397 1182 686 1224 laudationes:
729 1183 924 1231 alterum,
958 1182 1071 1237 quod
1107 1181 1324 1238 appellant
1356 1196 1505 1222 omnes
1538 1181 1626 1222 fere

187 1241 430 1297 scriptoreS,
462 1239 653 1296 explicat
685 1254 825 1290 nemO,
849 1239 1062 1280 infinitam
1097 1240 1264 1296 generis
1293 1239 1382 1279 sine
1418 1248 1625 1295 ternpore,

185 1308 228 1339 et
258 1299 348 1339 sine
382 1312 574 1353 persona,
608 1298 907 1352 quaestionem.

183 1370 281 1396 cum
323 1355 487 1405 dicunt,
522 1355 760 1411 intelligere
794 1354 901 1396 mihi
937 1369 1023 1395 non
1062 1355 1274 1396 videntur.

970 1297 1071 1338 Hoc
1104 1297 1206 1352 quid
1238 1305 1282 1337 et
1313 1306 1522 1355 quantum
1556 1297 1626 1347 sit,

184 1412 381 1462 oratoris,
403 1427 687 1467 quaecumque
709 1427 773 1453 res
802 1411 970 1453 infinite
1004 1412 1145 1467 posita
1167 1413 1235 1463 sit,
1258 1411 1310 1452 de
1337 1426 1387 1452 ea
1417 1426 1541 1468 posse
1563 1412 1627 1453 di-

184 1484 304 1522 cere,
336 1470 566 1511 dicendum
604 1470 686 1510 erit
720 1471 773 1520 ei,
807 1479 968 1524 quanta
997 1470 1052 1510 sit
1090 1470 1189 1510 solis
1227 1469 1496 1524 magnitudo,
1530 1484 1627 1525 quae

186 1527 326 1568 forma
345 1536 493 1569 terrae:
526 1528 579 1568 de
602 1526 934 1578 mathematicis,
955 1527 1006 1567 de
1029 1527 1205 1567 musicis
1241 1527 1365 1567 rebus
1391 1541 1476 1567 non
1509 1537 1631 1582 pote-

185 1585 258 1636 rit,-
277 1585 380 1640 quin
403 1585 534 1636 dicat,
557 1585 639 1626 hoc
661 1600 789 1627 onere
811 1595 1026 1641 suscept0‚
1051 1599 1257 1625 recusare.
1308 1588 1348 1616 43
1361 1583 1560 1639 Denique
1575 1585 1631 1635 ei,

188 1646 261 1697 qui
299 1642 523 1698 profitetur
551 1657 642 1683 esse
677 1658 816 1694 suum,
849 1657 934 1683 non
974 1642 1110 1683 solum
1144 1642 1196 1682 de
1228 1643 1276 1682 iis
1311 1642 1629 1692 controversiis,

178 1703 230 1730 -44
243 1715 340 1754 quae
364 1701 629 1755 temporibus
651 1712 695 1741 et
717 1701 907 1757 personis
938 1709 1099 1741 notata}
1123 1709 1236 1750 sunt,
1260 1699 1342 1740 'noc
1363 1708 1440 1749 est,
1463 1698 1516 1739 de
1538 1713 1631 1739 om-

187 1757 313 1797 nibus
337 1756 591 1808 forensibus,
614 1759 686 1799 sed
708 1759 837 1798 etiam
860 1758 912 1798 de
935 1771 1138 1813 generum
1168 1757 1347 1798 infinitis
1378 1757 1631 1812 quaestioni-

190 1814 268 1854 bus
291 1814 446 1865 dicere,
468 1815 631 1856 nullum
655 1825 797 1872 potest
819 1829 909 1856 esse
934 1830 1069 1870 genus
1093 1815 1314 1864 orationis,
1339 1815 1454 1870 quod
1477 1815 1532 1854 sit
1554 1828 1629 1855 ex-

189 1882 378 1927 ceptum.
439 1871 520 1913 Sed
547 1873 579 1912 si
605 1872 717 1914 illam
753 1887 925 1928 quoque
955 1883 1119 1928 partem
1152 1873 1440 1927 quaestionum
1472 1872 1629 1913 oratori
1649 1863 1717 1917 16

190 1929 385 1970 volumus
408 1929 644 1987 adjungere
666 1945 836 1986 vagam,
858 1940 901 1970 et
931 1930 1124 1980 liberam,
1145 1941 1188 1969 et
1222 1929 1305 1969 late
1328 1938 1562 1985 patentem,
1585 1939 1695 1980 {1167

188 1986 241 2027 de
263 1987 388 2027 rebus
413 1987 536 2028 bonis
558 1997 634 2028 aut
655 1989 791 2037 malis,
814 1987 1067 2043 expetendis
1084 1997 1158 2028 aut
1177 1986 1416 2043 fugiendis:
1442 1986 1633 2028 honestis

189 2053 264 2084 aut
286 2044 510 2101 turpibus:
541 2045 720 2086 utilibus
738 2055 812 2086 aut
835 2045 1084 2086 inutilibus:
1108 2045 1161 2085 de
1183 2045 1357 2096 virtute,
1379 2044 1432 2085 de
1447 2043 1636 2098 Justitia,

230 2178 272 2206 40
289 2176 551 2216 persequendum
579 2176 651 2217 est]
699 2176 781 2208 Edd.
806 2180 888 2208 vett.

190 2218 256 2248 fere
267 2228 416 2258 pras-equ.
461 2219 533 2259 Ego
549 2219 661 2250 malim
680 2220 890 2259 sequendum,

191 2261 278 2300 quod
303 2267 352 2291 est
369 2262 540 2301 proprium
555 2267 587 2292 et
603 2262 765 2293 usitatum
782 2263 815 2293 in
829 2262 891 2292 hac

187 2304 354 2334 sententia
377 2304 531 2335 verbum:
556 2304 612 2335 sed
636 2309 750 2335 tamen
771 2309 804 2334 et
814 2314 892 2344 per-

188 2356 251 2385 seq.
267 2346 344 2376 ferri
358 2351 477 2386 potest.

184 2415 189 2418 Δ
235 2391 272 2418 41
296 2389 465 2424 videtisne,
481 2390 554 2420 ulla
568 2400 634 2420 esse
642 2389 715 2430 pru]
759 2389 811 2419 Sic
825 2389 893 2419 edi-

191 2429 297 2460 dimus
314 2441 370 2471 pro
392 2433 486 2461 nulla
500 2442 540 2462 ex
555 2432 625 2463 edd.
642 2442 689 2473 pr.
708 2431 802 2471 idque
826 2442 893 2462 me-

190 2471 253 2502 lius
279 2479 340 2510 est,
366 2483 407 2503 ne
421 2475 578 2504 videtisne
600 2476 643 2505 sit
666 2474 892 2514 accipiendum

191 2525 250 2555 pro
271 2525 375 2546 ‘nonne
389 2517 523 2547 videtis.-
545 2517 709 2556 quomodo
731 2527 808 2547 sane
833 2517 892 2547 ali-

190 2562 270 2596 quot
282 2557 373 2594 locis,
388 2559 487 2588 etiam
515 2559 695 2595 Ciceronis,
719 2559 778 2589 illa
791 2559 893 2599 parti-

191 2598 266 2629 cula
288 2599 423 2630 dicitur:
447 2601 502 2632 sed
525 2607 651 2637 tamen,
674 2611 715 2632 ne
740 2602 787 2632 ita
809 2602 894 2631 acci-

193 2651 268 2680 pere
296 2651 424 2673 neeesse
450 2643 506 2679 sit,
538 2644 564 2675 si
599 2644 667 2674 ullo
693 2643 790 2674 modo
822 2644 894 2674 fieri

192 2688 311 2723 potest,
326 2684 517 2716 cavendum.

236 2727 278 2756 4⁶2
302 2727 531 2767 laudationes]
580 2727 663 2758 Edd.
679 2737 807 2765 ornneS,
824 2729 897 2759 Zau--

188 2766 348 2799 dationis.-
378 2769 457 2800 Mss.
481 2770 612 2810 quidam
636 2777 750 2801 tamen
779 2771 896 2801 lauda-

195 2810 308 2847 tiones,
324 2811 409 2850 quod
425 2814 546 2852 recepit
560 2813 723 2843 Peareius.
758 2812 896 2845 Lauda-

195 2852 303 2889 tionis,
327 2852 412 2885 unde
434 2855 586 2895 pendeat,
610 2865 678 2886 non
695 2855 808 2887 habet:
835 2857 898 2887 uisi

933 2175 1099 2216 intelligas
1127 2185 1284 2208 eausam.-
1307 2175 1393 2216 quod
1417 2176 1497 2206 mihi
1523 2180 1635 2208 tamen

934 2218 1045 2249 durius
1064 2218 1203 2249 videtur.

975 2265 1017 2292 43
1041 2261 1192 2301 Derzique
1213 2261 1254 2297 ei,
1269 2261 1324 2300 qui
1340 2261 1542 2303 prqfi'tetur]
1574 2261 1635 2303 Ed.

934 2313 959 2334 s.
974 2304 997 2335 l.
1012 2311 1045 2334 et
1056 2315 1084 2335 a.
1100 2304 1186 2344 Lips.
1202 2303 1325 2334 habent
1339 2305 1400 2340 ln's,
1416 2304 1471 2343 qui
1479 2304 1637 2344 prqfttetz·

935 2350 993 2376 tur
1001 2360 1011 2379 ;
1037 2346 1123 2386 quod
1134 2356 1233 2386 prope
1247 2346 1462 2386 praetulerim,
1476 2346 1551 2385 quia
1558 2355 1637 2385 pro—

924 2390 1073 2430 fitentur
1096 2397 1145 2418 cst
1168 2389 1269 2419 etiarn
1296 2388 1331 2418 in
1353 2389 1403 2419 ed.
1418 2389 1472 2419 W.
1517 2388 1580 2419 Sed
1595 2388 1636 2420 ad

935 2441 1067 2462 sensum
1082 2431 1126 2461 nil
1143 2431 1292 2462 interest,

976 2477 1018 2504 44
1040 2484 1071 2513 q.
1104 2477 1126 2503 t.
1151 2478 1182 2504 ec
1202 2483 1239 2514 p.
1263 2476 1383 2503 notatae
1406 2472 1510 2512 sunt]
1534 2473 1636 2503 ‚Non

933 2516 1080 2546 dubitavi
1098 2516 1240 2556 recipere
1255 2516 1483 2554 conjecturam
1500 2515 1637 2546 Lambi-

936 2558 968 2588 ni
985 2568 1042 2598 pro
1060 2558 1193 2598 vulgato
1215 2563 1297 2588 ποιῶ
1315 2562 1405 2595 sunt,
1430 2557 1516 2597 quod
1529 2558 1637 2588 faten-

935 2606 992 2630 tur
1005 2611 1137 2630 sensum
1158 2599 1287 2631 nullum
1312 2601 1468 2640 praebere,
1492 2610 1568 2630 cum
1582 2610 1638 2630 no-

937 2647 1015 2673 tatoe
1028 2644 1071 2672 sit
1088 2643 1256 2683 proprium
1278 2643 1443 2673 Ciceronis
1464 2643 1499 2672 in
1522 2642 1582 2672 hac
1606 2653 1639 2673 re

941 2686 1089 2721 verbum,
1113 2686 1196 2715 etin
1215 2690 1350 2725 promtu
1366 2686 1422 2722 sit,
1445 2695 1462 2714 e
1486 2694 1640 2724 compen—

940 2727 1044 2758 diaria
1071 2729 1234 2767 scriptura
1266 2727 1348 2758 illud
1374 2737 1439 2767 pro·
1461 2726 1525 2757 hoe
1553 2728 1641 2757 nasci

940 2771 1097 2810 potuisse,
1119 2776 1158 2800 ut
1181 2774 1308 2800 tractus
1330 2780 1348 2800 e
1371 2773 1535 2800 tractatus
1548 2773 1582 2798 et
1599 2769 1641 2798 si-

939 2812 1052 2850 milia3
1076 2816 1108 2842 et
1136 2812 1205 2842 haec
1231 2813 1301 2852 ipsa
1321 2813 1419 2844 verba
1438 2816 1646 2842 commutata.

940 2856 975 2886 in
989 2855 1080 2886 libris
1095 2855 1314 2895 reperiuntur.

1452 379 1616 420 Verbo·
1629 383 1678 415 64

1337 1354 1382 1394 Si
1415 1354 1530 1394 enim
1563 1363 1625 1395 cst
1638 1366 1692 1398 66
