1945 3235
586 164 770 204 LIBER
803 164 1134 203 SECUNDUS.
1504 166 1584 206 357

140 265 214 308 sed
247 282 299 309 ne
331 268 492 325 rejecto
521 269 696 324 quidem
729 278 852 310 scuto
885 268 1036 325 fugere
1070 267 1240 319 videar3
1272 267 1345 308 sed
1376 266 1582 309 adhibere

138 326 352 377 quandam
379 327 420 367 in
444 327 626 369 dicendo
648 327 832 383 speciem
857 336 986 381 atque
1016 339 1238 381 pompam,
1261 333 1303 364 et
1333 336 1492 380 pugnae
1526 325 1581 365 si·-

136 381 283 423 milem
305 383 452 440 fugam
471 400 480 424 z
513 385 746 425 consistere
770 398 870 425 vero
892 384 937 424 in
967 397 1065 423 meo
1087 380 1291 438 praesidio
1313 381 1388 432 sic,
1413 391 1459 422 ut
1488 394 1578 422 non

137 436 330 495 fugiendi
356 442 505 491 hostis,
528 442 600 482 sed
619 441 816 497 capiendi
839 441 921 481 loci
945 454 1074 481 causa
1093 438 1272 480 cessisse
1293 438 1450 479 videar.
1500 438 1576 480 Al·
1587 442 1663 478 295

136 504 275 537 terum
307 507 372 538 est
403 499 520 549 illud,
555 499 672 554 quod
706 512 788 553 ego
825 498 986 539 oratori
1022 497 1214 538 maxime
1248 495 1503 545 cavendum,
1535 505 1580 537 et

135 554 446 608 providendum
483 565 604 610 puto,
637 556 838 610 quodque
877 570 945 597 me
983 554 1213 596 sollicitare
1248 567 1414 593 summe
1447 551 1579 605 solet3

133 624 217 651 non
242 622 330 652 tam
353 621 401 652 ut
422 613 581 668 prosim
601 613 754 663 causis,
777 612 995 654 elaborare
1026 611 1157 662 soleo,
1179 625 1308 666 quam
1331 620 1379 651 ut
1401 624 1454 650 ne
1475 610 1580 665 quid

131 668 297 710 obsim:
343 684 429 709 non
462 670 566 723 quin
601 670 852 710 enitendum
891 672 947 712 sit
988 670 1031 711 in
1074 679 1282 723 utroque3
1325 668 1398 709 sed
1435 677 1579 709 tamen

130 725 267 766 multo
285 735 349 766 est
370 727 537 781 turpius
568 728 744 778 oratori,
765 728 963 769 nocuisse
993 727 1127 769 videri
1150 740 1307 777 causae,
1328 740 1458 780 quam
1487 739 1575 766 non

129 782 356 837 profuisse.
417 784 501 825 Sed
534 785 637 840 quid
672 785 755 826 hoc
787 785 883 826 loco
920 800 996 826 vos
1035 785 1147 825 inter
1181 798 1272 834 VOS,
1308 782 1491 825 Catule?
1520 779 1657 833 an73

130 838 238 889 haec,
277 849 325 880 ut
366 851 467 882 sunt
498 843 828 894 contemnenda,
859 842 1165 883 contemnitis?
1198 840 1400 894 Minime,
1433 841 1577 897 inquit

128 894 222 938 ille:
246 897 318 938 sed
343 897 491 939 Caesar
511 899 565 940 de
586 900 669 940 isto
692 901 787 956 ipso
810 900 1015 956 quiddam
1038 899 1144 940 velle
1167 899 1310 940 dicere
1331 899 1572 941 videbatur.

130 951 209 994 Me
240 969 340 996 vero
371 955 560 1008 lubente,
599 958 740 1012 inquit
770 957 1003 1009 Antonius,
1029 957 1204 1007 dixerit,
1236 958 1326 997 sive
1354 956 1574 998 refellendi

110 1024 270 1062 causa,
293 1013 382 1054 sive
404 1015 641 1068 quaerendi.
701 1014 813 1056 Tum
834 1015 991 1066 Julius,
1017 1013 1112 1070 Ego
1134 1007 1392 1065 mehercule,
1418 1015 1662 1070 inquit‚296

127 1065 308 1120 Antoni,
332 1085 498 1127 semper
530 1072 564 1111 is
596 1072 673 1123 fui,
697 1073 769 1128 qui
801 1073 853 1113 de
886 1081 941 1123 te,
970 1082 1155 1122 oratore,
1187 1071 1248 1112 sic
1280 1072 1575 1127 praedicarem,

127 1139 261 1167 unum
294 1136 335 1167 te
367 1129 410 1169 in
432 1129 616 1170 dicendo
645 1130 752 1170 mihi
782 1132 822 1164 47
836 1130 968 1170 videri
995 1129 1296 1179 tectissimum,
1333 1130 1576 1185 proprium-

125 1197 210 1237 que
241 1184 324 1225 hoc
355 1200 446 1226 esse
477 1187 613 1228 laudis
646 1196 747 1238 tuae,
777 1187 885 1227 nihil
908 1202 932 1227 a
964 1196 1005 1227 te
1036 1200 1242 1241 umquam
1273 1200 1364 1227 esse
1396 1187 1577 1240 dictum,

124 1241 241 1294 quod
273 1243 444 1284 obesset
473 1244 527 1295 ei,
559 1259 636 1300 pro
667 1259 754 1299 quo
784 1244 963 1286 diceres.
1025 1243 1163 1300 quue
1195 1243 1406 1284 memoria
1436 1253 1576 1297 teneo,

124 1312 223 1338 cum
247 1300 353 1340 mihi
384 1316 525 1342 sermo
547 1317 646 1343 cum
678 1302 761 1343 hoc
791 1302 888 1357 ipso
912 1301 1084 1352 Crasso,
1108 1300 1253 1342 multis
1285 1301 1575 1354 audientibus,

123 1367 235 1397 esset
265 1357 318 1398 de
350 1367 391 1398 te
423 1359 660 1410 institutus,
684 1359 950 1414 Crassusque
983 1359 1176 1415 plurimis
1210 1358 1350 1399 verbis
1372 1358 1576 1415 eloquen-

124 1413 229 1454 tiam
260 1413 453 1457 laudaret
483 1425 616 1468 tuam,
645 1417 807 1458 dixisse
837 1431 921 1468 me,
943 1431 1042 1457 cum
1075 1417 1228 1458 ceteris
1261 1416 1346 1457 tuis
1376 1416 1576 1460 laudibus

122 1469 236 1512 hanc
256 1486 348 1513 esse
372 1473 436 1514 vel
458 1475 710 1526 maximam,
733 1474 849 1530 quod
881 1489 966 1515 non
1001 1474 1156 1525 solum,
1178 1474 1294 1529 quod
1317 1489 1426 1530 opus
1449 1485 1575 1527 esset,

120 1527 300 1580 diceres,
324 1531 397 1572 sed
419 1532 564 1582 etiam,
587 1533 703 1588 quod
736 1547 821 1572 non
852 1546 961 1587 opus
983 1541 1109 1582 esset,
1140 1546 1227 1572 non
1257 1530 1447 1574 diceres:
1479 1541 1573 1574 tum

119 1584 241 1626 illum
271 1587 377 1629 mihi
415 1590 671 1645 respondere
709 1589 912 1630 memini:
945 1598 1088 1630 cetera
1120 1589 1164 1629 in
1198 1597 1240 1629 te
1278 1603 1445 1630 summe
1481 1594 1661 1637 esse297

120 1641 359 1697 laudanda;
392 1646 495 1687 illud
521 1661 619 1687 vero
642 1647 830 1703 improbi
853 1660 944 1687 esse
966 1646 1154 1687 hominis
1177 1656 1221 1686 et
1252 1646 1486 1701 perfidiosi‚
1509 1648 1575 1689 di-
1617 1648 1620 1649 ⁷

120 1714 217 1747 cere
243 1703 359 1757 quod
391 1703 578 1744 alienum
600 1715 726 1755 esset,
749 1713 792 1745 et
823 1712 999 1745 noceret
1029 1705 1083 1753 ei,
1114 1707 1243 1759 48pro
1274 1719 1360 1759 quo
1391 1704 1574 1760 quisque

119 1757 297 1800 diceret.
327 1775 458 1815 quare
489 1776 576 1802 non
609 1762 691 1803 sibi
722 1776 821 1802 eum
851 1761 1075 1811 disertum,
1097 1761 1171 1816 qui
1202 1761 1244 1802 id
1278 1776 1363 1802 non
1397 1762 1575 1815 faceret,

120 1816 271 1867 videri,
303 1818 374 1859 sed
409 1818 670 1874 improbum,
702 1820 775 1874 qui
808 1818 982 1860 faceret.
1045 1818 1190 1869 Nunc,
1212 1819 1247 1858 si
1274 1819 1355 1859 tibi
1387 1819 1572 1872 videtur,

118 1872 301 1924 Antoni,
323 1875 589 1917 demonstres
613 1877 756 1927 velim,
778 1891 909 1932 quare
933 1886 977 1917 tu
1001 1875 1085 1917 hoc
1108 1876 1169 1916 ita
1190 1890 1397 1932 magnum
1428 1887 1571 1933 putes,

118 1929 229 1971 nihil
261 1933 304 1972 in
335 1947 465 1974 causa
494 1933 595 1974 mali
627 1934 782 1985 facere,
817 1942 863 1974 ut
894 1933 1002 1974 nihil
1032 1933 1114 1974 tibi
1146 1933 1190 1974 in
1226 1943 1396 1975 oratore
1428 1935 1568 1991 majus
1620 1937 1624 1942 ’

117 2001 209 2029 esse
243 1990 451 2031 videatur.
513 1991 670 2032 Dicam
701 1991 916 2047 equidem,
941 1990 1102 2042 Caesar,
1131 1991 1286 2046 inquit,
1307 1991 1410 2046 quid
1443 1992 1568 2035 intel·
1581 1982 1653 2037 74

117 2044 274 2102 ligami
308 2048 380 2089 sed
414 2058 456 2088 et
491 2057 552 2100 tu,
585 2057 628 2089 et
664 2064 739 2090 vos
773 2063 921 2089 omnes
960 2048 1058 2100 hoc,
1092 2049 1249 2103 inquit,
1288 2054 1656 2102 mementote‚298

116 2117 202 2144 non
228 2119 296 2145 me
317 2106 370 2146 de
392 2105 571 2161 perfecti
593 2107 774 2147 oratoris
796 2106 1025 2147 divinitate
1046 2107 1231 2161 quadam
1263 2105 1397 2161 loqui,
1420 2108 1492 2149 sed
1515 2108 1568 2150 de

115 2162 441 2204 exercitationis
473 2173 516 2204 et
547 2163 871 2206 consuetudinis
903 2178 1011 2205 meae
1045 2163 1360 2205 mediocritate.
1423 2164 1566 2207 Crassi
1579 2171 1609 2204 b.

116 2218 291 2273 quidem
315 2235 581 2277 responsum,
604 2221 855 2263 excellentis
877 2221 1103 2276 cujusdam
1127 2231 1191 2263 est
1212 2222 1376 2277 ingenii
1400 2238 1450 2264 ac
1481 2224 1567 2264 sin-

96 2275 305 2332 gularis:
344 2279 413 2319 cui
455 2279 717 2334 49quiddam
760 2280 950 2335 portenti
993 2279 1131 2319 simile
1171 2293 1264 2320 esse
1309 2280 1446 2324 visum
1488 2291 1568 2333 est,

116 2348 241 2390 posse
274 2334 461 2391 aliquem
492 2336 675 2377 inveniri
706 2347 936 2390 oratorem,
970 2337 1044 2393 qui
1082 2336 1244 2392 aliquid
1274 2337 1375 2378 mali
1408 2336 1570 2383 faceret

154 2495 196 2527 47
212 2495 314 2524 videre*
328 2494 555 2534 tectissimum]
581 2495 662 2525 Haee
676 2498 726 2525 est
742 2504 819 2525 vera
861 2499 942 2525 vett.
988 2495 1175 2525 Pronomen
1196 2494 1250 2524 hic
1272 2494 1369 2535 plane
1387 2495 1485 2526 inane
1503 2501 1566 2536 est,

114 2542 150 2566 et
171 2540 250 2576 apta
271 2536 304 2567 h.
329 2537 351 2567 l.
376 2537 486 2570 lectio.
512 2537 593 2568 Edd.
615 2538 668 2568 W,
693 2537 818 2567 habent
861 2538 927 2567 sive
947 2538 1079 2577 quisque
1102 2536 1205 2576 legas,
1231 2537 1298 2568 sive
1323 2539 1404 2578 quis.
1425 2549 1488 2582 pro
1505 2549 1567 2579 quo

115 2579 339 2616 lectissimum,
365 2584 404 2610 ut
430 2580 493 2611 Ms.
522 2580 561 2610 Ε.
585 2584 619 2610 et
645 2580 715 2610 edd.
745 2579 817 2609 aliae
860 2580 992 2617 diceret,
1023 2580 1164 2610 refertur
1191 2579 1232 2610 ad
1257 2581 1440 2620 improbum
1463 2583 1566 2617 homi-

113 2625 196 2650 vett.
225 2622 436 2654 tectissimum
463 2627 550 2653 reete
577 2622 677 2653 habet
701 2622 816 2659 Aldus,
859 2631 944 2652 nem.

113 2672 154 2692 ex
171 2662 232 2693 hoc
252 2664 270 2693 ι]
276 2669 377 2695 unta:
399 2670 546 2696 ceterum
570 2674 629 2705 per
641 2666 816 2695 correctio·
901 2667 944 2698 49
959 2663 1113 2703 quiddam
1124 2668 1214 2703 port.
1228 2664 1269 2704 8.]
1291 2665 1344 2696 Sic
1358 2664 1483 2704 primus
1496 2666 1565 2698 edi·

112 2713 190 2735 «nem
206 2715 224 2735 e
238 2711 397 2736 contextu
420 2712 457 2738 ut
471 2708 598 2748 opinor.
643 2707 752 2747 Vulgo
766 2716 815 2736 re·
859 2705 909 2736 dit
924 2707 1036 2736 Aldus.
1076 2705 1157 2737 Edd.
1173 2707 1296 2746 priores
1310 2707 1435 2738 habent
1449 2717 1564 2739 omnes

114 2748 314 2778 vilissimum:
337 2748 393 2779 sed
414 2749 453 2780 de
476 2749 539 2780 hoc
561 2759 628 2780 non
650 2750 817 2789 quaereba-
859 2749 1002 2788 quidem,
1017 2748 1104 2787 quod
1119 2749 1265 2780 restituit
1287 2749 1450 2780 Pearcius.
1471 2751 1564 2781 sicet

114 2794 182 2827 tur.
208 2789 417 2821 The-tissimus
429 2796 479 2822 est
494 2793 700 2822 cautissimus
719 2793 752 2822 in
769 2792 816 2822 di·
861 2790 925 2822 Ms.
950 2791 988 2821 E.
1032 2790 1216 2831 vulgatum
1241 2792 1453 2829 servavimus,
1477 2793 1565 2832 quod

117 2831 287 2869 eend0,ne
303 2833 379 2873 quid
390 2834 532 2872 excidat,
545 2834 633 2874 quod
646 2834 818 2865 adversum
861 2833 991 2872 quidem
1017 2833 1101 2863 bene
1135 2834 1279 2864 latinum
1306 2840 1367 2865 est.
1404 2834 1461 2865 sed
1487 2844 1564 2865 cum

116 2873 170 2904 sit.
862 2877 978 2906 statim
1011 2876 1176 2915 praecedat
1208 2877 1317 2907 Crassi
1343 2877 1472 2916 quidem
1503 2878 1563 2911 διο.

156 2918 197 2948 48
214 2926 279 2958 pro
306 2927 367 2960 quo
395 2918 541 2961 quisque]
572 2919 719 2961 Quisque
746 2918 818 2949 edd.
860 2927 931 3004 rign
945 2919 1028 2950 bene
1041 2918 1140 2951 habet
1153 2919 1270 2951 atatim
1284 2919 1490 2962 mquidem.

779 2974 809 3004 A
831 2975 855 3002 a
