1945 3235
671 134 960 174 BRUTUS.
1456 139 1535 179 467

153 237 300 295 Atque
320 241 450 283 etiam
476 239 590 298 apud
622 240 761 281 socios
789 247 832 279 et
861 237 1038 279 Latinos
1060 244 1248 279 oratores
1268 237 1409 281 habiti
1432 247 1531 280 sunt
1541 242 1615 297 46

91 295 157 343 Q.
180 297 350 339 Vettius
372 299 613 349 Vettianus,
646 312 669 338 e
703 296 878 346 Marsis,
908 308 1038 349 quem
1076 295 1168 349 ipse
1197 297 1399 350 cognovi,
1431 312 1620 357 pru-169

96 353 203 395 dens
233 356 312 407 vir,
345 365 389 397 et
418 357 462 397 in
488 355 671 397 dicendo
713 353 879 395 brevis:
913 352 971 398 Q.
1013 360 1056 391 et
1087 350 1145 392 D.
1171 350 1328 392 Valerii
1366 354 1534 406 Sorani,

96 411 246 464 vicini,
267 422 311 454 et
343 413 572 455 familiares
603 412 702 463 mei,
724 425 811 451 non
842 420 930 450 tam
959 409 1002 448 in
1033 408 1216 449 dicendo
1249 409 1536 461 admirabiles,

95 482 228 523 quam
245 470 362 512 docti
383 480 428 511 et
449 470 616 512 Graecis
638 468 790 510 litteris
808 476 852 507 et
873 466 1062 507 Latinis:
1097 465 1149 506 C.
1165 465 1426 507 Rusticellus
1450 467 1538 507 Bo-

96 527 332 579 noniensis,
373 527 409 568 is
443 527 617 583 quidem
649 535 693 566 et
732 524 1009 574 exercitatus,
1042 532 1085 564 et
1125 532 1279 564 natura
1319 523 1538 566 volubilis.

98 582 309 626 Omnium
338 594 481 626 autem
513 582 887 639 eloquentissimus
910 590 1033 622 extra
1063 581 1175 622 hanc
1207 581 1358 622 urbem
1378 579 1429 621 T.
1454 580 1539 621 Be-

96 641 238 682 tucius
262 642 418 684 Barrus
438 640 693 692 Asculanus,
710 640 835 696 cujus
851 648 951 680 sunt
972 638 1136 694 aliquot
1151 639 1366 680 orationes
1387 636 1538 679 Asculi

97 696 277 740 habitae.
315 698 386 739 illa
415 698 571 740 Romae
607 707 761 740 contra
794 696 1063 753 Caepionem,
1096 695 1254 737 nobilis
1297 710 1412 747 sane,
1436 696 1564 736 2cui-

96 755 283 797 orationi
326 755 548 812 Caepionis
586 770 659 797 ore
700 754 923 812 respondit
955 753 1121 806 AElius;
1161 753 1237 808 qui
1275 753 1538 809 scriptitavit

93 812 312 854 orationes
342 813 514 865 multas,
552 824 696 855 orator
725 814 817 870 ipse
857 826 1078 867 nunquam
1120 810 1218 852 fuit.
1285 810 1417 866 Apud
1447 825 1538 851 ma·
1553 818 1628 857 170

85 868 210 925 jores
228 879 373 911 autem
403 880 573 913 nostros
597 872 721 912 video
751 869 1080 912 disertissimum
1115 868 1314 909 habitum
1336 883 1391 909 ex
1416 868 1542 909 Latio

99 926 150 968 L.
177 927 402 984 Papirium
427 929 741 986 Fregellanum,
771 928 840 970 Ti.
872 926 1078 978 Gracchi,
1110 926 1161 967 P.
1183 925 1231 967 F.
1264 925 1353 967 fere
1387 935 1540 968 aetate:

95 984 190 1039 ejus
220 985 353 1027 etiam
385 987 525 1029 oratio
554 996 620 1028 est
649 1002 725 1043 pro
756 985 1033 1042 Fregellanis,
1060 983 1328 1039 coloniisque
1363 982 1545 1033 Latinis,

96 1040 250 1084 habita
270 1043 316 1084 in
338 1054 503 1086 senatu.
562 1043 674 1086 Tum
699 1045 873 1096 Brutus,
897 1042 1017 1090 Quid
1039 1050 1085 1082 tu
1116 1041 1264 1098 igitur,
1285 1041 1439 1096 inquit,
1468 1041 1544 1081 tri-

97 1099 196 1142 buis
218 1101 311 1141 istis
341 1103 531 1144 externis
562 1103 683 1157 quasi
715 1101 986 1143 oratoribus?
1019 1099 1138 1146 Quid
1159 1113 1321 1151 censes,
1351 1100 1543 1153 inquam,

97 1157 181 1201 nisi
200 1158 330 1211 idem,
351 1161 468 1215 quod
492 1160 681 1211 urbanis,
702 1168 860 1216 praeter
889 1172 1039 1209 unum,
1061 1157 1176 1213 quod
1200 1171 1284 1197 non
1308 1164 1372 1197 est
1393 1170 1542 1197 eorum

98 1216 345 1257 urbanitate
375 1219 560 1272 quadam
593 1218 715 1273 quasi
747 1217 939 1258 colorata
968 1216 1135 1256 oratio?
1168 1214 1224 1255 Et
1253 1213 1428 1265 Brutus,
1452 1213 1541 1260 Qui
1559 1219 1626 1258 171

97 1281 178 1325 est,
201 1273 357 1330 inquit,
388 1275 469 1317 iste
493 1275 666 1316 tandem
689 1274 945 1316 urbanitatis
967 1272 1113 1314 color?
1157 1271 1332 1322 Nescio,
1350 1271 1541 1325 inquam.

98 1338 268 1372 tantum
298 1346 390 1372 esse
419 1333 633 1388 quendam
664 1333 768 1374 scio.
830 1331 881 1373 Id
915 1342 974 1382 tu,
1009 1330 1158 1381 Brute,
1189 1330 1282 1386 jam
1314 1328 1543 1385 intelliges,

98 1402 200 1430 cum
222 1388 267 1430 in
290 1389 478 1431 Galliam
500 1389 841 1432 veneris.audies
860 1398 907 1430 tu
924 1388 1100 1445 quidem
1122 1388 1253 1429 etiam
1275 1387 1406 1428 verba
1425 1401 1544 1441 quae-

99 1444 199 1487 dam
220 1461 309 1488 non
330 1447 433 1488 trita
456 1448 637 1490 Romae:
671 1448 743 1489 sed
765 1447 860 1488 haec
882 1446 1054 1497 mutari,
1070 1445 1318 1500 dediscique
1341 1456 1541 1500 possunt:
1557 1461 1587 1491 p.
1606 1453 1674 1482 130.

99 1501 205 1544 illud
226 1512 292 1545 est
312 1505 467 1560 majus,
485 1506 603 1562 quod
625 1505 668 1546 in
692 1505 872 1546 vocibus
906 1513 1151 1545 nostrorum
1185 1512 1404 1544 oratorum
1437 1502 1585 1542 reci-³·

98 1559 166 1601 nit
200 1562 407 1617 quiddam
440 1571 484 1605 et
521 1573 693 1604 resonat
732 1561 953 1603 urbanius.
990 1575 1071 1602 nec
1103 1560 1186 1601 hoc
1229 1560 1273 1600 in
1303 1559 1546 1600 oratoribus

98 1618 231 1660 modo
257 1630 450 1676 apparet,
474 1621 547 1662 sed
579 1620 710 1662 etiam
742 1620 786 1662 in
818 1620 988 1660 ceteris.
1052 1617 1147 1674 Ego
1170 1617 1346 1658 memini
1369 1616 1420 1658 T.
1442 1615 1634 1667 Tin-172

100 1689 198 1716 cam
238 1676 556 1730 Placentinum,
597 1678 820 1718 hominem
849 1676 1175 1726 facetissimum,
1207 1689 1308 1716 cum
1348 1673 1548 1714 familiari

101 1741 252 1775 nostro
276 1735 333 1781 Q.
358 1734 524 1777 Granio
547 1750 749 1792 praecone
771 1735 1001 1775 dicacitate
1022 1741 1200 1774 certare.
1263 1731 1386 1783 Eon’,
1409 1733 1553 1787 inquit

102 1787 280 1844 Brutus,
303 1792 356 1833 de
374 1808 460 1848 quo
483 1793 620 1834 multa
642 1792 860 1834 Lucilius?
894 1791 985 1832 Isto
1014 1791 1133 1848 ipso:
1168 1790 1240 1831 sed
1258 1789 1440 1831 Tincam
1465 1803 1553 1830 non

101 1848 246 1890 minus
267 1850 404 1891 multa
424 1851 603 1893 ridicule
619 1851 836 1899 dicentem
850 1849 1039 1890 Granius
1061 1849 1273 1889 obruebat
1295 1847 1442 1887 nescio
1466 1862 1553 1902 quo

101 1920 256 1962 sapore
277 1908 532 1950 vernaculoz
565 1918 613 1950 ut
630 1923 713 1965 ego
731 1908 827 1964 jam
850 1922 935 1948 non
958 1907 1100 1956 mirer,
1123 1905 1228 1946 illud
1246 1904 1554 1960 Theophrasto

104 1964 327 2017 accidisse,
349 1966 464 2021 quod
485 1966 658 2018 dicitur,
680 1981 780 2008 cum
802 1973 1154 2021 percunctaretur
1174 1978 1230 2003 ex
1254 1961 1424 2003 anicula
1450 1977 1555 2017 qua-

102 2020 219 2074 dam,
258 2024 408 2078 quanti
440 2023 601 2079 aliquid
635 2024 859 2074 venderet,
901 2031 945 2063 et
979 2020 1268 2077 respondisset
1301 2019 1387 2070 illa,
1426 2030 1556 2075 atque

104 2078 355 2131 addidisset,
380 2080 551 2137 Hospes,
586 2096 666 2122 non
691 2088 790 2137 pote
818 2079 1010 2120 minoris:
1048 2078 1195 2119 tulisse
1228 2092 1327 2118 eum
1361 2077 1556 2129 moleste,

104 2150 151 2178 se
180 2151 269 2178 non
291 2138 482 2196 effugere
498 2139 681 2196 hospitis
705 2138 908 2196 speciem,
931 2152 1031 2179 cum
1051 2145 1224 2177 aetatem
1247 2145 1395 2192 ageret
1417 2133 1558 2175 Athe-

104 2193 188 2245 nis,
206 2195 457 2252 optimeque
477 2197 738 2252 loqueretur.
791 2195 1031 2245 3Omnino,
1061 2194 1173 2235 sicut
1205 2192 1375 2249 opinor,
1398 2192 1440 2232 in
1477 2207 1555 2233 no-

105 2251 205 2296 ,stris
222 2262 286 2293 est
308 2255 483 2309 quidam
506 2256 783 2304 urbanorum,
806 2254 918 2294 sicut
940 2252 1027 2294 illic
1044 2251 1293 2293 Atticorum
1314 2265 1457 2291 sonus.
1481 2249 1554 2291 sed

105 2309 285 2351 domum
298 2311 535 2364 redeamus,
558 2313 601 2353 id
623 2321 702 2363 est,
720 2312 772 2353 ad
787 2320 956 2352 nostros
979 2319 1257 2351 revertamur.
1606 2339 1637 2349 0

166 2366 353 2410 Duobus
374 2369 509 2425 igitur
542 2369 734 2422 summis,
754 2368 910 2410 Crasso
943 2377 987 2408 et
1006 2366 1218 2418 Antonio,
1252 2365 1301 2407 L.
1325 2339 1645 2443 PhilippusllJL

1599 2423 1646 2450 10

105 2494 235 2534 telligo,
264 2505 364 2535 quare
386 2495 448 2526 hoc
470 2498 673 2526 memoretur
691 2494 810 2530 Bruto,
854 2493 886 2524 id
902 2502 1001 2523 nemo
1016 2492 1196 2522 mutaverit
1212 2500 1332 2521 errore.

108 2536 158 2567 M.
174 2537 358 2569 Gratidium
379 2548 446 2569 esse
469 2539 517 2569 M.
534 2537 632 2569 Marii
647 2537 739 2567 Grat.
755 2547 814 2576 pa·
896 2539 915 2567 3
942 2535 1081 2567 Omnino
1095 2535 1141 2564 sic
1155 2536 1206 2575 (ut
1218 2533 1473 2572 opium—sicut
1483 2530 1558 2570 ἄτη]

110 2584 209 2617 trem,
223 2581 310 2619 quod
324 2581 379 2612 ille
403 2591 468 2612 non
485 2581 670 2621 ignorabat.
857 2577 938 2608 Haec
953 2583 1031 2607 sunt
1043 2588 1060 2607 e
1075 2577 1277 2607 correctione
1292 2574 1392 2612 Rivii,
1409 2576 1464 2614 qui
1481 2575 1564 2605 bene

153 2624 173 2653 2
195 2624 248 2653 cui
273 2634 300 2654 o.
322 2624 474 2664 Coepionis
499 2634 553 2654 ore
576 2631 661 2662 resp.
678 2620 809 2660 ΔἘὶἱιιε]
858 2625 999 2651 veterem
1013 2619 1191 2650 lectionem
1207 2620 1353 2649 omnium
1372 2617 1513 2647 mutavit
1529 2617 1565 2646 in

110 2674 159 2696 sc.
186 2665 348 2703 oratione,
382 2677 481 2705 quam
508 2665 658 2696 recitavit
690 2666 814 2703 Caepio,
857 2663 1006 2693 omm‘no:
1029 2671 1097 2691 non
1119 2671 1195 2692 vero
1210 2662 1333 2701 pariter
1353 2661 1399 2691 sic
1421 2661 1471 2701 (ut
1486 2657 1566 2699 op.)-

112 2706 285 2747 scripserat
298 2708 376 2748 ipse.
391 2720 420 2739 v.
437 2709 513 2739 infr.
530 2720 557 2739 c.
574 2709 624 2739 56.
642 2708 721 2739 Mox
735 2707 814 2736 seri-
859 2715 927 2735 non
951 2705 1035 2735 bene
1057 2708 1154 2734 sonat
1177 2704 1236 2740 sic,
1255 2708 1293 2734 ut
1307 2712 1356 2743 op.
1371 2703 1467 2733 sieut.
1504 2702 1552 2732 Re

107 2750 246 2790 putavit
265 2752 423 2782 orationes
446 2753 570 2787 mullis,
588 2761 652 2781 non
678 2750 815 2785 multem,
859 2748 953 2777 stitui
983 2748 1066 2777 sicut
1089 2748 1214 2786 opinor,
1243 2745 1359 2776 deinde
1386 2745 1468 2782 illic,
1498 2745 1518 2774 i.
1535 2753 1565 2773 e.

115 2793 180 2822 ΜΞ,
197 2802 263 2831 reg.
279 2793 366 2832 quod
388 2794 588 2833 praetulerim
605 2807 610 2822 :
636 2794 698 2824 etsi
721 2795 754 2821 et
778 2790 816 2820 il-
859 2789 1010 2824 Athenis,
1026 2789 1114 2828 quod
1137 2788 1314 2829 respondet
1336 2788 1380 2828 τῷ
1394 2789 1430 2818 in
1450 2785 1566 2817 nostris

116 2833 173 2865 lud
196 2833 339 2866 latinum
361 2841 409 2867 est
429 2840 462 2869 et
477 2836 591 2868 eodem
613 2835 709 2867 redit.
754 2831 818 2862 Sed
860 2842 901 2862 ex
915 2831 966 2864 ed.
983 2831 1066 2863 Ven.
1083 2831 1171 2864 Med.
1182 2831 1263 2863 Mss.
1278 2831 1391 2871 Cujae.

755 2874 882 2917 nhss
