1945 3235
387 146 462 181 ⁵19.
968 140 1246 181 ORATOR.

384 256 426 286 et
452 261 518 286 me
550 258 664 301 saepe
696 259 806 288 nova
830 246 959 288 videri
984 247 1124 288 dicere
1149 247 1364 302 intelligo,
1386 261 1483 288 cum
1518 255 1734 302 pervetera
1754 245 1820 288 di-

383 318 493 352 cam,
533 304 602 344 sed
647 303 838 344 inaudita
875 303 1109 359 plerisque:
1152 315 1191 344 ct
1233 303 1382 353 fateor,
1422 319 1488 344 me
1523 317 1750 355 oratorem,
1783 304 1818 345 si

387 361 514 400 modo
538 361 632 410 sim,
654 371 726 401 aut
747 362 876 401 ctiam
898 363 1157 416 quicumque
1180 361 1273 409 sim,
1298 375 1381 401 non
1404 376 1456 401 ex
1482 360 1700 402 rhetorum
1723 361 1818 402 offi-

252 434 283 465 p.
304 427 370 457 1503.
385 417 507 466 cinis,
536 417 606 458 sed
636 431 690 458 ex
722 417 969 459 Academia:
1000 419 1147 474 spatiis
1177 418 1406 458 exstitisse.
1470 416 1547 458 llla
1576 419 1689 459 enim
1721 426 1820 459 sunt

342 475 593 516 ‘hcm-ricula
621 473 922 529 multiplicium
960 476 1256 530 variorumque
1293 489 1551 524 sermonum,
1586 475 1627 516 in
1664 475 1820 530 quibus

385 530 577 573 Platonis
612 532 794 587 primum
830 531 1033 586 impressa
1062 543 1160 573 sunt
1194 532 1398 587 vestigia:
1431 532 1502 572 sed
1535 541 1578 572 et
1611 533 1739 587 hujus
1775 541 1819 573 et

381 589 559 630 aliorum
597 587 948 644 philosophorum
983 589 1347 644 (lisputationibus
1379 598 1421 630 et.
1452 590 1697 644 exagitatus
1730 603 1820 629 ma-

381 647 498 687 xime
521 657 662 686 orator
683 654 762 694 cst,
784 655 826 685 ct
857 645 1044 697 adjutus,
1106 647 1258 686 Omnis
1280 646 1393 686 enim
1427 647 1611 696 ubertas,
1633 655 1676 686 et
1697 645 1818 701 quasi

382 704 486 743 silva
509 702 693 750 dicendi,
716 701 845 742 ducta
867 703 920 742 ab
944 702 1024 743 illis
1047 711 1125 752 est,
1149 716 1226 743 nee
1249 704 1349 743 satis
1375 713 1514 744 tamen
1538 703 1744 744 instructa
1766 702 1820 744 ad

383 760 570 800 forenses
591 774 764 800 causas:
797 774 916 813 quaS,
940 769 985 799 ut
1017 759 1074 799 illi
1107 759 1187 814 ipsi
1210 759 1350 800 dicere
1381 760 1588 811 solebant,
1611 759 1819 816 agrestio-

324 828 368 861 13
384 818 498 857 ribus
525 815 664 858 Musis
687 816 963 870 reliquerunt.
997 817 1068 857 Sic
1089 816 1334 870 eloquentia
1349 816 1441 857 llaec
1464 817 1658 868 forensis,
1678 826 1822 872 spreta

382 890 407 915 a
437 873 718 929 philosophis,
744 884 787 913 et
820 873 1055 928 repudiata,
1087 873 1230 913 multis
1263 873 1434 928 quidem
1465 873 1534 914 illa
1561 873 1821 930 adjumentis

381 931 635 986 magnisque
657 930 818 981 caruit;
842 929 913 971 sed
939 940 1076 971 tamen
1102 943 1252 971 ornata
1271 930 1408 970 verbis
1431 940 1558 985 atque
1581 931 1819 981 sententiis,

374 988 659 1044 jactationem
693 987 842 1028 habuit
875 987 917 1028 in
944 988 1118 1043 populo,
1142 1002 1219 1028 nec
1252 1002 1482 1042 paucorum
1508 987 1723 1042 judicium
1754 1002 1819 1029 re-

383 1046 794 1100 prehensionemque
818 1045 1053 1100 pertimuit.
1102 1044 1168 1084 Ita
1189 1054 1231 1084 et
1253 1044 1390 1085 doctis
1414 1044 1658 1099 eloquentia
1679 1060 1817 1100 popu-

334 1098 369 1145 4
385 1103 493 1153 laris,
516 1112 559 1143 et
579 1103 747 1142 disertis
769 1102 939 1158 elegans
959 1102 1156 1143 doctrina
1176 1102 1327 1142 defuit.
1391 1101 1584 1142 Positum
1609 1102 1662 1142 sit
1685 1101 1818 1158 igitur

322 1160 425 1203 l4in
459 1160 620 1215 primis,
642 1160 774 1214 (quod
809 1169 905 1215 post
937 1160 1073 1213 magis
1103 1158 1399 1215 intelligetur‚)
1423 1159 1511 1199 sine
1547 1158 1818 1214 philosophia

380 1232 465 1258 non
491 1232 614 1273 posse
635 1217 763 1267 effici,
785 1231 910 1272 quem
936 1217 1182 1271 quaerimus,
1205 1216 1474 1271 eloquentem
1493 1233 1501 1257 :
1526 1231 1611 1256 non
1636 1226 1681 1256 ut
1703 1217 1745 1256 in
1767 1230 1817 1258 ea

380 1284 521 1316 tamen
552 1274 697 1316 omnia
725 1274 824 1324 sint,
856 1275 925 1314 sed
961 1284 1005 1314 ut
1038 1274 1098 1314 sic
1132 1274 1321 1328 adjuvet,
1345 1283 1390 1314 ut
1426 1273 1623 1329 palzestra
1645 1273 1818 1314 histrio-

378 1347 492 1373 nem.
516 1347 646 1388 parva
666 1331 780 1372 enim
804 1331 970 1387 magnis
1001 1346 1115 1387 saepe
1138 1332 1371 1371 rectissime
1393 1331 1686 1371 conferuntur.
1717 1345 1816 1372 nam

378 1404 457 1431 nec
494 1390 633 1439 latius,
665 1403 744 1430 nce
777 1389 994 1444 copiosius
1032 1389 1084 1429 de
1119 1389 1287 1443 magnis
1326 1388 1536 1443 variisque
1570 1389 1694 1429 rebus
1725 1388 1817 1429 sine

318 1459 362 1494 15
379 1445 654 1503 philosophia
686 1454 825 1501 potest
868 1445 1094 1500 quisquam
1133 1446 1288 1486 dicere.
1349 1445 1569 1500 Siquidem
1606 1445 1735 1486 etiam
1770 1445 1815 1487 in

379 1504 565 1545 Phaedro
591 1502 781 1543 Platonis
804 1502 886 1543 hoc
912 1502 1116 1543 Periclem
1151 1502 1400 1558 praestitisse
1421 1503 1572 1543 ceteris
1594 1502 1699 1543 dicit
1721 1517 1817 1543 ora-

377 1562 539 1603 toribus
560 1562 772 1608 Socrates,
794 1559 909 1614 quod
930 1559 963 1599 is
982 1559 1256 1614 Anaxagorae
1281 1559 1447 1614 physici
1473 1559 1599 1600 fuerit
1621 1559 1814 1601 auditor:

374 1634 399 1659 a
428 1633 513 1673 quo
545 1626 704 1667 censet,
727 1630 838 1666 eum,
863 1631 960 1657 cuin
992 1616 1075 1656 alia
1106 1616 1308 1671 praeclara
1338 1615 1551 1671 quaedam,
1572 1625 1615 1656 et
1645 1616 1814 1672 magni-

373 1676 456 1717 fica
496 1674 730 1724 didicisset,
771 1674 943 1714 uberem
978 1683 1020 1714 et
1065 1673 1318 1714 foecundum
1361 1673 1505 1724 fuisse,
1548 1674 1814 1728 gnarumque

372 1732 508 1788 (quod
544 1741 608 1772 est
645 1730 902 1786 eloquenti-‘e
944 1730 1204 1781 maximum)
1237 1731 1392 1785 quibus
1425 1730 1632 1771 orationis
1673 1730 1813 1771 modis

372 1803 555 1845 quaeque
577 1789 817 1829 animorum
842 1796 980 1843 partes
1006 1787 1275 1843 pellerentur.
1299 1787 1413 1843 quod
1438 1787 1549 1828 idem
1572 1788 1625 1828 de
1651 1786 1819 1828 Demo--

373 1847 523 1888 sthene
553 1846 788 1886 existimari
823 1854 987 1901 potest:
1021 1845 1143 1900 cujus
1176 1860 1228 1885 ex
1260 1845 1452 1901 epistolis
1486 1844 1666 1900 intelligi
1697 1844 1814 1896 licet,

315 1914 361 1948 16
374 1919 502 1961 quam
525 1903 722 1958 frequens
747 1901 875 1943 fuerit
899 1902 1091 1943 Platonis
1114 1902 1298 1943 auditor.
1360 1902 1453 1943 Nec
1477 1917 1575 1943 vero
1599 1902 1690 1942 sine
1717 1902 1814 1957 phi-

373 1960 652 2018 losophorum
684 1960 924 2015 disciplina,
957 1975 1090 2016 genus
1121 1969 1163 2000 et
1195 1959 1379 2016 speciem
1402 1959 1610 2014 cujusque
1641 1959 1699 2000 rei
1722 1973 1814 2000 cer·

371 2033 485 2069 nere,
506 2033 642 2073 neque
664 2032 756 2058 eam
777 2017 1021 2058 definiendo
1040 2017 1270 2072 explicare,
1293 2032 1371 2058 nec
1395 2017 1584 2059 tribuere
1604 2017 1648 2057 in
1671 2025 1814 2072 partes

371 2090 621 2133 possumus:
655 2090 732 2116 nec
758 2074 969 2129 judicare,
1005 2089 1101 2129 quae
1140 2089 1250 2125 vera,
1280 2089 1376 2128 quae
1408 2073 1513 2115 falsa
1545 2074 1644 2124 sint,
1674 2087 1813 2128 neque

371 2147 542 2176 cernere
573 2132 894 2187 consequentia,
925 2131 1210 2187 repugnantia
1235 2132 1390 2181 videre,
1423 2131 1627 2187 ambigua
1657 2131 1812 2171 distin-

372 2205 514 2248 guere.
576 2189 692 2236 Quid
716 2190 855 2230 dicam
886 2189 939 2229 de
972 2199 1122 2229 natura
1155 2203 1307 2238 rerum,
1329 2189 1451 2243 eujus
1474 2188 1668 2244 cognitio
1693 2190 1812 2229 51113.-

371 2263 502 2305 gnam
532 2247 738 2288 orationis
771 2246 1017 2302 suppeditat
1039 2246 1238 2302 copiam?
1268 2246 1320 2286 de
1352 2247 1454 2296 vita,
1477 2246 1530 2286 de
1559 2245 1728 2296 officiis,
1758 2244 1812 2286 de

373 2307 544 2355 virtute,
578 2304 630 2345 de
668 2303 888 2345 moribus?
931 2303 1054 2344 6sine
1094 2303 1227 2344 multa
1263 2317 1408 2343 earum
1443 2303 1631 2358 ipsarum
1670 2315 1809 2343 rerum

327 2359 613 2419 5disciplina,
645 2370 719 2402 aut
739 2360 839 2410 dici,
863 2363 970 2402 Taut
1002 2360 1183 2416 intelligi
1216 2362 1386 2416 potest?
1416 2359 1484 2401 Ad
1517 2359 1591 2400 has
1616 2369 1693 2409 tot,
1717 2368 1810 2399 tan-

312 2432 359 2469 17
375 2431 521 2475 tasque
553 2434 616 2459 res
647 2417 890 2459 adhibenda
923 2427 1023 2459 sunt
1055 2427 1306 2458 ornamenta
1338 2416 1678 2466 innumerabilia,
1709 2430 1806 2470 quae

371 2478 459 2518 sola
490 2487 580 2517 tum
610 2476 784 2531 quidem
817 2475 1092 2516 tradebantur
1122 2475 1176 2515 ab
1210 2475 1275 2525 iis,
1306 2475 1377 2529 qui
1413 2474 1581 2515 dicendi
1613 2487 1810 2514 numera-

370 2535 524 2575 bantur
545 2534 755 2589 magistri.
817 2532 916 2580 Quo
940 2532 1002 2584 fit,
1023 2541 1071 2573 ut
1093 2547 1234 2573 veram
1257 2531 1373 2572 illam
1394 2541 1438 2573 et
1457 2530 1697 2572 absolutam
1721 2529 1809 2571 elo-

411 2678 428 2706 5
451 2685 611 2714 magnam
625 2675 778 2705 orationis
792 2684 818 2704 s.
838 2673 880 2712 c.]
908 2672 966 2703 Ed.
981 2672 1064 2704 Ven.
1107 2674 1293 2703 multarum
1305 2681 1418 2701 rerum
1434 2671 1510 2701 disc.

367 2717 456 2749 Med.
482 2717 555 2748 Asc.
569 2718 723 2747 oratoris.-
747 2716 899 2746 videntur
919 2715 995 2746 dare
1011 2725 1064 2745 vo-
1149 2718 1167 2748 7
1204 2719 1264 2744 aut
1296 2714 1437 2751 intelligi
1467 2712 1587 2753 potest]
1626 2711 1686 2744 Ed.
1721 2713 1807 2744 Ven.

366 2759 462 2791 luisse
477 2760 618 2792 oratori,-
643 2758 728 2797 quod
745 2757 920 2788 admodum
936 2757 1061 2797 placet:
1106 2756 1194 2787 Med.
1217 2757 1312 2786 dunt.
1333 2756 1455 2786 habent
1473 2765 1583 2795 posse,-
1612 2756 1703 2795 quasi
1727 2765 1808 2794 pen—

365 2809 479 2842 estque
494 2802 644 2840 frequens
665 2801 833 2840 utriusque
854 2799 941 2829 verbi
955 2800 1069 2831 confu-
1111 2799 1186 2830 deat
1209 2809 1229 2828 a
1249 2798 1328 2838 quid
1347 2798 1466 2828 dicam.
1512 2797 1608 2828 Forte
1630 2799 1664 2828 in
1686 2798 1808 2838 princi-

366 2845 426 2881 sio,
441 2845 535 2883 cujus
543 2845 613 2883 jam
629 2843 778 2883 exempla
790 2842 941 2873 vidimus.
1110 2841 1164 2881 pio
1179 2846 1256 2871 ante
1267 2842 1336 2871 sine
1349 2839 1468 2871 excidit
1483 2849 1540 2877 un,
1560 2839 1808 2880 absorptumrah

408 2888 427 2917 6
447 2888 516 2917 sine
539 2888 644 2917 multa
666 2885 796 2925 earum]
823 2884 904 2915 Edd.
925 2892 973 2925 pr.
997 2885 1067 2916 sine
1110 2884 1228 2915 ultima
1242 2883 1367 2925 syllaba
1379 2882 1602 2914 antecedentis
1616 2882 1716 2914 verbi.
