1945 3235
382 179 458 214 322
900 177 1002 219 DE'
1018 171 1309 217 ORATORE

386 280 531 322 dentia
565 279 657 334 est'bf
686 281 839 326 deinde
870 293 918 325 ut
951 284 999 326 in*
1029 284 1079 326 iis
1113 284 1234 336 locis,
1265 297 1372 340 quos
1410 293 1648 340 proponam
1684 285 1829 345 paullo

387 342 499 395 p'ost,
523 335 795 396 pervoluatur
816 342 998 393 animus,
1034 350 1082 383 ut
1111 357 1154 383 se
1177 341 1347 398 penitus
1370 340 1556 382 insinuet
1578 342 1621 383 in
1640 344 1845 396 causam,¹

386 405 435 449 ut
455 397 512 438 sit
529 412 631 439 cura
652 407 695 440 et
716 399 982 456 cogitatione
1005 400 1209 448 intentus,
1240 399 1466 452 diligentia
1486 408 1574 445 est:
1607 410 1655 441 ut
1674 401 1829 446 hidre-

387 453 467 495 bus
502 445 953 511 adhiheat,'tanquain
988 456 1130 498 lumen
1164 456 1352 511 aliquod,
1385 456 1650 509 memoriam,
1678 460 1725 498 u't
1752 456 1827 500 'vo-

304 515 495 563 15ocem,
515 523 562 553 ut
585 513 717 555 vires:
755 512 897 554 ¹9haec
923 528 1079 569 magna
1099 524 1212 554 sunt.
1253 512 1370 554 Inter
1392 513 1614 569 ingenium
1636 514 1826 571 quidem,

384 572 428 610 e‘t
449 569 1050 628 diligentiamperpaullulum
1085 570 1167 612 loci
1200 571 1408 626 reliquum
1439 580 1507 611 est
1535 572 1632 613 arti.
1660 584 1726 614 ars
1750 572 1827 614 de-

383 636 593 668 monstrat
617 638 799 677 tantum,
833 627 904 668 ubi
927 642 1108 683 quaeras,
1140 636 1268 684 atque
1291 628 1362 668 ubi
1387 629 1441 668 sit
1458 627 1576 680 illud,
1597 629 1713 684 quod
1737 635 1826 671 seua

370 684 481 731 [deas
511 682 720 736 invenirc;
753 684 927 740 reliqua,
960 695 1058 725 sunt>
1091 685 1133 725 in
1157 688 1272 735 cura,
1304 685 1544 726 attentione
1572 686 1721 738 animi,
1752 687 1846 729 cti-²

383 742 608 798 gitatione,
643 737 881 799 vigilantia,
915 742 1179 792 assiduitate,
1203 741 1367 794 labore3
1399 743 1824 800 2000111plectar·fino

385 800 530 850 verbo,
548 813 633 854 quo
657 800 879 856 saepejam
901 800 964 840 usi
990 814 1149 849 sumus,
1173 797 1431 855 diligentia,
1451 814 1536 855 qua
1560 815 1643 842 una
1668 801 1824 843 virtute

299 863 366 898 151
383 869 529 897 omnes
552 857 728 897 virtutes
752 857 924 911 reliquae
947 855 1238 898 continentur.
1289 856 1400 897 Nam
1421 858 1628 899 orationis
1649 858 1834 914 quidem

334 912 365 943 b.
382 913 509 970 copia
532 914 724 955 videmus
748 923 794 954 ut
816 913 1036 954 abundent
1060 913 1322 970 philosophi,
1353 914 1441 968 qui,
1475 924 1522 955 ut
1542 915 1698 971 opinor
1729 916 1822 969 (sed

383 980 426 1010 tu
452 971 558 1023 haec,
593 970 761 1022 Catule,
794 971 976 1022 melius)'
998 970 1113 1011 nulla
1142 970 1247 1012 dant
1278 975 1498 1028 praecepta
1523 972 1709 1024 dicendi,
1741 976 1822 1015 nec

381 1028 541 1069 idcirco
564 1029 720 1079 minus,
751 1043 1035 1084 quaecumque
1058 1042 1122 1069 res
1146 1027 1368 1085 proposita
1387 1037 1466 1080 est,
1489 1029 1747 1087 suscipiunt,
1767 1031 1820 1084 de

379 1096 464 1142 qua
485 1086 660 1142 copiose
681 1096 724 1127 et
745 1085 1014 1127 abundanter
1035 1084 1280 1142 loquantur.
1354 1086 1355 1089 ’
1375 1086 1377 1091 ’
1478 1091 1481 1100 ²
1518 1088 1522 1107 ³
1548 1089 1550 1092 ’
1775 1129 1780 1133 ,

296 1131 367 1184 36
434 1142 546 1185 Turn
570 1141 764 1194 Catulus,
799 1141 889 1192 Est,
921 1143 1077 1199 inquit,
1108 1152 1155 1183 ut
1182 1143 1305 1194 dicis,
1335 1141 1517 1194 Antoni,
1548 1146 1597 1184 ut.
1627 1143 1820 1201 plerique

295 1209 365 1243 152
379 1200 624 1257 philosophi
650 1200 764 1242 nulla
781 1201 952 1241 tradant
972 1209 1190 1257 praecepta
1210 1200 1397 1252 dicendi,
1419 1200 1462 1241 'et
1483 1200 1727 1242 habeant&¹
1761 1202 1833 1244 aa*

376 1269 513 1299 ratum
540 1268 698 1309 tamen,
730 1258 832 1314 quid
854 1259 906 1299 de
939 1272 1108 1314 quaque
1141 1273 1184 1300 re
1217 1258 1379 1298 dicant.
1439 1256 1523 1314 Sed
1551 1258 1744 1300 Aristote
1761 1264 1834 1312 es,

374 1316 424 1366 is,
455 1330 581 1372 quem
617 1315 806 1356 maxime
840 1329 922 1372 ego
956 1315 1157 1366 admiror,
1190 1315 1415 1372 proposuit
1447 1316 1655 1371 quosdam
1685 1315 1818 1369 loc'os,

372 1387 425 1414 ex
450 1374 606 1429 quibus
628 1374 768 1414 omnis
791 1372 1034 1429 argumenti
1060 1373 1140 1422 via,
1173 1387 1258 1414 non
1292 1373 1422 1414 modo
1456 1373 1508 1414 ad
1526 1373 1816 1432 ''philosopho-

372 1445 465 1471 rum
495 1431 849 1486 disputationem,
880 1430 952 1471 sed
980 1430 1111 1471 etiam
1144 1430 1197 1471 ad
1228 1429 1469 1485 haum-qua
1497 1430 1539 1472 in
1568 1431 1708 1472 causis
1731 1431 1818 1473 ut‘i-

371 1501 480 1539 mur,
512 1488 794 1530 inveniretur:
828 1503 853 1528 a
882 1502 968 1542 quo
1004 1486 1176 1542 quidem
1218 1486 1393 1528 homine
1418 1487 1694 1542 jamdudum,
1725 1488 1816 1530 An·

372 1546 477 1597 toni,
510 1560 594 1586 non
619 1547 788 1586 aberrat
810 1544 948 1585 oratio
975 1554 1062 1594 tua,
1094 1544 1182 1586 sive
1217 1555 1261 1584 tu
1297 1544 1577 1586 similitudine
1608 1544 1720 1587 illius
1749 1546 1815 1587 di-

371 1603 457 1643 vini
483 1603 643 1658 ingenii
680 1603 721 1643 in
752 1603 901 1643 eadem
930 1601 1109 1643 incurris
1140 1602 1334 1657 vestigia,
1359 1602 1456 1643 ‘slve
1476 1603 1607 1644 etiam
1631 1601 1701 1643 illa
1722 1603 1817 1661 ipsa

371 1659 512 1716 legisti
535 1670 664 1715 atque
694 1658 910 1701 didicisti:
943 1659 1056 1715 quod
1087 1659 1259 1714 quidem
1285 1659 1423 1716 magis
1446 1659 1675 1700 verisimile
1697 1659 1814 1702 vide-

372 1726 453 1758 tur,
507 1717 608 1758 Plus
627 1716 741 1758 enim
764 1727 806 1758 te
827 1731 969 1773 operae
995 1716 1162 1758 Graecis
1184 1715 1350 1757 dedisse
1372 1717 1498 1758 rebus
1521 1717 1662 1768 video,
1683 1726 1813 1773 quam

288 1781 357 1815 153
372 1785 634 1830 putaramus.
694 1773 805 1815 Turn
836 1773 919 1825 ille,
953 1773 1128 1825 Verum,
1159 1773 1314 1829 inquit,
1346 1788 1400 1815 ex
1434 1786 1503 1815 me
1535 1774 1696 1824 audies,-
1724 1773 1814 1816 Ca-

370 1831 472 1873 tule.
491 1847 658 1889 semper
679 1846 761 1888 ego
783 1831 1045 1882 existimavi,
1070 1831 1376 1887 jucundiorem
1406 1839 1449 1872 et
1477 1831 1813 1889 probabiliorem

366 1888 468 1931 huic
488 1890 648 1946 populo
671 1900 884 1931 oratorem
907 1889 1014 1940 fore,
1044 1890 1118 1944 qui
1142 1889 1327 1945 primum
1350 1903 1479 1945 quam
1501 1889 1725 1930 minimam
1746 1903 1813 1931 ar-

367 1947 489 1989 tificii
511 1947 708 2003 alicujus,
730 1947 884 1989 deinde
907 1947 1067 1988 nullam
1090 1945 1343 1988 Graeearum
1365 1958 1506 1988 rerum
1528 1946 1812 2004 significatio-2

365 2019 463 2045 nem
497 2004 631 2046 daret.
663 2015 792 2060 atque
820 2019 902 2061 ego
936 2004 1049 2045 idem
1085 2004 1347 2054 existimavi,
1378 2002 1555 2061 pecudis
1586 2018 1693 2055 esse,
1721 2010 1811 2046 non

366 2061 570 2114 hominis,
599 2077 698 2104 cuin
729 2071 869 2103 tantas
898 2076 963 2102 res
998 2060 1143 2103 Graeci
1179 2060 1459 2116 susciperent,
1493 2060 1810 2118 profiterentur,

365 2129 556 2176 agerent,
588 2133 762 2175 seseque
795 2128 838 2160 et
872 2118 1044 2160 videndi
1078 2131 1143 2159 res
1177 2118 1517 2169 obscurissimas,
1539 2127 1584 2159 et
1615 2118 1728 2160 bene
1747 2119 1811 2160 vi*—

365 2177 509 2228 vendi,
531 2186 574 2217 et
595 2176 770 2233 copiose
791 2175 962 2218 dicendi
985 2176 1194 2217 rationem
1219 2175 1466 2217 horninibus
1488 2175 1663 2218 daturos
1685 2174 1810 2232 polli-

364 2243 577 2284 cerentur,
607 2249 695 2275 non
733 2234 961 2275 admovere
996 2247 1156 2284 aurem,
1194 2242 1252 2284 et,
1292 2232 1326 2273 si
1366 2233 1506 2289 palam
1547 2232 1697 2275 audire
1735 2247 1808 2275 eos

363 2305 451 2332 non
470 2291 662 2341 auderes,
682 2305 734 2332 ne
754 2292 965 2332 minueres
979 2291 1090 2347 apud
1108 2300 1203 2331 tuos
1219 2290 1334 2332 cives
1351 2290 1655 2332 auctoritatem
1674 2299 1808 2342 tuam,

363 2348 726 2390 subauscultando
748 2357 887 2390 tamen
912 2349 1112 2405 excipere
1137 2362 1261 2389 voces
1283 2361 1446 2400 eorum,
1465 2356 1509 2389 et
1526 2347 1691 2404 procul,
1704 2347 1808 2405 quid

363 2415 598 2459 narrarent,
619 2405 853 2448 attendere.
874 2406 1019 2462 itaque
1036 2405 1134 2457 feci,
1158 2405 1327 2457 Catule,
1348 2414 1393 2447 et
1412 2405 1593 2447 istorum
1610 2406 1808 2446 omnium

1105 2529 1233 2560 semper
1247 2519 1331 2551 solet
1345 2519 1463 2550 dicere.

408 2523 444 2553 19
466 2521 532 2550 hoc
546 2530 672 2559 magna
684 2519 790 2560 sunt]
817 2520 890 2550 Hoc
906 2529 972 2550 non
985 2529 1063 2550 con·
1710 2553 1713 2555 ,

1147 2564 1182 2592 21
1203 2566 1380 2601 paratum,
1403 2561 1484 2601 quid
1499 2560 1530 2591 d.
1545 2570 1576 2591 r.
1591 2559 1639 2600 q.]
1667 2559 1822 2596 Videtur,

361 2561 451 2592 venit
480 2564 538 2592 uni
566 2562 701 2600 ultimo,
727 2563 767 2593 de
795 2564 964 2599 memoria,
985 2572 1063 2594 voce

361 2605 420 2634 ac.
439 2603 494 2634 sed
519 2605 687 2635 universis.
734 2604 796 2635 Sed
818 2605 866 2635 ita
882 2605 962 2635 illud
985 2605 1063 2635 ulti-

360 2655 451 2676 mum
474 2650 511 2676 ut
534 2647 584 2676 Ιιὶε
606 2647 699 2677 rebus
719 2647 778 2677 ἃς.
795 2646 877 2677 nihil
900 2647 999 2678 habet
1019 2648 1061 2677 si-

360 2688 436 2719 mile
452 2689 684 2728 superioribus,
700 2689 872 2727 diligencia
892 2694 937 2719 ese
954 2691 1012 2720 ἃς.
1029 2690 1061 2720 id

359 2730 487 2761 videtur
510 2730 674 2761 excidisse.
711 2731 739 2761 A
764 2731 828 2762 Ms-
846 2731 915 2762 Erl.
939 2733 1059 2762 absunt

358 2773 423 2802 luec-
438 2782 565 2811 magna
576 2778 665 2803 sunt.
775 2773 778 2775 ’

399 2817 441 2845 ‘20
462 2816 658 2855 complectar
680 2825 742 2845 uno
766 2815 812 2855 zu]
838 2815 903 2846 Ms.
919 2816 957 2845 E.
973 2825 1057 2845 cnm-

348 2858 488 2895 ’μία-[ον.
513 2859 570 2887 hoc
592 2856 717 2888 addunt
740 2856 811 2888 edd.
839 2868 887 2897 pr.
925 2857 1057 2888 Deles-it

356 2899 468 2930 Aldus.
501 2905 589 2929 certe
621 2909 690 2930 esse
715 2898 847 2930 deberet
874 2901 948 2929 Iioec.
994 2899 1056 2929 Sed

356 2941 471 2972 melius
485 2951 667 2982 pronomen
684 2941 792 2973 abest:
818 2946 851 2972 et
873 2943 918 2972 sic
940 2942 1057 2973 Cicero

1104 2605 1189 2644 quod
1201 2603 1254 2635 hic
1269 2603 1459 2644 legendum,
1475 2612 1542 2634 non
1557 2603 1638 2643 quid
1642 2604 1730 2643 :betsi
1743 2604 1805 2634 dif-

1104 2646 1190 2677 ficile
1213 2650 1263 2677 est
1287 2655 1416 2686 semper
1437 2644 1611 2676 discrimen
1635 2646 1804 2685 utriusque

1103 2694 1194 2719 certo
1217 2689 1309 2719 scire.
1352 2688 1415 2719 Sed
1441 2693 1515 2728 post
1536 2687 1622 2719 hanc
1646 2687 1802 2726 formam,

1103 2731 1201 2761 habeo
1222 2731 1258 2761 in
1265 2734 1414 2770 promtu,
1429 2731 1528 2761 habeo
1536 2734 1700 2771 paratum
1714 2735 1749 2761 et
1761 2730 1805 2760 si-

1103 2772 1195 2803 milia
1207 2778 1241 2804 et
1256 2773 1354 2803 habeo
1375 2772 1582 2813 simpliciter,
1604 2771 1689 2813 quod
1699 2775 1751 2802 est'
1763 2772 1804 2803 ex

1100 2814 1171 2854 lege
1184 2815 1379 2846 latinitatis:
1403 2819 1443 2844 ut
1457 2815 1568 2852 habeo,
1581 2814 1668 2855 qnod
1676 2812 1802 2854 dicam,

1100 2866 1166 2886 non
1181 2857 1261 2897 quid
1272 2857 1303 2887 d.
1327 2856 1534 2897 Compendia
1546 2855 1707 2888 scribendi
1721 2853 1804 2896 quid,

1098 2903 1133 2929 et
1147 2900 1233 2938 quod
1241 2899 1405 2930 incertum
1415 2898 1520 2930 fecere
1529 2897 1708 2938 interdum,
1719 2907 1808 2941 quo-4

1098 2941 1196 2972 modo
1211 2941 1386 2982 legendum
1398 2940 1455 2974 sit·
