1945 3235
628 165 813 204 LIBER
846 162 1123 202 TERTIUS.
1521 164 1599 205 377

146 266 502 325 ab-eo'tempore
532 270 752 311 mensibus
785 269 950 325 ejectus
979 276 1044 308 est
1076 281 1099 306 e
1129 265 1320 306 civitate.
1381 265 1599 322 Sulpicius

148 333 307 376 autem,
339 328 411 382 qui
450 328 491 368 in
528 328 675 368 eadem
713 327 887 368 invidiae
927 325 1102 366 flamma
1137 321 1303 373 fuisset,
1339 324 1600 377 quibuscum

149 382 340 437 privatus
371 385 726 438 conjunctissime
760 386 941 433 vixerat,
973 383 1051 423 hos
1084 381 1125 420 in
1158 379 1381 419 tribunatu
1416 380 1601 435 spoliare

149 439 337 482 instituit
361 442 478 482 omni
502 442 740 498 dignitate:
768 445 803 472 ¹⁴
816 441 885 482 eui
909 439 1082 495 quidem
1106 436 1158 477 ad
1181 450 1393 477 summam
1418 437 1600 492 gloriam

149 496 406 552 eloquentiae
431 499 690 549 florescenti,
713 498 824 539 ferro
846 506 994 553 erepta
1025 495 1114 535 vita
1135 505 1213 544 est,
1237 504 1279 534 et
1311 507 1446 549 poena
1469 503 1601 534 teme-

151 554 290 594 ritatis
323 570 407 596 non
444 557 535 596 sine
566 570 726 612 magno
757 554 1005 611 reipublicae
1043 551 1155 593 malo
1189 552 1442 592 constituta.
1508 549 1601 606 Ego
1617 557 1664 590 12

154 625 254 653 vero
279 620 334 664 te,
359 612 527 663 Crasse,
549 627 648 653 cum
680 613 780 654 vitae
815 614 934 662 flore,
959 622 1049 652 tum
1084 608 1232 650 mortis
1258 607 1602 664 opportunitate,

153 668 301 709 divino
322 669 503 710 consilio
529 679 570 710 et
601 680 743 710 ortum
776 680 818 710 et
851 669 1115 710 exstinctum
1147 680 1239 706 esse
1271 665 1471 706 arbitror.
1503 679 1603 705 nam

154 726 234 766 tibi
268 734 356 775 aut,
387 741 464 782 pro
499 728 656 768 virtute
692 727 823 768 animi
856 725 1185 778 constantiaque
1219 733 1308 774 tua,
1331 722 1470 763 civilis
1503 722 1603 763 ferri

155 783 375 824 subeunda
397 782 480 825 fuit
502 785 745 835 crudelitas,
765 794 853 834 aut,
876 785 908 824 si
933 798 1018 839 qua
1041 791 1081 821 te
1101 781 1276 821 fortuna
1298 780 1352 820 ab
1376 779 1604 820 atrocitate

153 839 304 880 mortis
329 840 600 892 vindicasset,
622 842 771 883 eadem
794 856 885 882 esse
909 850 950 882 te
973 840 1170 881 funerum
1203 838 1355 893 patriae
1390 846 1647 893 spectato-p·
1670 845 1736 874 144.

156 910 246 937 rem
279 897 519 953 coegisset:
554 913 690 954 neque
723 899 860 940 solum
893 899 972 939 tibi
1012 897 1307 952 improborum
1345 894 1647 944 dominatus‚³·

158 954 232 994 sed
257 955 403 1006 etiam,
435 966 609 1012 propter
642 957 870 997 admistam
902 956 1061 996 civium
1086 954 1264 1002 caedem,
1298 953 1511 993 bonorum
1545 952 1607 992 vi-

159 1012 297 1052 ctoria
320 1016 496 1055 moerori
521 1013 684 1055 fuisset.
747 1013 860 1054 Mihi
895 1013 1083 1068 quidem,
1108 1011 1272 1058 Quinte
1304 1009 1448 1059 frater,
1471 1018 1513 1049 et
1536 1006 1656 1053 eo-Al·

160 1083 254 1109 rum
278 1084 415 1120 casus,
438 1072 490 1112 de
523 1073 678 1126 quibus
713 1082 811 1112 ante
842 1071 950 1120 dixi,
972 1081 1015 1110 et
1046 1084 1109 1119 ea,
1141 1083 1238 1123 quae
1270 1066 1525 1123 nosmetipsi
1551 1066 1608 1106 ob
1624 1078 1670 1110 13

162 1141 351 1167 amorem
376 1128 416 1168 in
442 1129 751 1184 rempublicam
781 1127 1075 1168 incredibilem
1098 1134 1140 1166 et
1174 1125 1432 1180 singularem
1467 1134 1611 1180 pertu-

161 1182 288 1224 limus
310 1199 360 1224 ac
382 1187 605 1237 sensimus,
628 1186 855 1242 cogitanti,
879 1184 1091 1225 sententia
1113 1196 1227 1238 saepe
1250 1192 1323 1222 tua
1347 1197 1445 1222 vera
1466 1196 1515 1222 ac
1546 1195 1612 1221 sa-

165 1241 286 1296 piens
309 1242 442 1284 videri
472 1243 592 1294 solet,
616 1244 688 1298 qui
722 1252 896 1299 propter
920 1251 998 1293 tot,
1022 1250 1180 1291 tantos,
1205 1249 1379 1294 tamque
1413 1238 1612 1295 praecipi-

167 1307 228 1338 tes
260 1314 382 1340 casus
415 1301 748 1342 clarissimorum
781 1300 1005 1340 hominum
1040 1308 1169 1353 atque
1203 1298 1464 1352 optimorum
1500 1296 1612 1336 viro-

166 1370 275 1406 rum,
299 1370 367 1396 me
389 1372 556 1413 semper
577 1359 631 1398 ab
654 1358 770 1398 omni
795 1357 1074 1398 contentione
1106 1370 1154 1395 ac
1179 1354 1458 1395 dimicatione
1490 1367 1612 1393 revo-

164 1414 288 1455 casti.
349 1414 432 1456 Sed
455 1415 659 1470 quoniam
691 1415 786 1456 haec
811 1414 904 1470 jam
938 1428 1074 1470 neque
1106 1412 1148 1452 in
1181 1412 1351 1468 integro
1375 1411 1499 1452 nobis
1521 1424 1612 1451 esse
1628 1419 1675 1452 14

166 1481 360 1526 possunt,
383 1483 425 1512 et
448 1473 602 1513 summi
630 1473 796 1514 labores
819 1472 969 1522 nostri,
992 1485 1150 1527 magna
1171 1469 1438 1525 compensati
1462 1468 1613 1525 gloria,

167 1527 448 1584 mitigantur3
482 1545 710 1586 pergamus
742 1530 794 1571 ad
816 1545 866 1570 ea
889 1529 1054 1579 solatia,
1077 1542 1173 1583 quae
1198 1541 1280 1567 non
1306 1527 1435 1567 modo
1459 1525 1615 1567 sedatis

169 1585 393 1637 molestiis,
429 1587 640 1642 jucunda,
675 1588 746 1628 sed
780 1588 909 1628 etiam
945 1586 1224 1634 haerentibus,
1259 1583 1459 1624 salutaria
1493 1582 1616 1624 nobis

169 1657 262 1684 esse
294 1654 498 1698 possunt,
532 1659 858 1700 sermonemque
893 1644 941 1685 L.
975 1643 1118 1684 Crassi
1150 1642 1376 1696 reliquum,
1407 1656 1456 1681 ac
1497 1654 1620 1696 paene

171 1709 437 1756 postremum
468 1703 688 1743 memoriae
721 1702 975 1758 prodamus:
1009 1709 1137 1755 atque
1159 1699 1214 1750 ei,
1236 1699 1314 1739 etsi
1348 1712 1620 1754 nequaquam

173 1771 319 1813 parem
351 1759 462 1799 illius
494 1760 684 1814 ingenio,
716 1768 762 1800 at
794 1774 871 1815 pro
894 1768 1042 1799 nostro
1065 1768 1207 1798 tamen
1242 1755 1398 1806 studio,
1423 1755 1618 1796 meritam

175 1815 358 1870 gratiam
381 1816 657 1872 debitamque
680 1816 926 1857 referamus
981 1815 1133 1870 Neque
1155 1814 1266 1854 enim
1292 1813 1518 1868 quisquam
1543 1828 1619 1853 no·
1634 1824 1681 1858 15

177 1872 331 1923 strum,
347 1888 444 1914 cum
468 1873 598 1915 libros
622 1874 814 1915 Platonis
838 1873 1089 1914 mirabiliter
1111 1872 1292 1927 scriptos
1316 1871 1436 1927 legit,
1460 1870 1502 1911 in
1525 1870 1620 1926 qui-

178 1929 258 1969 bus
280 1931 482 1971 omnibus
506 1931 593 1971 fere
624 1932 821 1972 Socrates
843 1930 1115 1986 exprimitur,
1138 1944 1239 1979 non,
1262 1942 1523 1984 quamquam
1550 1927 1622 1968 illa

179 1987 341 2043 scripta
362 1998 462 2028 sunt
480 1988 703 2039 divinitus,
727 1999 866 2030 tamen
893 1988 1030 2043 majus
1053 1987 1257 2042 quiddam
1281 1986 1332 2026 de
1356 1985 1442 2035 illo,
1462 1985 1514 2026 de
1536 2000 1623 2040 quo

180 2044 341 2100 scripta
362 2056 475 2097 suut,
499 2047 752 2102 suspicatur.
815 2046 945 2092 Quod
968 2046 1070 2086 item
1093 2059 1170 2085 nos
1194 2043 1459 2100 postulamus
1492 2057 1577 2083 non
1601 2057 1625 2083 a

181 2111 222 2142 te
243 2102 433 2156 quidem,
455 2104 528 2159 qui
562 2104 686 2145 nobis
711 2106 747 2135 15
762 2104 907 2144 omnia
929 2117 1094 2143 summa
1125 2102 1293 2152 tribuis,
1316 2101 1386 2141 sed
1412 2115 1436 2141 a
1457 2100 1624 2151 ceteris,

181 2159 255 2214 qui
278 2160 373 2201 haec
395 2161 438 2201 in
463 2176 612 2202 manus
638 2172 821 2212 sument,
845 2170 892 2201 ut
915 2161 1053 2215 majus
1075 2159 1280 2215 quiddam
1303 2158 1356 2199 de
1380 2158 1428 2198 L,
1453 2157 1625 2208 Crasso,

180 2231 310 2271 quam
333 2226 540 2272 quantum
564 2234 588 2259 a
611 2219 734 2260 nobis
755 2218 1036 2274 exprimetur,
1060 2217 1342 2273 suspicentur.
1381 2215 1473 2256 Nos
1495 2215 1625 2266 enim,
1641 2219 1689 2255 16

181 2274 256 2329 qui
296 2275 378 2330 ipsi
411 2277 596 2317 sermoni
631 2291 716 2318 non
756 2275 1112 2325 interfuissemus,
1138 2283 1182 2315 et
1212 2274 1369 2329 quibus
1407 2272 1459 2314 C.
1494 2272 1627 2314 Cotta

183 2333 485 2374 tantummodo
515 2333 632 2376 locos
664 2349 714 2375 ac
744 2333 975 2374 sententias
1007 2331 1135 2387 hujus
1165 2330 1469 2388 disputationis
1497 2330 1627 2371 tradi-

184 2388 331 2440 disset,
352 2394 458 2445 (quo
481 2391 523 2430 in
555 2406 711 2447 genere
741 2390 947 2431 orationis
980 2400 1208 2445 utrumque
1229 2399 1442 2430 oratorem
1464 2402 1628 2443 cogno-

186 2449 417 2498 veramus,)
440 2448 625 2503 idipsum
649 2463 793 2489 sumus
817 2448 858 2488 in
882 2462 1029 2489 eorum
1058 2461 1252 2487 sermone
1283 2445 1537 2486 adumbrare
1558 2460 1632 2486 co-

188 2504 294 2545 nati.
356 2505 524 2552 Quodsi
547 2505 642 2560 quis
663 2506 759 2555 erit,
781 2505 852 2561 qui
877 2505 1031 2546 ductus
1054 2505 1259 2559 opinione
1290 2503 1422 2558 vulgi,
1445 2514 1518 2543 aut
1541 2502 1632 2543 An-

190 2562 358 2602 tonium
393 2562 672 2618 jejuniorem,
709 2572 783 2603 aut
818 2562 1019 2603 Crassum
1058 2562 1292 2618 pleniorem
1327 2559 1458 2600 fuisse
1496 2571 1632 2617 putet,

189 2621 560 2674 quam'quomodo
583 2635 607 2660 a
629 2621 753 2661 nobis
778 2630 954 2675 uterque
986 2619 1186 2660 inductus
1208 2632 1298 2669 est,
1330 2617 1364 2658 is
1386 2617 1467 2658 erit
1489 2633 1540 2659 ex
1566 2618 1632 2667 iis,

190 2675 264 2730 qui
307 2687 382 2718 aut
417 2677 515 2721 illos
549 2693 636 2719 non
673 2676 950 2728 lssaudierint,
988 2687 1062 2718 aut
1097 2676 1295 2732 judicare
1327 2690 1412 2716 non
1452 2676 1634 2731 possint.

237 2792 274 2819 14
295 2792 348 2820 cui
363 2791 490 2830 quidem
509 2792 788 2833 acl—florescentr]
815 2792 892 2823 Cre-
981 2793 1016 2821 15
1039 2792 1150 2821 omnia
1171 2789 1317 2829 summa]
1343 2789 1396 2820 Sic
1418 2789 1489 2819 edd.
1508 2793 1589 2819 vett.
1605 2793 1639 2820 et

192 2831 233 2861 do
263 2831 455 2863 Cieeromw
482 2835 647 2874 scripsisse
673 2833 893 2875 fforesceme'.
936 2833 1000 2864 Ms.
1031 2833 1069 2863 E.
1107 2842 1174 2863 non
1202 2842 1333 2862 summa
1362 2833 1484 2869 omnia,
1511 2836 1545 2862 et
1576 2831 1640 2863 hoe

192 2873 366 2913 Quomodo
387 2875 512 2915 syllaba
534 2877 701 2913 exciderit,
727 2876 822 2908 facile
845 2877 894 2908 in·
936 2876 1050 2907 ordine
1067 2875 1181 2906 Cicero
1198 2875 1282 2905 solet
1297 2874 1414 2904 dicere.

192 2916 356 2958 telligitur
371 2928 390 2948 a
405 2919 517 2959 peritis
532 2919 652 2950 talium
666 2929 787 2950 rerum.
985 2919 1021 2950 16
1043 2919 1223 2955 audierint,
1240 2917 1381 2958 possint]
1403 2916 1512 2956 Vulgo
1528 2916 1641 2946 audie-
