<?xml version="1.0" encoding="UTF-8"?>
<!DOCTYPE html PUBLIC "-//W3C//DTD XHTML 1.0 Transitional//EN"
    "http://www.w3.org/TR/xhtml1/DTD/xhtml1-transitional.dtd">
<html xmlns="http://www.w3.org/1999/xhtml" xml:lang="en" lang="en">
 <head>
  <title>
</title>
<meta http-equiv="Content-Type" content="text/html;charset=utf-8" />
  <meta name='ocr-system' content='tesseract 3.04.00' />
  <meta name='ocr-capabilities' content='ocr_page ocr_carea ocr_par ocr_line ocrx_word'/>
</head>
<body>
  <div class='ocr_page' id='page_1' title='image "./operaomnia01ciceuoft/operaomnia01ciceuoft_0033.png"; bbox 0 0 1914 3220; ppageno 0'>
   <div class='ocr_carea' id='block_1_1' title="bbox 660 116 1609 175">
    <p class='ocr_par' dir='ltr' id='par_1_1' title="bbox 660 116 1609 175">
     <span class='ocr_line' id='line_1_1' title="bbox 660 116 1609 175; baseline -0.001 -4"><span class='ocrx_word' id='word_1_1' title='bbox 660 116 1118 175; x_wconf 76' lang='lat' dir='ltr'><strong>PRAEFATIO.</strong></span> <span class='ocrx_word' id='word_1_2' title='bbox 1499 135 1609 170; x_wconf 79' lang='lat' dir='ltr'>xxv</span> 
     </span>
    </p>
   </div>
   <div class='ocr_carea' id='block_1_2' title="bbox 140 244 1630 2879">
    <p class='ocr_par' dir='ltr' id='par_1_2' title="bbox 140 244 1630 2879">
     <span class='ocr_line' id='line_1_2' title="bbox 169 244 1613 322; baseline -0.003 -19"><span class='ocrx_word' id='word_1_3' title='bbox 169 249 534 322; x_wconf 78' lang='lat' dir='ltr'>superioribus</span> <span class='ocrx_word' id='word_1_4' title='bbox 560 248 828 320; x_wconf 80' lang='lat' dir='ltr'>exemplis</span> <span class='ocrx_word' id='word_1_5' title='bbox 862 247 1109 320; x_wconf 83' lang='lat' dir='ltr'>repetitae</span> <span class='ocrx_word' id='word_1_6' title='bbox 1146 252 1297 307; x_wconf 81' lang='lat' dir='ltr'>sunt,</span> <span class='ocrx_word' id='word_1_7' title='bbox 1318 244 1461 299; x_wconf 81' lang='lat' dir='ltr'>vitiis</span> <span class='ocrx_word' id='word_1_8' title='bbox 1498 262 1613 298; x_wconf 91' lang='lat' dir='ltr'>mo-</span> 
     </span>
     <span class='ocr_line' id='line_1_3' title="bbox 172 330 1615 406; baseline -0.002 -19"><span class='ocrx_word' id='word_1_9' title='bbox 172 335 246 387; x_wconf 90' lang='lat' dir='ltr'>do</span> <span class='ocrx_word' id='word_1_10' title='bbox 287 331 696 406; x_wconf 75' lang='lat' dir='ltr'>typographicis</span> <span class='ocrx_word' id='word_1_11' title='bbox 738 333 982 388; x_wconf 82' lang='lat' dir='ltr'>sublatiS.</span> <span class='ocrx_word' id='word_1_12' title='bbox 1063 330 1376 402; x_wconf 80' lang='lat' dir='ltr'>Naugerius</span> <span class='ocrx_word' id='word_1_13' title='bbox 1426 340 1615 384; x_wconf 89' lang='lat' dir='ltr'>autem</span> 
     </span>
     <span class='ocr_line' id='line_1_4' title="bbox 173 414 1615 492; baseline -0.005 -19"><span class='ocrx_word' id='word_1_14' title='bbox 173 421 454 492; x_wconf 83' lang='lat' dir='ltr'>profitetur</span> <span class='ocrx_word' id='word_1_15' title='bbox 485 418 592 481; x_wconf 87' lang='lat' dir='ltr'>ille,</span> <span class='ocrx_word' id='word_1_16' title='bbox 618 436 675 471; x_wconf 91' lang='lat' dir='ltr'>se</span> <span class='ocrx_word' id='word_1_17' title='bbox 700 429 909 472; x_wconf 83' lang='lat' dir='ltr'>veteres</span> <span class='ocrx_word' id='word_1_18' title='bbox 933 427 988 472; x_wconf 85' lang='lat' dir='ltr'>et</span> <span class='ocrx_word' id='word_1_19' title='bbox 1015 416 1412 471; x_wconf 79' lang='lat' dir='ltr'>emendatiores</span> <span class='ocrx_word' id='word_1_20' title='bbox 1452 414 1615 486; x_wconf 69' lang='lat' dir='ltr'>libros</span> 
     </span>
     <span class='ocr_line' id='line_1_5' title="bbox 169 501 1614 566; baseline -0.003 -9"><span class='ocrx_word' id='word_1_21' title='bbox 169 503 480 566; x_wconf 77' lang='lat' dir='ltr'>contulisse,</span> <span class='ocrx_word' id='word_1_22' title='bbox 530 513 605 558; x_wconf 88' lang='lat' dir='ltr'>et·</span> <span class='ocrx_word' id='word_1_23' title='bbox 637 504 788 556; x_wconf 90' lang='lat' dir='ltr'>omni</span> <span class='ocrx_word' id='word_1_24' title='bbox 838 511 1044 556; x_wconf 89' lang='lat' dir='ltr'>conatu</span> <span class='ocrx_word' id='word_1_25' title='bbox 1095 501 1321 555; x_wconf 77' lang='lat' dir='ltr'>enixum</span> <span class='ocrx_word' id='word_1_26' title='bbox 1374 517 1509 562; x_wconf 87' lang='lat' dir='ltr'>esse,</span> <span class='ocrx_word' id='word_1_27' title='bbox 1550 508 1614 553; x_wconf 89' lang='lat' dir='ltr'>ut</span> 
     </span>
     <span class='ocr_line' id='line_1_6' title="bbox 170 583 1615 660; baseline -0.003 -19"><span class='ocrx_word' id='word_1_28' title='bbox 170 606 345 659; x_wconf 81' lang='lat' dir='ltr'>quam</span> <span class='ocrx_word' id='word_1_29' title='bbox 400 588 816 660; x_wconf 72' lang='lat' dir='ltr'>castigatissime</span> <span class='ocrx_word' id='word_1_30' title='bbox 879 588 1068 641; x_wconf 81' lang='lat' dir='ltr'>omnia</span> <span class='ocrx_word' id='word_1_31' title='bbox 1130 585 1427 658; x_wconf 83' lang='lat' dir='ltr'>prodirent.</span> <span class='ocrx_word' id='word_1_32' title='bbox 1503 583 1615 638; x_wconf 83' lang='lat' dir='ltr'>Sed</span> 
     </span>
     <span class='ocr_line' id='line_1_7' title="bbox 172 669 1616 744; baseline -0.003 -18"><span class='ocrx_word' id='word_1_33' title='bbox 172 671 292 726; x_wconf 82' lang='lat' dir='ltr'>haec</span> <span class='ocrx_word' id='word_1_34' title='bbox 334 673 591 744; x_wconf 79' lang='lat' dir='ltr'>professio</span> <span class='ocrx_word' id='word_1_35' title='bbox 617 684 701 727; x_wconf 89' lang='lat' dir='ltr'>est</span> <span class='ocrx_word' id='word_1_36' title='bbox 726 674 1034 727; x_wconf 88' lang='lat' dir='ltr'>communis</span> <span class='ocrx_word' id='word_1_37' title='bbox 1061 672 1317 725; x_wconf 90' lang='lat' dir='ltr'>omnibus</span> <span class='ocrx_word' id='word_1_38' title='bbox 1344 669 1616 724; x_wconf 77' lang='lat' dir='ltr'>veteribus</span> 
     </span>
     <span class='ocr_line' id='line_1_8' title="bbox 171 755 1618 812; baseline -0.003 0"><span class='ocrx_word' id='word_1_39' title='bbox 171 756 432 812; x_wconf 80' lang='lat' dir='ltr'>librorum</span> <span class='ocrx_word' id='word_1_40' title='bbox 460 759 658 812; x_wconf 20' lang='lat' dir='ltr'>talium*</span> <span class='ocrx_word' id='word_1_41' title='bbox 678 759 993 812; x_wconf 82' lang='lat' dir='ltr'>editoribus.</span> <span class='ocrx_word' id='word_1_42' title='bbox 1071 755 1107 812; x_wconf 88' lang='lat' dir='ltr'>J</span> <span class='ocrx_word' id='word_1_43' title='bbox 1113 775 1204 810; x_wconf 88' lang='lat' dir='ltr'>am</span> <span class='ocrx_word' id='word_1_44' title='bbox 1233 774 1342 809; x_wconf 91' lang='lat' dir='ltr'>non</span> <span class='ocrx_word' id='word_1_45' title='bbox 1381 755 1487 808; x_wconf 88' lang='lat' dir='ltr'>hoc</span> <span class='ocrx_word' id='word_1_46' title='bbox 1524 772 1618 807; x_wconf 89' lang='lat' dir='ltr'>ne-</span> 
     </span>
     <span class='ocr_line' id='line_1_9' title="bbox 172 841 1616 915; baseline -0.003 -19"><span class='ocrx_word' id='word_1_47' title='bbox 172 842 290 914; x_wconf 74' lang='lat' dir='ltr'>gari</span> <span class='ocrx_word' id='word_1_48' title='bbox 315 853 516 915; x_wconf 86' lang='lat' dir='ltr'>potest,</span> <span class='ocrx_word' id='word_1_49' title='bbox 543 844 879 915; x_wconf 88' lang='lat' dir='ltr'>quibusdam</span> <span class='ocrx_word' id='word_1_50' title='bbox 906 843 1052 896; x_wconf 88' lang='lat' dir='ltr'>libris</span> <span class='ocrx_word' id='word_1_51' title='bbox 1085 861 1152 895; x_wconf 91' lang='lat' dir='ltr'>ac</span> <span class='ocrx_word' id='word_1_52' title='bbox 1178 842 1312 895; x_wconf 89' lang='lat' dir='ltr'>locis</span> <span class='ocrx_word' id='word_1_53' title='bbox 1339 841 1616 894; x_wconf 87' lang='lat' dir='ltr'>meliorem</span> 
     </span>
     <span class='ocr_line' id='line_1_10' title="bbox 173 925 1622 994; baseline -0.001 -13"><span class='ocrx_word' id='word_1_54' title='bbox 173 936 391 981; x_wconf 80' lang='lat' dir='ltr'>textum</span> <span class='ocrx_word' id='word_1_55' title='bbox 427 929 641 982; x_wconf 82' lang='lat' dir='ltr'>factum</span> <span class='ocrx_word' id='word_1_56' title='bbox 668 948 815 983; x_wconf 85' lang='lat' dir='ltr'>esse:</span> <span class='ocrx_word' id='word_1_57' title='bbox 855 929 952 982; x_wconf 91' lang='lat' dir='ltr'>sed</span> <span class='ocrx_word' id='word_1_58' title='bbox 990 947 1101 982; x_wconf 91' lang='lat' dir='ltr'>non</span> <span class='ocrx_word' id='word_1_59' title='bbox 1141 938 1341 987; x_wconf 65' lang='lat' dir='ltr'>tamen⁴</span> <span class='ocrx_word' id='word_1_60' title='bbox 1367 927 1426 980; x_wconf 89' lang='lat' dir='ltr'>id</span> <span class='ocrx_word' id='word_1_61' title='bbox 1459 925 1622 994; x_wconf 69' lang='lat' dir='ltr'>valde</span> 
     </span>
     <span class='ocr_line' id='line_1_11' title="bbox 167 1011 1619 1085; baseline -0.001 -19"><span class='ocrx_word' id='word_1_62' title='bbox 167 1015 411 1068; x_wconf 85' lang='lat' dir='ltr'>multum</span> <span class='ocrx_word' id='word_1_63' title='bbox 438 1024 550 1068; x_wconf 87' lang='lat' dir='ltr'>est:</span> <span class='ocrx_word' id='word_1_64' title='bbox 592 1033 694 1068; x_wconf 91' lang='lat' dir='ltr'>nec</span> <span class='ocrx_word' id='word_1_65' title='bbox 736 1033 861 1067; x_wconf 74' lang='lat' dir='ltr'>vero</span> <span class='ocrx_word' id='word_1_66' title='bbox 898 1013 1032 1067; x_wconf 86' lang='lat' dir='ltr'>illud</span> <span class='ocrx_word' id='word_1_67' title='bbox 1072 1014 1240 1066; x_wconf 88' lang='lat' dir='ltr'>etiam</span> <span class='ocrx_word' id='word_1_68' title='bbox 1284 1011 1619 1085; x_wconf 87' lang='lat' dir='ltr'>negandum,</span> 
     </span>
     <span class='ocr_line' id='line_1_12' title="bbox 173 1099 1619 1159; baseline -0.001 -8"><span class='ocrx_word' id='word_1_69' title='bbox 173 1100 358 1159; x_wconf 82' lang='lat' dir='ltr'>multis</span> <span class='ocrx_word' id='word_1_70' title='bbox 397 1100 529 1153; x_wconf 91' lang='lat' dir='ltr'>locis</span> <span class='ocrx_word' id='word_1_71' title='bbox 556 1118 671 1153; x_wconf 90' lang='lat' dir='ltr'>esse</span> <span class='ocrx_word' id='word_1_72' title='bbox 709 1100 965 1152; x_wconf 82' lang='lat' dir='ltr'>inductas</span> <span class='ocrx_word' id='word_1_73' title='bbox 1003 1099 1264 1151; x_wconf 85' lang='lat' dir='ltr'>lectiones</span> <span class='ocrx_word' id='word_1_74' title='bbox 1303 1117 1414 1151; x_wconf 89' lang='lat' dir='ltr'>non</span> <span class='ocrx_word' id='word_1_75' title='bbox 1448 1099 1619 1151; x_wconf 87' lang='lat' dir='ltr'>bonas</span> 
     </span>
     <span class='ocr_line' id='line_1_13' title="bbox 173 1183 1619 1255; baseline 0 -19"><span class='ocrx_word' id='word_1_76' title='bbox 173 1197 270 1238; x_wconf 83' lang='lat' dir='ltr'>aut</span> <span class='ocrx_word' id='word_1_77' title='bbox 298 1186 575 1255; x_wconf 79' lang='lat' dir='ltr'>antiquaS‚</span> <span class='ocrx_word' id='word_1_78' title='bbox 595 1195 659 1238; x_wconf 90' lang='lat' dir='ltr'>ut</span> <span class='ocrx_word' id='word_1_79' title='bbox 684 1183 815 1237; x_wconf 87' lang='lat' dir='ltr'>nihil</span> <span class='ocrx_word' id='word_1_80' title='bbox 843 1184 913 1237; x_wconf 88' lang='lat' dir='ltr'>de</span> <span class='ocrx_word' id='word_1_81' title='bbox 940 1184 1080 1236; x_wconf 78' lang='lat' dir='ltr'>vitiis</span> <span class='ocrx_word' id='word_1_82' title='bbox 1102 1201 1393 1255; x_wconf 87' lang='lat' dir='ltr'>operarum</span> <span class='ocrx_word' id='word_1_83' title='bbox 1417 1184 1619 1237; x_wconf 88' lang='lat' dir='ltr'>dicam.</span> 
     </span>
     <span class='ocr_line' id='line_1_14' title="bbox 173 1267 1620 1331; baseline 0.001 -10"><span class='ocrx_word' id='word_1_84' title='bbox 173 1267 434 1322; x_wconf 86' lang='lat' dir='ltr'>Ceterum</span> <span class='ocrx_word' id='word_1_85' title='bbox 477 1270 625 1322; x_wconf 87' lang='lat' dir='ltr'>fama</span> <span class='ocrx_word' id='word_1_86' title='bbox 666 1269 898 1323; x_wconf 81' lang='lat' dir='ltr'>officinae</span> <span class='ocrx_word' id='word_1_87' title='bbox 939 1269 1159 1322; x_wconf 79' lang='lat' dir='ltr'>Aldinae</span> <span class='ocrx_word' id='word_1_88' title='bbox 1201 1269 1351 1331; x_wconf 85' lang='lat' dir='ltr'>fecit,</span> <span class='ocrx_word' id='word_1_89' title='bbox 1392 1278 1457 1322; x_wconf 90' lang='lat' dir='ltr'>ut</span> <span class='ocrx_word' id='word_1_90' title='bbox 1490 1287 1620 1322; x_wconf 81' lang='lat' dir='ltr'>mox</span> 
     </span>
     <span class='ocr_line' id='line_1_15' title="bbox 171 1352 1622 1427; baseline 0.002 -22"><span class='ocrx_word' id='word_1_91' title='bbox 171 1352 301 1407; x_wconf 88' lang='lat' dir='ltr'>huic</span> <span class='ocrx_word' id='word_1_92' title='bbox 339 1354 569 1409; x_wconf 88' lang='lat' dir='ltr'>editioni</span> <span class='ocrx_word' id='word_1_93' title='bbox 607 1356 948 1427; x_wconf 83' lang='lat' dir='ltr'>principatus</span> <span class='ocrx_word' id='word_1_94' title='bbox 983 1354 1326 1418; x_wconf 83' lang='lat' dir='ltr'>tribueretur,</span> <span class='ocrx_word' id='word_1_95' title='bbox 1353 1363 1411 1408; x_wconf 89' lang='lat' dir='ltr'>et</span> <span class='ocrx_word' id='word_1_96' title='bbox 1447 1354 1622 1408; x_wconf 84' lang='lat' dir='ltr'>omni—</span> 
     </span>
     <span class='ocr_line' id='line_1_16' title="bbox 172 1438 1620 1513; baseline 0.003 -23"><span class='ocrx_word' id='word_1_97' title='bbox 172 1438 295 1502; x_wconf 83' lang='lat' dir='ltr'>bus,</span> <span class='ocrx_word' id='word_1_98' title='bbox 338 1441 438 1511; x_wconf 87' lang='lat' dir='ltr'>qui</span> <span class='ocrx_word' id='word_1_99' title='bbox 480 1441 564 1494; x_wconf 84' lang='lat' dir='ltr'>vel</span> <span class='ocrx_word' id='word_1_100' title='bbox 606 1441 858 1494; x_wconf 74' lang='lat' dir='ltr'>universa</span> <span class='ocrx_word' id='word_1_101' title='bbox 902 1459 1090 1513; x_wconf 81' lang='lat' dir='ltr'>opera,</span> <span class='ocrx_word' id='word_1_102' title='bbox 1131 1440 1217 1493; x_wconf 81' lang='lat' dir='ltr'>vel</span> <span class='ocrx_word' id='word_1_103' title='bbox 1260 1451 1473 1512; x_wconf 87' lang='lat' dir='ltr'>partem</span> <span class='ocrx_word' id='word_1_104' title='bbox 1526 1441 1620 1494; x_wconf 82' lang='lat' dir='ltr'>ali·</span> 
     </span>
     <span class='ocr_line' id='line_1_17' title="bbox 172 1526 1623 1599; baseline 0.003 -23"><span class='ocrx_word' id='word_1_105' title='bbox 172 1541 343 1594; x_wconf 88' lang='lat' dir='ltr'>quam</span> <span class='ocrx_word' id='word_1_106' title='bbox 383 1526 546 1579; x_wconf 89' lang='lat' dir='ltr'>edere</span> <span class='ocrx_word' id='word_1_107' title='bbox 573 1527 952 1599; x_wconf 85' lang='lat' dir='ltr'>castigareque</span> <span class='ocrx_word' id='word_1_108' title='bbox 991 1526 1354 1589; x_wconf 87' lang='lat' dir='ltr'>instituerent,</span> <span class='ocrx_word' id='word_1_109' title='bbox 1380 1544 1479 1598; x_wconf 89' lang='lat' dir='ltr'>pro</span> <span class='ocrx_word' id='word_1_110' title='bbox 1505 1526 1623 1580; x_wconf 85' lang='lat' dir='ltr'>basi</span> 
     </span>
     <span class='ocr_line' id='line_1_18' title="bbox 171 1611 1625 1684; baseline 0.003 -22"><span class='ocrx_word' id='word_1_111' title='bbox 171 1619 345 1663; x_wconf 85' lang='lat' dir='ltr'>esset:</span> <span class='ocrx_word' id='word_1_112' title='bbox 387 1611 538 1664; x_wconf 90' lang='lat' dir='ltr'>unde</span> <span class='ocrx_word' id='word_1_113' title='bbox 576 1613 820 1666; x_wconf 78' lang='lat' dir='ltr'>maxima</span> <span class='ocrx_word' id='word_1_114' title='bbox 847 1620 909 1665; x_wconf 91' lang='lat' dir='ltr'>ut</span> <span class='ocrx_word' id='word_1_115' title='bbox 935 1612 1131 1684; x_wconf 90' lang='lat' dir='ltr'>opinor</span> <span class='ocrx_word' id='word_1_116' title='bbox 1168 1613 1501 1684; x_wconf 81' lang='lat' dir='ltr'>negligentia</span> <span class='ocrx_word' id='word_1_117' title='bbox 1538 1632 1625 1666; x_wconf 89' lang='lat' dir='ltr'>su·</span> 
     </span>
     <span class='ocr_line' id='line_1_19' title="bbox 145 1696 1627 1770; baseline 0.003 -22"><span class='ocrx_word' id='word_1_118' title='bbox 145 1737 152 1740; x_wconf 88' lang='lat'>.</span> <span class='ocrx_word' id='word_1_119' title='bbox 174 1696 449 1765; x_wconf 80' lang='lat' dir='ltr'>periurum</span> <span class='ocrx_word' id='word_1_120' title='bbox 477 1698 874 1770; x_wconf 76' lang='lat' dir='ltr'>exemplarium</span> <span class='ocrx_word' id='word_1_121' title='bbox 907 1708 1042 1751; x_wconf 86' lang='lat' dir='ltr'>nata</span> <span class='ocrx_word' id='word_1_122' title='bbox 1066 1697 1312 1750; x_wconf 72' lang='lat' dir='ltr'>w‘detur:</span> <span class='ocrx_word' id='word_1_123' title='bbox 1354 1716 1484 1752; x_wconf 90' lang='lat' dir='ltr'>cum</span> <span class='ocrx_word' id='word_1_124' title='bbox 1511 1698 1627 1753; x_wconf 78' lang='lat' dir='ltr'>vul·</span> 
     </span>
     <span class='ocr_line' id='line_1_20' title="bbox 173 1783 1624 1854; baseline 0.003 -22"><span class='ocrx_word' id='word_1_125' title='bbox 173 1799 245 1852; x_wconf 87' lang='lat' dir='ltr'>go</span> <span class='ocrx_word' id='word_1_126' title='bbox 274 1790 551 1852; x_wconf 88' lang='lat' dir='ltr'>putarent,</span> <span class='ocrx_word' id='word_1_127' title='bbox 582 1784 854 1854; x_wconf 84' lang='lat' dir='ltr'>quicquid</span> <span class='ocrx_word' id='word_1_128' title='bbox 893 1783 950 1835; x_wconf 90' lang='lat' dir='ltr'>in</span> <span class='ocrx_word' id='word_1_129' title='bbox 988 1783 1089 1836; x_wconf 84' lang='lat' dir='ltr'>illis</span> <span class='ocrx_word' id='word_1_130' title='bbox 1116 1794 1259 1836; x_wconf 86' lang='lat' dir='ltr'>esset</span> <span class='ocrx_word' id='word_1_131' title='bbox 1287 1783 1433 1847; x_wconf 88' lang='lat' dir='ltr'>boni,</span> <span class='ocrx_word' id='word_1_132' title='bbox 1472 1784 1529 1837; x_wconf 91' lang='lat' dir='ltr'>id</span> <span class='ocrx_word' id='word_1_133' title='bbox 1567 1785 1624 1837; x_wconf 89' lang='lat' dir='ltr'>in</span> 
     </span>
     <span class='ocr_line' id='line_1_21' title="bbox 172 1864 1627 1939; baseline 0.003 -22"><span class='ocrx_word' id='word_1_134' title='bbox 172 1864 292 1918; x_wconf 84' lang='lat' dir='ltr'>haec</span> <span class='ocrx_word' id='word_1_135' title='bbox 332 1867 590 1938; x_wconf 86' lang='lat' dir='ltr'>exempla</span> <span class='ocrx_word' id='word_1_136' title='bbox 613 1886 729 1920; x_wconf 87' lang='lat' dir='ltr'>esse</span> <span class='ocrx_word' id='word_1_137' title='bbox 768 1877 1108 1939; x_wconf 87' lang='lat' dir='ltr'>congestum.</span> <span class='ocrx_word' id='word_1_138' title='bbox 1190 1867 1334 1930; x_wconf 84' lang='lat' dir='ltr'>Quae</span> <span class='ocrx_word' id='word_1_139' title='bbox 1363 1878 1422 1921; x_wconf 90' lang='lat' dir='ltr'>et</span> <span class='ocrx_word' id='word_1_140' title='bbox 1458 1887 1627 1923; x_wconf 87' lang='lat' dir='ltr'>causa</span> 
     </span>
     <span class='ocr_line' id='line_1_22' title="bbox 172 1949 1624 2021; baseline 0.003 -19"><span class='ocrx_word' id='word_1_141' title='bbox 172 1949 296 2013; x_wconf 83' lang='lat' dir='ltr'>fuit,</span> <span class='ocrx_word' id='word_1_142' title='bbox 334 1968 506 2021; x_wconf 86' lang='lat' dir='ltr'>quare</span> <span class='ocrx_word' id='word_1_143' title='bbox 543 1952 599 2004; x_wconf 89' lang='lat' dir='ltr'>in</span> <span class='ocrx_word' id='word_1_144' title='bbox 634 1952 1130 2005; x_wconf 88' lang='lat' dir='ltr'>commemorandis</span> <span class='ocrx_word' id='word_1_145' title='bbox 1174 1951 1450 2006; x_wconf 88' lang='lat' dir='ltr'>Ciceronis</span> <span class='ocrx_word' id='word_1_146' title='bbox 1491 1954 1624 2009; x_wconf 88' lang='lat' dir='ltr'>locis</span> 
     </span>
     <span class='ocr_line' id='line_1_23' title="bbox 172 2034 1626 2112; baseline 0.003 -24"><span class='ocrx_word' id='word_1_147' title='bbox 172 2034 335 2107; x_wconf 87' lang='lat' dir='ltr'>hujus</span> <span class='ocrx_word' id='word_1_148' title='bbox 374 2036 627 2090; x_wconf 87' lang='lat' dir='ltr'>editionis</span> <span class='ocrx_word' id='word_1_149' title='bbox 674 2039 902 2110; x_wconf 79' lang='lat' dir='ltr'>paginas</span> <span class='ocrx_word' id='word_1_150' title='bbox 946 2052 1322 2109; x_wconf 86' lang='lat' dir='ltr'>sequerentur,</span> <span class='ocrx_word' id='word_1_151' title='bbox 1363 2049 1425 2093; x_wconf 90' lang='lat' dir='ltr'>ut</span> <span class='ocrx_word' id='word_1_152' title='bbox 1459 2039 1626 2112; x_wconf 90' lang='lat' dir='ltr'>inpri-</span> 
     </span>
     <span class='ocr_line' id='line_1_24' title="bbox 173 2120 1627 2195; baseline 0.004 -23"><span class='ocrx_word' id='word_1_153' title='bbox 173 2120 277 2173; x_wconf 88' lang='lat' dir='ltr'>mis</span> <span class='ocrx_word' id='word_1_154' title='bbox 313 2122 481 2174; x_wconf 88' lang='lat' dir='ltr'>etiam</span> <span class='ocrx_word' id='word_1_155' title='bbox 519 2121 651 2176; x_wconf 81' lang='lat' dir='ltr'>fecit</span> <span class='ocrx_word' id='word_1_156' title='bbox 694 2122 960 2176; x_wconf 82' lang='lat' dir='ltr'>Nizolius.</span> <span class='ocrx_word' id='word_1_157' title='bbox 1041 2121 1320 2187; x_wconf 78' lang='lat' dir='ltr'>Ceterum,</span> <span class='ocrx_word' id='word_1_158' title='bbox 1367 2142 1493 2195; x_wconf 86' lang='lat' dir='ltr'>quae</span> <span class='ocrx_word' id='word_1_159' title='bbox 1535 2125 1627 2178; x_wconf 86' lang='lat' dir='ltr'>illa</span> 
     </span>
     <span class='ocr_line' id='line_1_25' title="bbox 145 2205 1626 2280; baseline 0.005 -24"><span class='ocrx_word' id='word_1_160' title='bbox 145 2252 149 2253; x_wconf 12' lang='grc' dir='ltr'><em>γ</em></span> <span class='ocrx_word' id='word_1_161' title='bbox 172 2205 345 2258; x_wconf 89' lang='lat' dir='ltr'>editio</span> <span class='ocrx_word' id='word_1_162' title='bbox 369 2206 426 2259; x_wconf 89' lang='lat' dir='ltr'>in</span> <span class='ocrx_word' id='word_1_163' title='bbox 453 2208 677 2279; x_wconf 87' lang='lat' dir='ltr'>singulis</span> <span class='ocrx_word' id='word_1_164' title='bbox 706 2209 953 2280; x_wconf 82' lang='lat' dir='ltr'>partibus</span> <span class='ocrx_word' id='word_1_165' title='bbox 982 2209 1277 2280; x_wconf 77' lang='lat' dir='ltr'>peculiaria</span> <span class='ocrx_word' id='word_1_166' title='bbox 1307 2209 1492 2274; x_wconf 85' lang='lat' dir='ltr'>habet,</span> <span class='ocrx_word' id='word_1_167' title='bbox 1518 2211 1626 2264; x_wconf 89' lang='lat' dir='ltr'>suis</span> 
     </span>
     <span class='ocr_line' id='line_1_26' title="bbox 155 2286 1626 2368; baseline 0.005 -25"><span class='ocrx_word' id='word_1_168' title='bbox 155 2290 306 2351; x_wconf 50' lang='lat' dir='ltr'>‚locis</span> <span class='ocrx_word' id='word_1_169' title='bbox 336 2291 564 2345; x_wconf 87' lang='lat' dir='ltr'>dicetur.</span> <span class='ocrx_word' id='word_1_170' title='bbox 628 2295 1038 2366; x_wconf 82' lang='lat' dir='ltr'>Argumentum</span> <span class='ocrx_word' id='word_1_171' title='bbox 1064 2295 1424 2359; x_wconf 78' lang='lat' dir='ltr'>auctoritatiS‚</span> <span class='ocrx_word' id='word_1_172' title='bbox 1453 2286 1626 2368; x_wconf 79' lang='lat' dir='ltr'>quain</span> 
     </span>
     <span class='ocr_line' id='line_1_27' title="bbox 141 2378 1630 2455; baseline 0.005 -28"><span class='ocrx_word' id='word_1_173' title='bbox 141 2423 157 2427; x_wconf 18' lang='grc' dir='ltr'>,Α</span> <span class='ocrx_word' id='word_1_174' title='bbox 174 2385 344 2434; x_wconf 85' lang='lat' dir='ltr'>nacta</span> <span class='ocrx_word' id='word_1_175' title='bbox 367 2395 484 2430; x_wconf 86' lang='lat' dir='ltr'>esse</span> <span class='ocrx_word' id='word_1_176' title='bbox 521 2378 760 2432; x_wconf 79' lang='lat' dir='ltr'>diximus</span> <span class='ocrx_word' id='word_1_177' title='bbox 800 2378 959 2451; x_wconf 84' lang='lat' dir='ltr'>hujus</span> <span class='ocrx_word' id='word_1_178' title='bbox 999 2379 1325 2433; x_wconf 83' lang='lat' dir='ltr'>recensionis</span> <span class='ocrx_word' id='word_1_179' title='bbox 1354 2382 1630 2455; x_wconf 79' lang='lat' dir='ltr'>exempla,</span> 
     </span>
     <span class='ocr_line' id='line_1_28' title="bbox 140 2461 1629 2534; baseline 0.006 -21"><span class='ocrx_word' id='word_1_180' title='bbox 140 2511 156 2514; x_wconf 79' lang='grc'>-</span> <span class='ocrx_word' id='word_1_181' title='bbox 177 2461 263 2514; x_wconf 87' lang='lat' dir='ltr'>vel</span> <span class='ocrx_word' id='word_1_182' title='bbox 310 2461 447 2514; x_wconf 85' lang='lat' dir='ltr'>illud</span> <span class='ocrx_word' id='word_1_183' title='bbox 494 2472 595 2526; x_wconf 83' lang='lat' dir='ltr'>est,</span> <span class='ocrx_word' id='word_1_184' title='bbox 648 2464 801 2534; x_wconf 87' lang='lat' dir='ltr'>quod</span> <span class='ocrx_word' id='word_1_185' title='bbox 844 2483 974 2517; x_wconf 88' lang='lat' dir='ltr'>cum</span> <span class='ocrx_word' id='word_1_186' title='bbox 1024 2463 1240 2517; x_wconf 84' lang='lat' dir='ltr'>Parisiis</span> <span class='ocrx_word' id='word_1_187' title='bbox 1287 2466 1629 2523; x_wconf 78' lang='lat' dir='ltr'>Ascensiana</span> 
     </span>
     <span class='ocr_line' id='line_1_29' title="bbox 143 2545 1626 2622; baseline 0.005 -23"><span class='ocrx_word' id='word_1_188' title='bbox 143 2603 152 2609; x_wconf 64' lang='lat'><strong><em>„</em></strong></span> <span class='ocrx_word' id='word_1_189' title='bbox 175 2545 395 2600; x_wconf 90' lang='lat' dir='ltr'>officina</span> <span class='ocrx_word' id='word_1_190' title='bbox 438 2566 489 2600; x_wconf 93' lang='lat' dir='ltr'>a.</span> <span class='ocrx_word' id='word_1_191' title='bbox 534 2555 690 2602; x_wconf 70' lang='lat'>1522.</span> <span class='ocrx_word' id='word_1_192' title='bbox 735 2568 939 2602; x_wconf 77' lang='lat' dir='ltr'>novam</span> <span class='ocrx_word' id='word_1_193' title='bbox 982 2569 1211 2622; x_wconf 86' lang='lat' dir='ltr'>operum</span> <span class='ocrx_word' id='word_1_194' title='bbox 1251 2551 1626 2607; x_wconf 75' lang='lat' dir='ltr'>universorum</span> 
     </span>
     <span class='ocr_line' id='line_1_30' title="bbox 174 2632 1623 2707; baseline 0.005 -22"><span class='ocrx_word' id='word_1_195' title='bbox 174 2632 476 2685; x_wconf 85' lang='lat' dir='ltr'>editionem</span> <span class='ocrx_word' id='word_1_196' title='bbox 520 2634 845 2698; x_wconf 86' lang='lat' dir='ltr'>institueret,</span> <span class='ocrx_word' id='word_1_197' title='bbox 893 2654 1003 2688; x_wconf 91' lang='lat' dir='ltr'>non</span> <span class='ocrx_word' id='word_1_198' title='bbox 1050 2635 1143 2688; x_wconf 84' lang='lat' dir='ltr'>illa</span> <span class='ocrx_word' id='word_1_199' title='bbox 1187 2636 1420 2707; x_wconf 89' lang='lat' dir='ltr'>priorem</span> <span class='ocrx_word' id='word_1_200' title='bbox 1466 2657 1623 2692; x_wconf 89' lang='lat' dir='ltr'>suam</span> 
     </span>
     <span class='ocr_line' id='line_1_31' title="bbox 156 2716 1625 2794; baseline 0.005 -25"><span class='ocrx_word' id='word_1_201' title='bbox 156 2718 413 2788; x_wconf 59' lang='lat' dir='ltr'>repetiit,</span> <span class='ocrx_word' id='word_1_202' title='bbox 439 2718 532 2771; x_wconf 89' lang='lat' dir='ltr'>sed</span> <span class='ocrx_word' id='word_1_203' title='bbox 564 2719 845 2791; x_wconf 78' lang='lat' dir='ltr'>Aldinam,</span> <span class='ocrx_word' id='word_1_204' title='bbox 873 2721 1094 2774; x_wconf 81' lang='lat' dir='ltr'>servatis</span> <span class='ocrx_word' id='word_1_205' title='bbox 1122 2730 1309 2774; x_wconf 90' lang='lat' dir='ltr'>tamen</span> <span class='ocrx_word' id='word_1_206' title='bbox 1341 2716 1537 2794; x_wconf 41' lang='lat' dir='ltr'>prioris*</span> <span class='ocrx_word' id='word_1_207' title='bbox 1568 2723 1625 2776; x_wconf 90' lang='lat' dir='ltr'>in</span> 
     </span>
     <span class='ocr_line' id='line_1_32' title="bbox 166 2803 1549 2879; baseline 0.005 -25"><span class='ocrx_word' id='word_1_208' title='bbox 166 2803 423 2874; x_wconf 80' lang='lat' dir='ltr'>margine</span> <span class='ocrx_word' id='word_1_209' title='bbox 450 2803 793 2868; x_wconf 83' lang='lat' dir='ltr'>lectionibus,</span> <span class='ocrx_word' id='word_1_210' title='bbox 814 2805 1161 2877; x_wconf 84' lang='lat' dir='ltr'>sequendam</span> <span class='ocrx_word' id='word_1_211' title='bbox 1187 2805 1290 2860; x_wconf 75' lang='lat' dir='ltr'>sibi</span> <span class='ocrx_word' id='word_1_212' title='bbox 1318 2809 1549 2879; x_wconf 78' lang='lat' dir='ltr'>putarit.</span> 
     </span>
    </p>
   </div>
  </div>
 </body>
</html>
