1914 3220
59 576 73 596 (-

656 107 845 155 LIBER
870 105 1109 146 PRIMUS„
1553 110 1616 146 ‘15

157 215 427 273 ‚supplicium
451 213 619 265 sumsit,
639 213 709 254 cui
733 212 866 255 frater
887 220 1015 263 esset,
1036 218 1270 266 antequam
1293 211 1462 253 tabulas
1487 220 1620 254 testa-

155 274 298 316 menti
322 273 506 330 aperuit,
529 286 630 313 cum
653 270 688 311 is
712 285 858 312 servus
881 269 1172 310 manumissus
1196 277 1457 313 testamento
1480 280 1616 312 esset:

159 332 543 381 necessitudinem,
575 337 624 370 ut
645 328 730 379 ille,
761 328 836 384 qui
859 328 913 368 ad
936 328 1052 368 diem
1074 335 1345 366 commeatus
1367 341 1454 367 non
1478 329 1613 378 venit,

159 390 280 444 quod
315 403 414 429 eum
447 402 571 442 aquae
605 385 963 427 interclusissent.
1026 383 1291 439 Deprecatio
1324 394 1405 434 est,
1439 399 1539 424 cuin
1574 395 1620 425 et

153 460 362 502 peccasse
384 459 442 496 se,
464 454 508 485 et
525 443 725 485 consulto
748 443 902 483 fecisse
923 457 1018 484 reus
1038 441 1286 492 confitetur,
1299 449 1343 481 et
1361 449 1503 482 tamen
1521 456 1621 497 pos-

153 504 284 555 tulat,
299 513 348 545 ut
369 503 434 543 sui
448 502 747 542 misereantur.
781 500 884 542 Hoc
905 500 949 542 in
966 499 1138 555 judicio
1157 498 1246 539 fere
1269 513 1356 539 non
1375 507 1521 555 potest
1536 514 1616 539 usu

160 561 331 613 venire3
360 560 514 611 9311151,
548 559 722 614 quando
758 573 836 614 pro
869 571 932 599 eo¹
955 557 1156 608 dicimus,
1190 556 1315 612 cujus
1337 556 1475 596 multa
1502 567 1621 597 recte

154 617 281 666 ‚facta
307 627 529 668 constant,
552 617 636 658 hoc
658 616 792 657 modo
815 616 859 656 in
883 615 980 658 loco
999 614 1222 656 communi
1242 628 1319 670 per
1341 614 1620 670 amplificati-

158 690 288 718 onem
319 675 592 732 injiciemus:
635 674 826 721 Quod.si
848 673 933 715 hoc
964 673 1153 723 fecisset,
1177 681 1322 712 tamen
1343 671 1384 712 ei
1406 686 1485 728 pro
1506 672 1616 727 pris-

152 734 264 776 tinis
298 733 521 774 beneficiis
564 732 733 789 ignosci
770 731 1048 773 conveniret:
1090 744 1240 785 'verum
1273 729 1384 770 nihil
1421 729 1617 785 postulat

149 790 345 847 ,ignosch
405 795 447 825 99
466 790 586 846 Ergo
616 791 660 830 in
688 790 908 845 judiciuin
941 804 1030 830 non
1064 788 1208 830 venit:
1249 796 1293 827 at
1320 787 1364 827 in
1398 796 1613 839 senatum,

153 858 235 893 ,aut
257 858 358 898 ante
381 848 688 905 imperatorem
712 856 754 888 et
777 847 819 888 in
845 847 1075 888 consilium
1099 845 1195 886 talis
1219 860 1349 886 causa
1372 854 1516 901 potest
1539 860 1611 886 ve-

153 905 266 954 nire.
329 905 397 947 Ex
426 906 707 947 translatione
737 905 932 947 criminis
960 920 1091 946 causa
1115 912 1302 955 constat,
1326 917 1426 944 cum
1456 902 1609 944 fecisse
1627 895 1695 946 15

153 978 237 1005 nos
260 978 348 1005 non
377 978 603 1020 negamus,
627 964 701 1005 sed
729 963 913 1004 aliorum
938 961 1130 1019 peccatis
1161 970 1337 1003 coactos
1366 960 1520 1003 fecisse
1545 961 1609 1002 di-
1621 969 1672 1006 ‘23

152 1021 322 1072 cimus:
372 1031 421 1063 ut
443 1022 634 1069 ‚Orestes
670 1036 769 1063 cum
810 1036 853 1062 se
889 1021 1101 1072 defendit,
1134 1019 1180 1061 in
1217 1029 1402 1061 matrem
1440 1019 1613 1061 confert

151 1080 340 1128 crimen.
404 1079 472 1121 Ex
501 1080 742 1121 remotione
769 1079 961 1120 criminis
991 1093 1122 1119 causa
1150 1086 1337 1129 constat,
1360 1092 1460 1118 cum
1487 1092 1512 1118 a
1533 1092 1613 1118 no-

152 1137 225 1179 bis
257 1153 346 1179 non
375 1139 555 1188 crimen,
577 1138 636 1168 100
651 1137 722 1178 sed
746 1137 920 1192 culpam
950 1136 1090 1193 ipsam
1119 1149 1388 1186 amovemus,
1410 1144 1454 1175 et
1476 1135 1542 1176 vel
1567 1135 1658 1178 inb.

152 1194 382 1238 hominem
412 1195 724 1246 transitu-nnus,
756 1196 825 1235 vei
852 1195 896 1235 in
926 1209 1017 1235 rem
1048 1192 1300 1249 quampiam
1330 1191 1612 1235 conferimus.

158 1251 214 1294 In
246 1253 467 1294 hominem
502 1252 782 1294 transfertur:
816 1261 865 1293 ut
895 1252 930 1293 si
961 1259 1190 1293 accusetur
1219 1251 1270 1302 is,
1297 1250 1371 1306 qui
1399 1250 1482 1291 1P.
1515 1250 1613 1292 Sul-

155 1311 322 1368 picium
341 1325 385 1351 se
403 1311 592 1351 fateatur
614 1311 841 1361 occidisse,
864 1319 908 1351 et
931 1310 973 1350 id
990 1310 1116 1365 jussu
1135 1309 1363 1350 consulum
1383 1307 1613 1362 defendat3

151 1378 203 1409 et
223 1383 296 1410 eos
318 1368 437 1410 dicat
457 1383 545 1410 non
571 1369 703 1410 modo
729 1368 978 1425 imperasse,
1003 1367 1077 1408 sed
1108 1367 1322 1408 rationem
1345 1381 1520 1422 quoque
1543 1382 1615 1408 os-

152 1426 359 1477 tendisse,
386 1441 519 1482 quare
547 1426 592 1468 id
619 1426 762 1468 facere
784 1427 948 1468 liceret.
1009 1425 1062 1466 In
1094 1440 1184 1466 rem
1214 1424 1453 1475 confertur,
1485 1434 1548 1476 ut,
1577 1425 1615 1466 si

152 1484 266 1539 quis,
297 1499 352 1526 ex
378 1488 649 1526 'testamento
683 1485 800 1540 quod
835 1484 978 1526 facere
1005 1483 1154 1540 jussus
1188 1483 1259 1535 sit,
1289 1498 1344 1524 ex
1380 1482 1614 1539 plebiscito

153 1551 340 1583 vetetur.
404 1545 424 1574 2
445 1542 514 1584 Ex
553 1542 882 1599 comparatione
913 1558 1044 1584 causa
1072 1550 1260 1593 constat,
1291 1556 1393 1582 eum
1425 1540 1612 1582 dicimus

149 1613 328 1641 necesse
352 1599 484 1641 fuisse
514 1601 771 1642 aiterutrum
794 1601 952 1652 facere,
975 1609 1019 1642 et
1041 1600 1100 1652 id,
1123 1600 1241 1655 quod
1272 1597 1520 1649 fecerimus,
1544 1614 1612 1640 sa-

149 1657 239 1708 ,tius
263 1657 397 1700 fuisse
426 1658 581 1700 femere.
644 1658 709 1700 Ea
735 1674 865 1700 causa
895 1658 1148 1715 hujusmodi
1171 1667 1261 1699 est:
1296 1657 1349 1698 C.
1383 1656 1612 1714 Popillius,

151 1730 250 1763 cuin
275 1732 300 1757 a
323 1716 460 1758 Gallis
488 1717 775 1768 obsideretur,
796 1731 937 1773 neque
959 1716 1153 1772 effugere
1179 1715 1267 1757 11110
1294 1715 1427 1756 modo
1450 1724 1612 1771 posset,

150 1773 273 1819 venit
295 1789 394 1815 cum
421 1774 615 1816 hostium
638 1775 823 1816 ducibus
846 1775 891 1816 in
914 1774 1280 1825 collocutionem3
1312 1773 1374 1814 ita
1395 1773 1611 1825 discessit,

149 1833 171 1870 ‚⁹³
196 1840 257 1883 ut,
280 1831 315 1872 si
338 1832 652 1889 impedimenta
680 1832 958 1890 relinqueret,
980 1832 1225 1875 exercitum
1244 1831 1463 1874 educeret.
1530 1831 1610 1873 Sa-

148 1982 228 2015 'ante
236 1988 335 2019 quam
349 1982 590 2010 testamentum
605 1980 794 2020 aperuisset.
819 1979 858 2012 ld

147 2031 226 2051 cum
239 2028 353 2062 postea
364 2023 490 2053 factum
503 2029 600 2059 esset,
614 2028 779 2063 repertun]
793 2030 857 2061 est,

147 2062 243 2094 illum
268 2074 399 2095 servum
411 2069 614 2095 testamento
630 2065 770 2096 liberum
791 2067 857 2097 fac-

146 2104 240 2145 tnm3
257 2107 429 2147 fueratque
444 2107 524 2138 adeo
536 2108 619 2138 liber
634 2108 748 2139 statim
768 2119 855 2139 mor-

145 2152 182 2179 te
190 2149 328 2180 domini.
347 2150 459 2190 ltaque
469 2151 631 2181 serviliter
639 2152 775 2182 tractari
787 2162 855 2182 non

145 2190 314 2223 debuerat.
332 2193 405 2223 Hoc
419 2195 553 2224 nomine
563 2193 602 2224 lis
614 2194 802 2225 intenditur
810 2196 853 2232 ei,

143 2244 164 2266 a
178 2245 243 2274 quo
257 2236 383 2266 occisus
398 2243 468 2266 erat
479 2247 537 2277 pro
547 2237 854 2268 servm—Ceterum

143 2276 235 2309 loeus
244 2284 295 2308 est
309 2278 482 2309 difficilior.
502 2280 602 2317 Puto,
616 2280 669 2310 eui
673 2278 794 2319 frater
807 2291 855 2311 es-

142 2324 203 2357 set,
223 2320 511 2362 transponendum
533 2331 614 2360 esse,
637 2326 714 2364 post
735 2324 855 2355 occide-

141 2367 210 2394 rat.

184 2409 225 2440 98
243 2405 334 2443 Nisi,
348 2407 478 2446 quando
493 2408 566 2448 &c.]
593 2408 660 2439 Hic
673 2408 765 2439 locus
779 2408 856 2439 viti-

142 2457 200 2479 osa
219 2449 490 2490 interpunctione
509 2451 668 2482 obscurus
686 2456 771 2488 erat,
792 2453 856 2482 nisi

128 2491 532 2534 'quando—injiciemus.
577 2494 652 2525 Hoc·
679 2495 770 2525 modo
794 2495 852 2525 816.

141 2534 277 2573 quidam
291 2535 372 2565 Mss.
388 2536 426 2566 it.
442 2536 514 2567 edd.
532 2536 779 2578 interpungunt
791 2538 853 2568 eti-

142 2586 197 2607 am
212 2577 277 2608 sie:
302 2580 360 2608 hoc
373 2579 476 2610 modo.
515 2579 558 2610 In
574 2581 595 2609 l.
612 2590 638 2610 e.
656 2580 753 2611 male.

184 2623 226 2654 99
237 2619 347 2660 *Ergo
359 2622 395 2651 in
401 2620 494 2663 Jud]
516 2622 598 2653 Haee
610 2623 682 2662 jam
697 2632 764 2653 non
778 2633 852 2663 per-

140 2661 254 2693 tinent
270 2663 312 2694 ad
325 2663 612 2704 deprecationem;
628 2665 684 2696 sed
704 2666 852 2696 referun-

140 2709 200 2734 tur
217 2705 257 2736 ad
276 2707 466 2746 superiora:
501 2709 560 2738 hoe
584 2709 620 2738 in
633 2707 762 2749 judicio
771 2707 853 2748 sere

141 2748 202 2778 ἃς.
219 2747 297 2778 Mox
311 2750 470 2789 conjunxi
485 2755 562 2781 (mete
576 2751 807 2791 imperatorem
820 2756 854 2782 et

137 2790 175 2819 in
190 2792 372 2828 consilium,
389 2803 461 2831 quae
480 2793 514 2823 in
534 2794 678 2833 vulgatis
694 2794 794 2832 male,
811 2800 851 2825 ut

138 2831 278 2870 diversa,
297 2833 561 2875 distinguuntur.
605 2836 694 2867 Nam
716 2837 851 2867 deberet

138 2881 298 2925 esse‚‚aut
310 2877 346 2908 in
358 2887 442 2910 cons.
456 2878 720 2920 Intenigendum
733 2880 849 2921 estju-

902 1980 1026 2012 dicium
1051 1979 1259 2021 imperatoris
1292 1988 1368 2011 cum
1395 1979 1546 2018 consilio,
1573 1985 1613 2012 ut

902 2029 991 2054 recte
1010 2024 1138 2063 accepit
1157 2023 1317 2053 Graevius.
1337 2023 1402 2053 Res
1421 2023 1511 2053 clara
1525 2027 1575 2054 est
1593 2035 1612 2056 e

901 2066 941 2096 L.
958 2067 1005 2104 11,
1022 2069 1112 2100 c.17.
1160 2066 1207 2096 Et
1221 2066 1267 2097 sie
1282 2066 1388 2107 reperi
1400 2067 1436 2097 in
1451 2065 1501 2096 ed.
1518 2069 1611 2101 1474.

900 2109 990 2140 Med.

946 2155 1006 2183 100
1030 2151 1097 2183 Sed
1113 2153 1246 2191 culpam
1265 2152 1370 2191 ipsam
1394 2151 1608 2194 amovemus]

899 2194 1086 2226 Pronomen
1111 2196 1214 2234 ipsam
1235 2195 1413 2224 insititium
1430 2204 1498 2225 esse
1518 2201 1611 2235 puto.

897 2238 931 2268 Si
943 2244 1042 2275 esset,
1056 2248 1118 2268 non
1131 2239 1254 2268 crimen
1266 2238 1386 2278 ipsum,
1399 2238 1456 2268 sed
1467 2240 1612 2278 eulpam.-

897 2281 1082 2322 probarem.

945 2327 957 2354 1
985 2324 1030 2354 P.
1048 2323 1260 2364 Sulpicium]
1278 2334 1309 2354 v.
1325 2323 1382 2354 Or.
1398 2324 1467 2362 111,-
1481 2326 1511 2354 3.

943 2368 962 2398 2
985 2367 1045 2398 Ex
1067 2369 1310 2406 comparatione
1325 2377 1427 2397 cansa
1454 2367 1610 2407 constat]

899 2409 1017 2440 Delevi
1032 2419 1109 2440 cum
1127 2409 1258 2439 Graevio
1278 2411 1426 2440 criminis
1437 2416 1511 2451 post
1526 2420 1612 2440 eom„

893 2454 1082 2492 paratione.
1102 2452 1205 2482 Abest
1230 2453 1320 2482 enim
1341 2463 1359 2482 a
1375 2453 1456 2483 Mss.
1474 2453 1609 2490 nostris,

900 2495 983 2526 Pau.
1007 2500 1042 2526 et
1067 2495 1221 2525 omnibus
1241 2495 1329 2536 apud
1350 2495 1501 2527 Ouz'aend.
1525 2497 1608 2527 item

896 2538 968 2569 edd.
989 2540 1080 2572 1474.
1098 2537 1186 2567 Med.
1201 2538 1298 2567 Junt.
1313 2544 1348 2568 et
1364 2539 1446 2569 aliis.

939 2583 958 2611 3
989 2580 1045 2619 Ut,
1067 2582 1095 2611 si
1115 2581 1249 2620 impeti]
1279 2581 1332 2611 Sic
1361 2581 1466 2612 voluit
1492 2582 1543 2613 edi
1569 2582 1605 2613 J.

896 2622 1083 2654 Gronovius
1096 2634 1112 2654 e
1122 2623 1159 2653 M
1162 2632 1187 2653 S.
1200 2623 1320 2654 M'edie.
1328 2646 1338 2661 ,
1350 2624 1406 2654 sed
1416 2634 1525 2666 opera·
1535 2635 1606 2656 non

895 2670 1091 2706 paruerunt.
1137 2665 1189 2696 Sic
1203 2671 1239 2696 et
1252 2666 1316 2696 Ms.
1333 2666 1425 2697 Leid.
1447 2678 1499 2708 ap.
1515 2668 1603 2698 Oud.

896 2710 951 2740 lta
975 2709 1119 2740 ultima:
1161 2709 1341 2739 ewercitmn
1370 2710 1496 2746 edaoeit,
1522 2712 1603 2750 imp.

895 2754 955 2782 rel.
983 2762 1051 2783 non
1070 2753 1205 2793 sapiunt
1226 2751 1382 2790 glossam,
1402 2757 1442 2783 ut
1456 2754 1602 2783 Grutero

894 2794 1079 2826 videbatur.
1123 2795 1212 2825 Ante
1236 2804 1296 2835 pro
1311 2797 1551 2829 collocutionem
1566 2797 1603 2828 in

893 2837 957 2870 Ms.
973 2838 1064 2869 curt.
1080 2838 1147 2870 suit
1159 2837 1368 2880 colloquium.
