1945 3235
286 184 363 222 ²46
808 187 888 226 DE
915 189 1201 228 ORATORE

287 300 524 342 possemus,
543 297 586 331 et
619 305 706 333 rem
736 302 900 348 gestam
924 309 1155 350 exponere,
1186 302 1228 335 et
1259 293 1316 344 id,
1347 291 1461 348 quod
1486 290 1726 334 intendere-

286 358 397 395 muS,
427 346 694 399 confirmare,
725 359 768 390 et
798 351 855 401 id,
886 353 998 406 quod
1023 362 1173 393 contra
1193 351 1419 401 diceretur,
1451 349 1653 401 refellere,
1683 358 1728 391 et

289 401 342 442 ad
364 412 604 445 extremum
627 406 845 462 deprecari
876 409 1051 465 aliquid,
1082 419 1125 451 et
1157 408 1388 464 conqueri;
1419 407 1575 462 quibus
1597 407 1640 447 in
1664 421 1729 448 re·

291 457 371 499 bus
402 462 542 502 omnis
572 474 789 504 oratorum
825 478 1057 507 versaretur
1091 466 1294 508 facultas:
1328 474 1369 506 et
1399 464 1514 519 quod
1547 477 1729 506 consue-

290 516 411 568 tudo,
442 520 782 575 exercitatioque
814 531 856 562 et
890 523 1155 578 intelligendi
1185 522 1452 579 prudentiam
1477 530 1662 571 acueret,
1684 528 1729 562 et

290 572 516 629 eloquendi
540 577 800 618 celeritatem
822 578 1047 622 incitaret:
1079 592 1170 621 tum
1192 581 1319 621 etiam
1339 579 1635 635 exemplorum
1655 591 1729 618 co-

227 641 274 675 91
291 631 361 686 pia
384 632 615 674 nitebatur.
679 635 789 675 Nam
816 637 1015 690 primum,
1037 638 1157 693 quasi
1180 638 1325 678 dedita
1347 651 1490 692 opera,
1513 635 1730 676 neminem

289 689 542 744 scriptorem
565 691 666 731 artis
691 706 742 732 ne
767 694 1039 735 mediocriter
1071 695 1242 750 quidem
1270 695 1474 735 disertum
1506 693 1636 734 fuisse
1663 692 1729 733 di-

287 746 427 796 cebat,
458 762 555 788 cum
579 759 789 804 repeteret
815 765 944 805 usque
967 767 991 792 a
1016 750 1196 802 Corace,
1227 752 1372 793 nescio
1397 767 1498 807 quo,
1530 761 1573 791 et
1595 749 1727 801 Tisia,

286 817 393 857 qnos
427 805 529 844 artis
562 804 674 846 illius
711 807 955 849 inventores
990 818 1032 849 et
1071 809 1285 865 principes
1322 809 1453 850 fuisse
1485 815 1731 850 constaret:

285 859 658 915 eloquentissimos
680 874 822 904 autem
849 865 1057 916 homines,
1076 867 1148 921 qui
1173 867 1255 907 ista
1272 881 1351 908 nec
1370 866 1730 915 didicissent,nec

285 918 464 959 omnino
487 922 527 952 7⁴
541 920 648 960 scire
681 931 915 972 curassent,
937 923 1268 964 innumerabiles
1293 924 1499 979 quosdam
1533 922 1731 965 nomina-

286 974 385 1016 bat:
419 975 462 1016 in
485 977 641 1031 quibus
664 978 809 1028 etiam,
833 979 941 1031 (sive
964 980 1032 1020 ille
1055 981 1248 1032 irridens,
1271 981 1362 1021 sive
1384 980 1498 1035 quod
1523 981 1583 1021 ita
1605 988 1730 1036 puta-

286 1042 364 1080 ret,
397 1043 525 1088 atque
548 1034 608 1074 ita
627 1035 849 1086 audisset,)
881 1051 948 1077 me
967 1037 1010 1078 in
1034 1037 1105 1079 illo
1137 1052 1330 1087 numero,
1362 1038 1434 1092 qui
1464 1036 1535 1078 illa
1555 1051 1642 1078 non
1664 1036 1729 1077 di-

285 1088 501 1140 dicissem,
532 1101 575 1131 et
598 1100 741 1134 tamen
772 1097 838 1146 (ut
861 1094 952 1150 ipse
981 1095 1173 1144 dicebat)
1203 1109 1371 1151 possem
1405 1094 1565 1149 aliquid
1599 1093 1643 1134 in
1665 1093 1731 1135 di-

286 1146 439 1209 cendo,
462 1147 722 1204 proferebat.
785 1151 982 1198 Quorum
1014 1152 1072 1193 illi
1096 1152 1274 1193 alterum
1309 1151 1434 1192 facile
1455 1151 1733 1203 assentiebar,

287 1203 397 1244 nihil
430 1219 497 1246 me
530 1205 752 1260 didicisse3
795 1209 837 1249 in
871 1208 1004 1250 altero
1043 1220 1185 1251 autem
1217 1224 1284 1250 me
1317 1209 1437 1250 illudi
1471 1210 1525 1249 ab
1558 1223 1624 1260 eo,
1657 1216 1733 1250 aut

227 1266 276 1302 92
289 1260 417 1302 etiam
450 1262 590 1318 ipsum
623 1278 761 1307 errare
793 1267 1046 1308 arbitrabar.
1107 1268 1256 1308 Artem
1294 1281 1393 1308 vero
1423 1267 1610 1322 negabat
1641 1279 1734 1307 esse

290 1317 433 1370 ullam,
464 1321 545 1361 nisi
569 1336 666 1376 quae
690 1322 892 1378 cognitis,
915 1325 1171 1380 penitusque
1195 1324 1443 1380 perspectis,
1466 1333 1509 1364 et
1530 1323 1574 1364 in
1597 1337 1732 1364 unum

287 1376 454 1417 exitum
484 1379 794 1434 spectantibus,
826 1391 868 1422 et
899 1396 1130 1437 numquam
1159 1382 1406 1422 fallentibus
1436 1382 1562 1422 rebus
1591 1380 1734 1422 conti-

285 1443 472 1476 neretur.
537 1435 646 1477 Haec
668 1446 810 1478 autem
842 1440 1001 1490 omnia,
1033 1455 1129 1496 quae
1155 1448 1440 1480 tractarentur
1465 1439 1519 1480 ab
1547 1438 1730 1480 oratori-

287 1490 381 1541 bus,
404 1491 536 1533 dubia
557 1507 647 1534 esse
669 1504 713 1535 et
734 1495 921 1538 incerta:
954 1512 1053 1538 cum
1081 1507 1123 1537 et
1148 1497 1392 1539 dicerentur
1415 1497 1469 1538 ab
1499 1496 1565 1547 iis,
1588 1496 1661 1551 qui
1683 1510 1735 1537 ea

287 1548 433 1595 onmia
474 1564 560 1590 non
603 1551 729 1606 plane
774 1562 980 1604 tenerent,
1019 1563 1062 1595 et
1099 1554 1348 1595 audirentur
1389 1554 1443 1594 ab
1479 1553 1542 1604 iis,
1574 1553 1733 1610 quibus

287 1618 374 1645 non
397 1606 577 1647 scientia
599 1619 710 1649 esset
741 1611 960 1661 tradenda,
996 1612 1068 1652 sed
1098 1611 1247 1667 exigui
1281 1610 1486 1666 temporis
1508 1619 1582 1651 aut
1611 1609 1732 1661 falsa,

227 1672 277 1707 93
291 1672 365 1703 aut
387 1675 502 1704 certe
523 1665 707 1707 obscura
728 1668 891 1723 opinio.
955 1668 1072 1715 Quid
1096 1669 1258 1710 multa?
1290 1669 1351 1709 sic
1381 1667 1489 1708 mihi
1524 1679 1615 1708 tum
1639 1676 1734 1724 p'er-

290 1720 467 1761 suadere
492 1721 730 1774 videbatur,
761 1740 900 1781 neque
922 1726 1153 1767 artificium
1179 1726 1310 1766 ullum
1340 1739 1430 1766 esse
1451 1725 1637 1776 dicendi,
1661 1739 1734 1765 ne-

288 1791 372 1832 que
394 1792 654 1834 quemquam
678 1796 816 1836 posse,
850 1783 946 1833 nisi,
978 1784 1050 1838 qui
1075 1783 1159 1834 illa,
1191 1798 1288 1838 quae
1319 1798 1344 1823 a
1367 1782 1629 1823 doctissimis
1656 1781 1734 1823 hoss

287 1834 479 1876 minibus
515 1836 559 1877 in
596 1838 870 1896 philosophia
910 1841 1168 1891 dicerentur,
1200 1849 1445 1896 cognosset,
1477 1849 1552 1881 aut
1583 1839 1736 1881 callide

289 1900 364 1955 aut
385 1893 561 1948 copiose
581 1895 737 1936 dicere.
798 1900 838 1930 75
858 1897 904 1939 [n
924 1898 1080 1953 quibus
1103 1898 1245 1939 dicere
1269 1897 1534 1943 Charmadas
1554 1897 1733 1949 solebat,

291 1950 515 2005 ingenium
536 1960 674 2004 tuum,
707 1953 872 2004 Crasse,
906 1956 1180 1996 vehementer
1197 1955 1428 2006 admirans,
1446 1968 1515 1994 me
1537 1954 1618 1995 sibi
1642 1969 1736 2010 per-

294 2006 463 2048 facilem
485 2009 528 2049 in
551 2010 781 2061 audiendo,
816 2021 854 2053 te
877 2027 1194 2068 perpugnacem
1214 2013 1259 2053 in
1281 2012 1541 2068 disputando
1563 2026 1654 2052 esse
1675 2012 1737 2053 vi-

209 2067 277 2120 21
295 2078 404 2104 sum.
465 2065 710 2122 76Tumque
742 2083 839 2123 ego,
871 2069 951 2111 hac
980 2070 1128 2110 eadem
1156 2070 1362 2126 opinione
1389 2069 1615 2119 adductus,
1634 2068 1738 2110 scri-

231 2140 281 2181 94
297 2121 359 2176 psi
395 2122 525 2162 etiam
562 2124 665 2171 illud
698 2126 884 2180 quodam
918 2127 963 2167 in
997 2127 1154 2178 libello,
1185 2128 1259 2181 qui
1291 2141 1357 2167 me
1390 2126 1660 2182 imprudente
1693 2135 1737 2166 et

293 2178 432 2219 invito
454 2180 633 2231 excidit,
665 2192 707 2222 et
729 2184 924 2238 pervenit
956 2183 1000 2224 in
1029 2198 1177 2226 manus
1203 2184 1441 2233 hominum,
1463 2183 1645 2224 disertos
1666 2198 1736 2224 me

293 2250 504 2291 cognosse
526 2238 768 2290 nonnullos,
785 2240 1056 2296 eloquentem
1075 2242 1214 2282 adbuc
1234 2241 1448 2281 neminem
1466 2257 1476 2282 2
1507 2241 1622 2296 quod
1636 2253 1736 2281 eum

294 2294 535 2342 statuebam
559 2295 780 2348 disertum,
812 2298 885 2352 qui
916 2309 1059 2353 posset
1088 2299 1188 2339 satis
1220 2308 1358 2346 acute,
1382 2308 1511 2353 atque
1533 2297 1734 2349 dilucide,

292 2351 405 2405 apud
437 2352 672 2394 mediocres
710 2355 924 2406 homines,
957 2370 1010 2396 ex
1046 2356 1265 2396 communi
1300 2355 1484 2410 quadam
1515 2355 1735 2410 opinione,

292 2407 461 2449 dicere:
493 2409 765 2467 eloquentem
791 2427 904 2464 vero,
936 2413 1009 2468 qui
1043 2413 1282 2454 mirabilius
1311 2423 1355 2455 et
1389 2412 1736 2468 magnificentius

335 2540 376 2571 74
401 2538 492 2577 Scire
515 2541 710 2582 curassem]
757 2542 865 2583 Vulgo
889 2544 992 2580 scisse,

293 2589 331 2609 ex
361 2580 497 2611 Aldina:
522 2584 703 2621 superiores
730 2595 856 2620 omnes,
893 2587 993 2616 etiam

292 2621 383 2662 Lips.
397 2624 492 2653 seire.
540 2624 625 2654 Bene
639 2636 716 2664 ergo
732 2627 877 2658 restituit
899 2628 994 2658 Peru·-

293 2665 384 2694 cius:
409 2665 464 2695 sed
479 2665 563 2696 male
574 2671 723 2705 putasset
744 2669 831 2700 dedit
855 2680 914 2710 pro
929 2681 992 2710 1²²⁴ss

294 2711 400 2737 taret:
426 2708 564 2737 refertur
579 2709 664 2739 enim
690 2711 728 2740 ad
753 2711 832 2742 illud
848 2718 991 2753 tempus,

294 2759 358 2787 quo
376 2749 437 2782 ista
461 2749 552 2779 dixit.
600 2751 675 2780 Mm
698 2753 732 2782 in
755 2755 857 2784 verlzis
881 2756 914 2785 ιἰι
938 2756 993 2786 illo

294 2801 442 2828 numero,
463 2799 512 2822 est
527 2794 722 2832 ταυταλογξα.
740 2805 815 2826 nam
833 2797 914 2827 idem
931 2804 993 2835 est,

294 2834 329 2865 in
345 2834 457 2872 quibus
475 2835 574 2864 eliam
588 2849 594 2863 :
620 2838 674 2866 sed
688 2842 761 2878 post
782 2840 994 2878 parenthesin

1035 2547 1086 2574 est
1100 2544 1268 2584 perspicua
1281 2542 1390 2574 lectio.
1436 2541 1475 2571 In
1490 2541 1642 2579 vulgata:
1667 2541 1738 2580 qui-

1038 2587 1094 2616 bus
1109 2587 1140 2616 d.
1154 2597 1178 2616 s.
1193 2586 1316 2616 frustra
1336 2584 1531 2623 conjecturis
1552 2583 1736 2622 fatigarunt

1036 2637 1070 2658 se
1095 2629 1227 2666 ingenia
1251 2628 1435 2662 doctorum,
1464 2630 1500 2655 ut
1523 2625 1641 2656 Laiub.
1665 2625 1735 2664 ῌοέ

1036 2675 1122 2701 tom.
1139 2670 1274 2701 Pearcii:
1299 2669 1451 2699 vitiosum
1468 2667 1597 2706 quidem
1620 2677 1688 2698 esse
1702 2671 1739 2698 et

1037 2714 1105 2742 sine
1119 2722 1228 2748 sensu,
1252 2712 1286 2741 in
1309 2721 1347 2740 eo
1369 2719 1572 2740 consensere.
1615 2710 1664 2740 Ab
1684 2709 1736 2740 ed.

1036 2754 1088 2785 w.
1106 2755 1202 2794 plane
1217 2754 1308 2784 abest
1321 2754 1435 2793 quibus
1448 2754 1570 2785 dicere,⁸
1595 2761 1737 2790 moxque

1038 2806 1151 2869 Κὲῃῐιεέ
1175 2796 1248 2826 edd.
1272 2806 1321 2836 pr.
1346 2795 1470 2826 habent
1493 2795 1670 2830 admirari,
1696 2798 1737 2824 ut

1077 2849 1103 2869 s.
1158 2863 1163 2869 .
1274 2842 1279 2848 ‘

296 2875 377 2905 nihil
394 2875 463 2905 vitii
480 2876 590 2907 habet.

337 2920 377 2950 75
405 2918 443 2948 [η
455 2919 569 2958 quibus
583 2920 688 2951 dicere
707 2921 761 2951 671.
777 2922 922 2962 solebat]
943 2924 994 2953 Sic

295 2959 380 2997 edidi
392 2970 430 2991 ex
444 2960 494 2991 ed.
512 2971 538 2993 s.
556 2962 578 2994 l.
595 2969 629 2994 et
645 2974 673 2994 a.
687 2963 777 2996 Med.
791 2974 864 3005 quae
879 2965 994 3005 cuique

1080 2881 1121 2915 76
1146 2880 1320 2920 Tumque]
1336 2889 1395 2919 que
1410 2879 1500 2909 abest
1515 2877 1586 2909 edd.
1605 2888 1654 2918 pr.
1670 2878 1737 2910 Ms.

1038 2923 1077 2954 E.
1094 2924 1229 2963 Itaque‚·
1254 2923 1309 2952 sed
1334 2922 1366 2952 id
1391 2926 1442 2953 est
1467 2922 1502 2952 in
1524 2921 1648 2952 verbis:
1671 2922 1735 2959 Ιιᾳσ

1038 2967 1182 3007 opinione
1196 2966 1368 2997 adductus.
