1945 3235
408 192 486 231 630
794 192 876 231 DE
910 187 1143 232 OPTIMO
1179 190 1429 233 GENERE

350 301 396 335 12
410 309 508 337 cum
546 294 689 354 aliqua
725 295 911 339 sollertia
941 298 1190 353 judicandi:
1229 299 1292 340 sin
1328 305 1471 340 autem
1509 298 1839 358 intelligentiam

409 365 575 409 ponunt
601 354 643 394 in
667 355 864 396 audiendi
892 355 1081 408 fastidio,
1103 369 1241 411 neque
1264 369 1335 397 eos
1365 356 1596 413 quidquam
1620 359 1838 404 excelsum

406 411 774 468 magnificumque
797 412 1006 465 delectat;
1038 415 1198 464 dicant,
1222 428 1264 454 se
1295 413 1451 454 subtile
1471 414 1674 469 quiddam
1697 425 1740 458 et
1763 431 1840 473 po-

406 466 530 508 litum
567 468 686 520 velle,
716 485 845 526 grave
876 480 1161 526 ornatumque
1191 480 1490 512 contemnere:
1523 471 1565 513 id
1597 486 1697 514 vero
1727 474 1840 516 desi·

406 535 511 565 nant
534 526 688 577 dicere,
716 530 747 557 ¹¹
764 529 836 583 qui
858 527 1070 568 subtiliter
1093 528 1252 578 dicant,
1274 542 1347 568 eos
1378 528 1489 569 solos
1512 527 1658 570 Attice
1681 530 1839 584 dicere,

407 581 450 622 id
473 592 552 634 est,
578 583 747 639 ¹9qunsi
772 583 884 625 sicce
905 593 948 625 et
970 585 1150 641 integre.
1169 595 1212 626 at
1232 585 1385 641 ample,
1409 594 1451 626 et
1472 596 1635 637 ornate,
1657 596 1700 628 et
1718 588 1839 645 copi-

406 653 494 691 ose,
516 655 614 681 cum
645 641 791 682 eadem
820 641 1082 697 integritate,
1113 640 1357 683 Atticorum
1385 652 1462 683 est.
1495 643 1627 698 quid?
1657 644 1838 688 dubium

405 706 484 747 est,
503 708 644 737 utrum
669 699 907 739 orationem
930 710 1119 740 nostram
1144 699 1406 740 tolerabilem
1432 709 1614 751 tantum,
1630 716 1682 743 an
1705 702 1838 745 etiam

404 753 699 795 admirabilem
723 769 813 796 esse
834 757 1081 812 cupiamus?
1115 771 1198 797 non
1219 756 1440 811 enimjam
1464 758 1710 813 quaeiimus,
1731 760 1836 815 quid

342 812 459 858 13sit
482 811 642 862 Attice,
666 813 736 853 sed
763 813 865 869 quid
889 815 944 854 sit
965 815 1128 870 optime
1150 814 1305 855 dicere.
1370 813 1433 854 Ex
1457 829 1542 869 quo
1565 815 1835 873 intelligitur,

402 869 606 922 quoniam
639 869 893 911 Graecorum
927 882 1142 912 orat-orum
1178 871 1518 928 praestantissimi
1551 880 1651 914 sunt
1679 873 1725 925 ii,
1762 875 1836 930 qui

402 925 576 967 fuerunt
604 926 813 978 Athenis3
844 942 991 969 eorum
1023 939 1165 970 autem
1198 929 1394 985 princeps
1422 927 1546 969 facile
1577 928 1837 972 Demosthe-

399 997 499 1024 nes:
533 983 647 1025 hunc
670 984 702 1024 si
729 986 824 1040 quis
845 986 1052 1037 imitetur,
1074 1001 1171 1027 euin
1199 996 1241 1027 et
1269 986 1414 1026 Attice
1438 985 1669 1038 dicturum,
1691 994 1736 1028 et
1756 1000 1836 1045 op·-

400 1040 529 1082 time:
570 1051 631 1092 ut,
658 1043 860 1097 quoniam
895 1043 1029 1084 Attici
1058 1044 1181 1084 nobis
1209 1043 1416 1100 propositi
1444 1054 1543 1084 sunt
1575 1043 1627 1086 ad
1661 1044 1836 1088 imitan-

399 1097 517 1148 dum,
545 1098 654 1139 bene
676 1100 830 1152 dicere,
855 1101 895 1141 id
919 1101 975 1142 sit
994 1100 1139 1142 Attice
1161 1101 1317 1142 dicere.

353 1158 387 1208 5
458 1154 539 1196 Sed
563 1170 662 1196 cuin
687 1156 728 1197 in
753 1171 803 1198 eo
826 1172 1007 1214 magnus
1030 1173 1144 1199 error
1166 1168 1291 1208 esset,
1310 1157 1434 1213 quale
1461 1164 1574 1198 esset
1596 1156 1638 1199 id
1660 1157 1832 1202 dicendi

399 1226 559 1267 genus:
593 1215 739 1269 putavi
772 1215 878 1256 mihi
911 1216 1229 1272 suscipiendum
1262 1216 1466 1265 laborem,
1493 1214 1642 1256 utilem
1669 1216 1835 1258 studio-

337 1284 385 1320 14
400 1270 469 1320 sis,
493 1270 598 1311 mihi
621 1272 795 1326 quidem
818 1273 899 1328 ipsi
929 1287 1016 1314 non
1039 1272 1338 1314 necessarium.
1400 1272 1606 1313 Converti
1639 1273 1754 1314 enirn
1776 1281 1833 1316 ex

396 1325 556 1368 Atticis
591 1327 772 1370 duorum
812 1330 1259 1385 eloquentissimorum
1299 1329 1586 1370 nobilissimas
1617 1330 1833 1373 oratione!

395 1383 508 1424 inter
527 1399 569 1426 se
592 1387 842 1437 contrariam,
865 1387 1085 1428 AEschinis
1110 1387 1520 1442 Demosthenisque:
1553 1400 1633 1428 nec
1653 1395 1833 1430 eonver-

396 1440 443 1491 ti,
463 1451 511 1482 ut
543 1443 765 1499 interpres,
799 1445 868 1485 sed
895 1453 940 1485 ut
975 1454 1132 1493 orator,
1156 1445 1379 1486 sententiis
1414 1444 1579 1496 iisdem,
1607 1452 1651 1485 et
1683 1452 1830 1488 earum

393 1496 558 1550 formis,
588 1509 806 1555 tamquam
841 1501 1004 1558 figuris,
1028 1502 1167 1543 verbis
1190 1503 1241 1542 ad
1266 1511 1452 1542 nostram
1473 1502 1831 1544 consuetudinem

392 1556 526 1611 aptis:
552 1557 592 1596 in
610 1557 765 1611 quibus
785 1573 870 1598 non
892 1559 1068 1599 verbum
1090 1573 1165 1614 pro
1185 1559 1314 1600 verbo
1337 1566 1508 1599 necesse
1526 1558 1658 1601 habui
1680 1560 1832 1602 redde-

391 1626 450 1662 re,
465 1613 534 1653 sed
551 1628 684 1669 genus
699 1616 889 1656 omnium
910 1617 1136 1656 verborum
1157 1616 1328 1671 vimque
1347 1615 1525 1656 servavi.
1546 1624 1632 1657 non
1649 1616 1764 1658 enim
1779 1631 1831 1659 ea

392 1682 461 1710 me
480 1675 760 1712 annumerare
779 1672 926 1713 lectori
943 1673 1089 1729 putavi
1110 1684 1323 1728 oportere,
1342 1672 1413 1713 sed
1431 1676 1654 1728 tamquam'
1668 1682 1831 1730 appen-

333 1740 380 1774 15
393 1726 506 1768 dere.
568 1728 656 1770 Hic
681 1729 801 1770 labor
831 1745 949 1771 meus
982 1731 1062 1771 hoc
1094 1739 1355 1786 assequetur,
1380 1738 1429 1770 ut
1449 1730 1583 1771 nostri
1615 1731 1826 1784 homines,

392 1785 495 1839 quid
518 1786 572 1826 ab
594 1786 675 1826 illis
694 1787 888 1844 exigant,
907 1788 979 1843 qui
1009 1802 1052 1828 se
1074 1788 1244 1828 Atticos
1278 1788 1442 1838 volunt,
1464 1794 1507 1828 et
1528 1787 1581 1828 ad
1602 1798 1731 1843 quam
1752 1790 1827 1831 eos

389 1842 510 1897 quasi
536 1842 762 1885 formulam
795 1845 964 1886 dicendi
989 1854 1205 1895 revocent,
1228 1844 1485 1901 intelligant.
1546 1844 1628 1886 Sed
1659 1847 1828 1888 exorie-

388 1907 458 1940 tur
479 1899 768 1956 Thucydides.
792 1902 884 1958 ejus
906 1903 1020 1943 enim
1040 1903 1213 1958 quidam
1233 1902 1521 1958 eloquentiam
1544 1902 1826 1946 admirantur.

388 1954 440 1997 Id
463 1957 636 2012 quidem
659 1968 798 2002 recte:
843 1960 915 2001 sed
939 1959 1044 2001 nihil
1065 1960 1116 2000 ad
1141 1974 1238 2001 eum
1267 1966 1496 2010 oratorem,
1518 1961 1826 2016 quemquae'ri-

387 2028 496 2055 mus.
556 2014 688 2056 Aliud
710 2025 775 2057 est
806 2018 919 2058 enim
951 2017 1166 2073 explicare
1199 2032 1263 2058 res
1290 2024 1430 2073 gestas
1460 2017 1686 2068 narrando,
1707 2017 1824 2061 aliud

387 2073 729 2127 argumentando
752 2075 983 2125 criminari,
1007 2075 1222 2116 crimenve
1248 2074 1505 2115 dissoivere:
1546 2073 1660 2116 a‘liud
1680 2082 1825 2117 narras

328 2129 375 2164 16
391 2128 509 2170 tione
541 2140 685 2172 tenere
706 2132 962 2183 auditorem,
989 2132 1103 2173 aliud
1137 2133 1368 2174 concitare.
1427 2130 1488 2172 At
1510 2131 1699 2187 loquitur
1727 2133 1824 2189 p'u'l-

386 2192 471 2227 c're.
534 2187 649 2228 Num
673 2188 838 2241 melius,
859 2204 988 2245 quam
1014 2188 1166 2232 Plato?
1202 2196 1372 2231 necesse
1395 2195 1536 2230 tamen
1560 2197 1625 2231 est
1645 2190 1822 2242 oratori,

384 2256 512 2299 quem
546 2246 793 2300 quaerimus,
829 2247 1140 2288 controversias
1175 2247 1394 2303 explicare
1425 2245 1614 2288 forenses
1642 2247 1821 2289 'dicendi

386 2314 541 2356 genere
562 2312 664 2358 apto
698 2303 751 2344 ad
783 2303 1040 2355 docendum,
1063 2304 1115 2345 ad
1139 2304 1456 2355 delectandum,
1484 2303 1535 2347 ad
1568 2309 1822 2360 perr‘n'o'ven-

338 2357 503 2413 6dum.
565 2360 710 2406 Quare
732 2361 766 2401 si
800 2362 894 2416 quis
917 2362 1011 2411 erit,
1034 2362 1106 2416 qui
1134 2365 1169 2393 13
1185 2361 1459 2417 Thucydidio
1489 2375 1646 2416 genere
1671 2376 1820 2403 causas

383 2414 426 2455 in
450 2415 543 2457 foro
556 2417 771 2459 dicturum
789 2433 832 2459 se
854 2433 943 2459 esse
959 2418 1224 2474 profiteatur,
1244 2420 1278 2460 is
1291 2419 1520 2460 abhorreat
1541 2419 1670 2460 etiam
1687 2433 1713 2461 a
1729 2422 1818 2460 sus'-

380 2472 552 2528 picione
581 2473 688 2530 ejus,
715 2478 751 2506 14
767 2491 864 2531 quae
891 2485 1083 2518 versatur
1110 2477 1153 2518 in
1188 2491 1231 2518 re
1260 2476 1376 2518 civili
1409 2486 1453 2517 et
1485 2473 1666 2518 forensi:
1692 2479 1728 2508 15
1742 2476 1816 2532 qui

420 2598 453 2627 11
480 2599 535 2638 qui
563 2600 726 2630 subtililer'
751 2601 876 2641 meant]
914 2601 980 2638 Sic,
1009 2611 1077 2632 non
1123 2602 1180 2641 qui
1197 2600 1335 2631 inlibris
1350 2599 1444 2631 wilde*
1459 2598 1594 2632 vitiatus
1606 2602 1668 2632 est.
1790 2633 1793 2637 A

375 2639 500 2670 dicunt.
517 2646 549 2671 et
564 2642 609 2671 sic
623 2649 671 2672 est
685 2643 718 2672 in
735 2643 798 2673 Ms.
813 2644 851 2673 V.
1165 2646 1201 2674 13
1226 2642 1440 2692 Tlmcydidio]
1466 2642 1526 2674 Ed.
1542 2638 1629 2675 Med.
1654 2641 1818 2684 Thucydi-

421 2684 457 2712 152
480 2685 572 2722 quasi
585 2685 665 2714 sicce
687 2689 719 2714 et
733 2685 874 2724 integre]
900 2686 953 2716 Sic
966 2685 1037 2716 dedi
1055 2696 1073 2716 e
1117 2687 1178 2723 dis,
1193 2692 1227 2716 et
1242 2685 1318 2716 mox
1331 2696 1351 2716 α
1363 2686 1522 2716 mantione
1535 2690 1565 2717 et
1576 2683 1762 2734 suspicione.

373 2722 438 2755 Ms.
456 2725 526 2756 edd.
544 2725 629 2756 Med,
647 2725 720 2757 ΑΜ.
737 2727 833 2757 dunt.
850 2737 925 2758 nam
942 2729 1070 2766 integre
1158 2731 1195 2759 14
1217 2730 1451 2768 quoe'versatu'r
1482 2727 1551 2758 Scr'.
1566 2728 1659 2769 qaod.
1674 2728 1816 2759 refertur

372 2766 436 2797 hue
464 2769 631 2807 pertinet;
667 2769 700 2798 in
724 2769 826 2800 altero
851 2771 997 2800 membro
1019 2777 1070 2800 est
1111 2770 1200 2801 enim
1225 2771 1264 2801 ad
1284 2780 1399 2809 genus.
1471 2770 1546 2800 ότι-ο
1561 2780 1638 2801 mox
1656 2770 1707 2801 ed.
1722 2767 1814 2803 Med.

371 2814 446 2839 eum
460 2810 569 2841 eadem
585 2812 787 2850 integritate,
800 2811 867 2842 scil.
882 2812 946 2851 qua
960 2813 1006 2842 illi
1020 2822 1073 2842 su·
1116 2811 1237 2853 injure
1251 2813 1350 2849 civili,
1367 2811 1465 2843 male.

372 2852 523 2891 periotes.
566 2853 653 2884 Tum
671 2863 746 2883 vero
766 2858 802 2884 (ιι
822 2856 939 2893 ample.
962 2859 1068 2885 trans·
1158 2857 1195 2886 15
1225 2856 1280 2895 qui
1305 2855 1368 2885 Ta.
1395 2852 1559 2893 laudavit]
1597 2852 1812 2885 Scribendum

370 2894 486 2933 positae
513 2895 602 2926 fuere
624 2895 795 2936 particulae
817 2901 848 2927 et
870 2901 903 2926 et
926 2900 971 2926 αι.
1017 2896 1069 2928 Ita
1111 2902 1170 2928 aut
1194 2897 1342 2927 laudabit
1365 2906 1441 2927 cum
1469 2896 1644 2933 Lambin0‚
1667 2895 1753 2936 quod
1778 2896 1814 2934 et

370 2935 510 2968 arbitror
525 2937 634 2970 locum
648 2947 716 2970 esse
731 2939 813 2971 bene
833 2939 1067 2979 constitutum,
1110 2939 1220 2981 placet
1255 2938 1411 2978 Grutem,
1444 2943 1505 2971 aut
1539 2938 1701 2970 laudam.
1757 2939 1815 2970 se·
