1945 3235
383 145 459 184 554
960 146 1242 187 ORATOR.

386 250 447 290 sic
466 249 507 290 in
528 250 722 292 oratione
738 251 1080 294 animadversum
1099 262 1178 303 est,
1192 251 1329 294 multo
1351 251 1455 293 illud
1477 252 1651 308 quidem
1671 253 1819 305 serius,

386 306 473 357 sed,
496 307 643 349 cadem
667 317 819 350 natuta
848 310 1121 361 admonente,
1143 324 1235 351 esse
1265 310 1474 365 quosdam
1506 320 1646 352 certos
1667 326 1816 353 cursus

385 364 766 430 conclusionesque
788 366 1030 408 v.erborum

445 422 662 468 Quoniam
700 424 832 480 igitur
872 438 1042 466 causam
1077 438 1248 489 quoque
1283 423 1573 467 ostendimus:
1618 432 1816 466 naturam

386 493 501 520 nunc
521 480 583 532 (id
607 481 720 522 cuim
742 490 833 521 etat
856 482 1053 547 tertium)
1067 483 1100 523 si
1122 482 1274 545 placet,
1296 480 1582 536 explicemus.
1613 496 1711 537 quae
1730 481 1816 523 dis-

385 537 554 592 putatio
588 552 672 578 non
709 537 836 592 hujus
869 538 1055 580 instituti
1089 539 1294 580 sermonis
1317 548 1395 589 est,
1418 538 1488 579 sed
1512 547 1614 580 artis
1633 549 1815 580 intimae

386 594 534 640 Quaeri
558 595 672 635 enim
699 604 854 649 potest,
873 595 946 649 qui
970 595 1026 636 sit
1046 596 1251 638 orationis
1270 609 1486 660 numerus,
1502 606 1545 636 et
1568 597 1641 637 ubi
1660 596 1716 636 sit
1738 610 1814 652 po-

385 651 506 702 situs,
536 661 578 692 et
610 661 734 692 natus
756 666 808 692 ex
838 666 944 707 quo:
976 663 1020 693 et
1044 653 1080 694 is
1103 667 1266 694 unusne
1288 654 1358 704 sit,
1380 667 1434 694 an
1453 653 1554 706 duo,
1577 667 1630 694 an
1658 653 1814 709 plures,

384 723 554 764 quaque
584 709 749 750 ratione
780 719 1080 764 componatur,
1109 718 1154 750 et
1176 710 1228 751 ad
1257 725 1384 765 quam
1419 724 1523 760 rem,
1555 720 1599 752 et
1626 710 1814 765 quando,

385 775 428 807 et
450 781 535 821 quo
557 765 668 816 loco,
687 776 729 807 et
750 766 1113 830 quemadmodum
1143 766 1362 808 adhibitus
1375 767 1552 830 aliquid
1581 768 1814 824 voluptatis

299 822 550 868 lsoafferat.
611 823 694 865 Sed
725 834 772 864 ut
798 824 839 865 in
872 823 1086 880 plerisque
1117 824 1258 875 rebus,
1286 824 1347 865 sic
1373 823 1417 864 in
1439 824 1534 876 hac,
1556 825 1715 881 duplex
1748 832 1815 866 est

385 880 684 922 considerandi
719 881 805 923 via:
838 895 1018 937 quarum
1041 881 1173 923 altera
1193 891 1257 922 est
1275 881 1459 936 longior,
1479 882 1648 923 brevior
1665 881 1812 932 altera,

302 937 557 990 54eadem
557 938 684 978 etiam
713 938 894 1003 planior
952 938 1027 980 Est
1050 949 1192 980 autem
1221 938 1428 995 longioris
1449 939 1585 993 prima
1602 939 1674 980 illa
1693 953 1814 994 quae-

383 995 482 1045 stio,
505 996 616 1036 sitne
637 996 814 1036 omnino
846 995 928 1036 ulla
962 1011 1188 1037 numerosa
1207 998 1368 1037 oratio?
1397 995 1673 1059 (quibusdam
1695 997 1808 1038 enim

379 1066 468 1093 non
502 1053 693 1094 videtur:
727 1053 814 1108 qui·
803 1069 828 1093 ῑ
853 1052 960 1094 nihil
983 1054 1086 1094 insit
1107 1054 1150 1095 in
1172 1068 1222 1094 ea
1244 1054 1365 1104 certi,
1387 1062 1498 1093 utin
1524 1053 1736 1095 versibus:
1766 1064 1810 1095 et

379 1110 528 1165 quod
519 1110 616 1166 ipsi,
635 1111 672 1140 ⁶1
688 1111 760 1165 qui
785 1110 1016 1162 affirment,
1037 1125 1109 1151 eos
1131 1125 1222 1151 esse
1245 1125 1459 1175 numeros,
1488 1111 1713 1174 rationem,
1735 1125 1815 1152 cur

378 1168 479 1218 sint,
510 1181 596 1208 non
628 1177 787 1232 queant
818 1168 1027 1219 reddere)
1059 1168 1228 1219 deinde,
1259 1168 1293 1209 si
1326 1168 1382 1208 sit
1411 1181 1611 1209 numerus
1642 1168 1686 1209 in
1716 1182 1811 1209 ora-

378 1225 511 1275 tione,
534 1224 671 1280 qualis
694 1226 764 1276 sit,
787 1234 860 1266 aut
880 1240 934 1281 qu
927 1225 1046 1267 ales·
1079 1236 1122 1267 et
1141 1240 1164 1266 e
1196 1225 1435 1289 po'e'ticisne
1457 1226 1660 1276 numeris,
1679 1239 1733 1266 an
1752 1240 1808 1267 ex

377 1281 461 1323 alio
483 1296 639 1338 genere
668 1282 880 1337 quodam:
912 1291 970 1333 et,
1004 1283 1038 1324 si
1061 1298 1084 1324 e
1111 1283 1310 1340 poeticis,
1334 1297 1430 1338 quis
1462 1297 1611 1323 eorum
1643 1283 1713 1333 sit,
1735 1291 1814 1324 aut

375 1339 478 1394 qui?
518 1342 724 1395 (namque
755 1340 847 1381 aliis
890 1355 998 1382 unus
1031 1341 1176 1391 modo,
1213 1340 1306 1381 aliis
1340 1339 1495 1404 pluies,
1529 1339 1622 1381 aliis
1661 1354 1810 1382 omnes

290 1407 358 1442 181
376 1396 505 1438 iidem
528 1397 762 1447 videntur.)
789 1397 958 1447 deinde,
981 1398 1292 1462 62quicumque
1322 1398 1422 1448 sint,
1444 1398 1534 1438 sive
1563 1412 1688 1448 unuS‚
1719 1397 1811 1439 sive

373 1453 542 1510 plures3
573 1469 879 1496 communesne
901 1455 986 1495 sint
1007 1455 1125 1496 omni
1148 1455 1294 1511 generi
1319 1429 1553 1497 orationis?
1584 1459 1629 1510 (q
1634 1455 1813 1498 uoniam

371 1511 485 1552 aliud
510 1526 645 1567 genus
667 1522 731 1552 est
751 1512 966 1562 narrandi,
987 1512 1099 1552 aliud
1124 1489 1421 1576 persuadendi,
1441 1511 1555 1552 aliud
1577 1512 1760 1553 docendi
1777 1514 1809 1563 ε)

367 1583 421 1609 an
435 1569 625 1624 dispares
642 1569 806 1610 numeri
830 1569 986 1624 cuique
1003 1569 1211 1610 orationis
1234 1583 1378 1625 generi
1398 1569 1807 1612 accommodentur?

367 1625 401 1665 si
424 1640 689 1677 communes,
708 1627 779 1681 qui
799 1626 912 1668 sint?
944 1640 977 1666 Sl
1002 1627 1208 1682 dispaies,
1230 1626 1333 1681 quid
1356 1626 1538 1676 intersit,
1558 1634 1602 1666 et
1620 1640 1696 1667 cur
1717 1641 1805 1668 non

366 1697 490 1738 aeque
507 1684 549 1724 in
564 1685 775 1748 oratione,
794 1693 924 1747 atque
944 1684 986 1724 in
1007 1698 1131 1724 versu
1151 1698 1351 1725 numerus
1373 1686 1604 1739 appareat?
1635 1683 1804 1736 deinde,

363 1740 479 1795 quod
504 1741 696 1782 dicitur
687 1756 729 1781 in
751 1742 946 1782 oratione
978 1755 1270 1805 numerosum⁹
1294 1740 1335 1781 id
1368 1750 1511 1781 utium
1534 1755 1711 1782 numero
1736 1755 1805 1782 so-

363 1796 452 1838 lum
477 1798 706 1850 efficiatur,
729 1814 782 1840 an
814 1799 943 1839 etiam
977 1798 1040 1838 vel
1074 1798 1391 1862 compositione
1417 1798 1617 1853 quadam,
1639 1797 1705 1839 vel
1727 1812 1803 1855 ge-

362 1869 463 1896 nere
483 1856 734 1907 verborum3
765 1857 805 1888 63
822 1871 875 1896 an
898 1856 954 1896 sit
976 1870 1100 1897 suum
1122 1869 1346 1920 cujusque,
1369 1865 1417 1896 ut
1447 1870 1648 1896 numerus
1671 1855 1802 1896 inter-

361 1912 498 1963 vallis,
531 1914 792 1978 compositio
829 1913 1025 1964 vocibus,
1053 1927 1189 1978 genus
1232 1914 1372 1969 ipsum
1412 1913 1639 1954 verborum
1677 1913 1800 1978 quasi

360 1970 560 2025 quaedam
583 1970 724 2012 forma
741 1982 784 2013 et
805 1972 948 2013 lumen
967 1971 1175 2012 orationis
1190 1979 1416 2027 appareat3
1447 1971 1587 2026 sitque
1605 1971 1799 2012 omnium

361 2027 458 2068 fons
477 2029 753 2085 compositio,
778 2044 832 2071 ex
854 2042 989 2083 eaque
1011 2038 1056 2069 et
1078 2043 1277 2070 numerus
1300 2028 1527 2079 efficiatur,
1549 2037 1593 2068 et
1613 2042 1676 2078 ea,
1698 2042 1796 2083 quae

360 2084 564 2127 dicuutur
597 2086 804 2129 orationis
836 2086 956 2143 quasi
992 2085 1143 2127 formae
1177 2095 1221 2127 et
1256 2085 1432 2137 lumina,
1455 2100 1552 2141 quae
1586 2088 1653 2137 (ut
1685 2085 1799 2136 dixi)

275 2150 347 2185 182
363 2140 508 2184 Graeci
538 2151 694 2184 vocant
714 2145 906 2197 σχῆμκτκὲ
965 2141 1026 2183 At
1046 2158 1133 2184 non
1163 2153 1228 2184 est
1257 2157 1406 2193 unum,
1429 2156 1506 2184 nec
1531 2142 1659 2192 idem,
1680 2141 1798 2198 quod

360 2213 468 2240 voce
500 2200 744 2255 jucundum
785 2210 865 2251 est,
897 2208 941 2241 et
973 2201 1089 2255 quod
1127 2200 1423 2241 moderatione
1461 2199 1721 2250 absolutum,
1753 2207 1803 2240 et

359 2257 475 2311 quod
498 2257 786 2299 illuminatum
810 2271 965 2314 genere
989 2258 1243 2300 verborum:
1275 2271 1535 2312 quamquam
1559 2257 1602 2298 id
1621 2257 1796 2312 quidem

357 2314 592 2356 finitimum
625 2324 691 2356 est
723 2329 918 2366 numero,
951 2315 1053 2370 quia
1085 2329 1160 2372 per
1193 2329 1236 2355 se
1271 2315 1523 2371 plerumque
1556 2313 1799 2371 perfectum

301 435 375 473 159

397 2472 434 2502 61
458 2472 713 2515 quiaffirment]
737 2473 790 2503 Sic
804 2482 864 2513 pro
878 2470 1054 2513 affirmant
1094 2472 1163 2509 tiis,
1189 2480 1264 2511 quae
1290 2471 1355 2503 alia
1390 2471 1498 2502 forma
1532 2480 1631 2510 quam
1669 2469 1794 2509 reliqua

355 2513 435 2544 olim
449 2516 574 2546 correxi
589 2526 628 2546 ex
640 2515 791 2555 analovi’a
813 2515 952 2555 linguae:
978 2518 1053 2555 post
1094 2514 1338 2552 exprimuntur,
1369 2523 1428 2544 nec
1453 2517 1532 2543 sunt
1559 2512 1794 2543 animadversae

354 2558 401 2586 sic
416 2558 519 2597 reperi
536 2558 571 2588 in
585 2558 659 2588 edd.
671 2564 748 2588 ante
763 2557 898 2596 Aldum,
914 2562 949 2588 et
961 2557 1051 2598 Lips.
1093 2555 1209 2596 vulgo:
1244 2556 1332 2586 unde
1355 2556 1492 2586 varietas
1515 2555 1792 2594 interpunctionis

355 2604 389 2629 et
404 2597 468 2630 Ms.
484 2599 553 2630 Vit.
1092 2602 1126 2629 et
1141 2599 1292 2629 lectionis
1306 2603 1386 2630 nata
1398 2602 1460 2628 est.
1504 2596 1717 2628 Parentheses
1734 2606 1792 2627 no-

397 2643 439 2674 62
459 2642 652 2680 quicumque
671 2641 752 2681 sint]
780 2640 961 2673 Lambinus
986 2641 1052 2683 pri-
1093 2642 1235 2671 tavimus
1256 2643 1322 2671 suis
1338 2641 1456 2681 signis.
1480 2638 1596 2670 deinde
1612 2648 1721 2670 veram
1741 2639 1792 2670 in-

355 2693 449 2716 mum
464 2693 547 2715 corr.
559 2689 773 2725 quotcunque,
786 2693 853 2714 non
867 2685 965 2715 male:
990 2694 1051 2724 ego

354 2733 467 2759 autem
482 2727 606 2757 correxi
621 2727 699 2763 sint,
715 2736 752 2757 ex
764 2726 850 2766 lege,
865 2732 898 2757 et
911 2728 987 2775 quia
997 2736 1050 2757 su-

353 2778 413 2809 pra
427 2771 455 2800 si
475 2769 554 2807 siut,
569 2768 684 2799 deinde
706 2769 810 2799 omnis
828 2770 959 2808 generis
977 2779 1051 2800 ora-

352 2812 432 2842 tiam·
441 2821 555 2852 margo
568 2811 617 2842 ed.
627 2811 655 2841 V
657 2820 710 2841 en.
738 2811 883 2841 Omnino
896 2810 986 2842 locus
1001 2815 1052 2842 est

352 2853 511 2892 difficilis3
535 2854 611 2894 quia
634 2853 731 2883 nimis
753 2853 786 2883 in
809 2853 944 2892 longum
976 2863 1053 2894 pro.

353 2897 467 2934 aurit,
494 2895 696 2940 interpositis
723 2895 890 2932 interdum
918 2901 1051 2928 senten-

1093 2684 1360 2723 terpunetionem
1377 2682 1536 2712 dedimus.

1135 2726 1175 2755 63
1199 2735 1244 2755 cm
1257 2727 1299 2755 sit
1312 2734 1408 2755 suum
1423 2722 1592 2764 cujusque]
1617 2723 1716 2761 Vulg.
1733 2726 1792 2754 est.

1093 2767 1129 2797 in
1142 2767 1356 2798 antecedente
1369 2768 1515 2797 membro
1530 2771 1582 2797 est
1594 2771 1709 2797 uerum

1092 2810 1220 2840 viatur.-
1250 2819 1329 2849 ergo
1350 2809 1569 2842 necessarium
1594 2809 1629 2840 in
1653 2807 1716 2840 hoc
1738 2808 1792 2839 eit.

1092 2851 1185 2884 Vidit
1198 2850 1388 2884 Lambinus.
