1945 3235
319 131 394 165 300
837 118 918 166 DE
943 127 1231 166 ORATORE

317 230 420 273 bor:
444 229 605 287 aliquid
630 238 792 273 tamen:
819 241 879 283 ut,
898 248 995 274 cum
1014 233 1056 274 in
1080 233 1167 274 sole
1189 231 1419 282 ambulem,
1441 232 1607 273 etiamsi
1630 232 1756 274 aliam

319 288 376 328 ob
410 302 582 329 causam
616 289 847 337 ambulem,
879 290 968 331 fieri
1005 300 1157 331 natura
1192 300 1349 339 tamen,
1385 299 1432 330 ut
1466 289 1650 342 colorcr;
1681 290 1757 340 sic,

319 359 418 386 eum
441 344 544 386 istos
578 345 709 387 libros
739 346 791 387 ad
823 346 1042 388 Misenum
1075 352 1192 398 (nani
1218 345 1371 387 Romae
1407 346 1479 387 vix
1516 346 1634 397 licet)
1669 356 1758 387 stu-

318 402 480 443 diosius
522 402 712 458 legeiim‚
744 404 881 444 sentio
923 407 959 437 >7
976 404 1213 444 orationem
1253 417 1391 444 ineam
1431 403 1600 444 illorum
1638 412 1756 445 tactu

318 459 438 513 quasi
461 459 657 501 color-an.
689 460 771 501 Sed
797 474 847 500 nc
869 460 994 501 latius
1018 460 1099 501 hoc
1122 460 1243 501 vobis
1268 474 1307 515 p‘
1297 469 1412 500 ltele
1435 461 1642 510 videatur,
1663 460 1757 501 baec

318 517 561 557 duntaxat
552 531 594 558 ln
619 516 785 558 Grac-is
810 517 1017 580 intelligo,
1039 532 1135 572 quae
1167 517 1263 573 ipsi,
1285 519 1359 572 qui
1383 518 1659 581 scripsciQunt
1681 531 1756 557 vo-

255 582 302 616 61
321 573 488 614 luerunt
520 589 545 614 a
571 572 698 629 vulgo
722 573 922 629 intelligi:
957 589 998 614 in
1025 574 1304 630 philosophos
1327 585 1489 616 vestros
1520 589 1552 615 5ι
1585 573 1756 638 quando

318 630 465 680 incidi,
487 607 690 685 deceptus
713 630 925 671 indicibus
950 630 1168 680 libiorum,
1190 631 1304 686 quod
1329 642 1428 672 sunt
1450 631 1537 673 fere
1559 631 1754 687 inscripti

316 687 369 728 de
393 688 514 728 rebus
537 687 651 728 notis
672 696 716 727 et
749 687 996 737 illustribus,
1018 687 1071 727 dc
1100 687 1272 738 virtute,
1305 688 1358 729 de
1383 689 1571 743 justitia,
1592 687 1646 729 de
1679 687 1756 729 bo·

314 754 496 795 ιιε5ῑ·ιιε,
515 744 569 784 de
590 743 826 799 xoluptate,
849 745 1026 785 verbum
1052 758 1221 799 prorsus
1253 744 1415 786 nullum
1439 745 1660 801 intelligo·
1693 744 1755 785 ita

317 811 416 842 sunt
453 801 646 856 angustis
677 813 721 841 ct
752 801 935 842 concisis
973 801 1338 857 disputationibus
1375 803 1550 859 illigati!
1578 779 1754 843 0Po'e'etas

317 858 509 909 omnino,
531 858 685 913 quasi
673 858 755 898 ali-1
775 859 960 912 quadam
982 858 1128 912 lingua
1157 858 1338 909 locum,
1361 874 1445 901 non
1468 874 1602 902 conor
1622 859 1752 901 attin-

318 929 432 970 gere.
454 929 552 956 cuin
580 914 647 956 his
676 928 745 955 me
774 920 842 968 (ut
863 915 973 965 dixi)
996 915 1182 979 oblecto,
1203 915 1276 970 qui
1311 930 1375 956 res
1405 926 1562 973 gestas,
1582 926 1657 957 aut
1677 916 1751 971 qui

318 973 532 1013 orationes
555 971 816 1027 scripserunt
835 986 945 1022 suas,
968 981 1042 1012 aut
1062 972 1135 1026 qui
1159 972 1219 1012 ita
1240 972 1487 1027 loquuntur,
1510 983 1558 1015 ut
1581 973 1753 1014 videan-

319 1039 387 1070 tur
407 1028 642 1070 32voluisse
663 1029 802 1079 nobis,
822 1029 894 1085 qui
917 1044 1001 1070 non
1025 1044 1170 1070 sumus
1191 1030 1486 1080 eruditissimi,
1515 1045 1607 1072 esse
1628 1029 1753 1071 fami-

238 1084 453 1133 15Harcs.
497 1087 580 1128 Sed
602 1086 701 1128 illuc
723 1086 864 1127 redeo.
913 1086 1150 1136 Videtisne,
1171 1097 1379 1151 quantuni
1404 1103 1558 1129 munus
1582 1087 1638 1129 sit
1659 1101 1754 1128 ora·

253 1157 303 1191 62
318 1144 420 1185 toris
442 1143 644 1185 histoiia?
675 1143 786 1184 haud
811 1143 915 1194 scio,
948 1158 1001 1184 an
1035 1143 1212 1184 flumine
1239 1144 1461 1196 orationis,
1481 1155 1526 1186 et
1549 1144 1752 1187 varietate

314 1202 567 1242 maximum
591 1215 727 1256 neque
751 1211 892 1242 tamen
916 1215 1005 1241 eam
1031 1201 1196 1264 reperio
1218 1216 1396 1256 usquam
1429 1203 1656 1259 separatim
1689 1201 1752 1242 in-

313 1268 517 1300 struet-nn
541 1259 758 1299 rhetorum
788 1258 1030 1314 piaeceptis.
1061 1259 1142 1298 sita
1174 1268 1274 1299 sunt
1307 1258 1421 1301 enim
1456 1270 1556 1301 ante
1587 1259 1750 1301 oculos

314 1315 367 1357 N
360 1330 428 1357 um
449 1316 544 1372 quis
566 1316 716 1366 nescit,
738 1330 920 1371 primam
941 1329 1032 1356 esse
1050 1314 1241 1356 historiae
1264 1315 1418 1372 legem,
1441 1332 1494 1358 ne
1523 1316 1626 1373 quid
1656 1315 1751 1357 falsi

311 1373 452 1414 dicere
480 1373 660 1415 audeat?
691 1348 845 1413 deinde
866 1375 906 1406 39
920 1387 973 1412 ne
1005 1372 1107 1427 quid
1141 1372 1228 1413 veri
1259 1387 1342 1414 non
1373 1375 1553 1416 audeat?
1585 1388 1637 1414 ne
1664 1388 1750 1429 qua

248 1431 299 1465 ⁶3
313 1430 547 1486 suspicio0
524 1431 671 1470 ‹natiae
707 1430 761 1470 sit
794 1430 836 1470 in
871 1429 1120 1471 scribendo?
1150 1444 1203 1470 ne
1232 1445 1316 1485 qua
1350 1431 1603 1473 simultatis?
1636 1431 1749 1472 Haec

310 1488 474 1529 scilicet
495 1487 786 1538 fundamenta,
809 1497 912 1527 nota
933 1498 1032 1527 sunt
1052 1487 1267 1528 omnibus.
1300 1486 1401 1543 Ipsa
1423 1499 1566 1530 autem
1585 1488 1746 1531 exaedi-

309 1545 453 1586 ficatio
477 1545 618 1600 posita
638 1554 702 1584 cst
726 1545 767 1584 in
790 1545 930 1594 rebus,
952 1551 994 1584 et
1017 1543 1172 1584 verbis.
1226 1543 1387 1585 Rerum
1419 1548 1528 1587 ratio
1554 1545 1748 1587 ordinem

307 1611 551 1666 temporum
584 1602 749 1642 desider
752 1610 810 1652 a‚t
844 1601 1067 1656 regionum
1098 1600 1456 1665 descriptionem:
1491 1603 1581 1644 vult
1600 1602 1748 1666 etiam,

307 1674 510 1714 quoniam
541 1673 584 1699 ln
615 1659 740 1699 rebus
771 1659 937 1714 m·1g11is
967 1658 1256 1713 memmi-aque
1288 1658 1430 1714 dignis
1464 1659 1642 1701 consilia
1661 1659 1748 1715 pri-

305 1731 439 1767 murn,
461 1716 614 1757 deinde
636 1726 747 1766 acta,
774 1726 921 1771 postea
948 1730 999 1756 ev
1002 1725 1125 1755 entus
1148 1726 1469 1771 exspectantur,
1501 1727 1544 1758 et
1569 1717 1622 1758 de
1643 1731 1746 1758 con-

306 1773 410 1814 siliis
433 1773 664 1829 significari
693 1773 796 1827 quid
831 1772 1015 1827 scriptor
1040 1774 1206 1828 probet,
1237 1782 1280 1813 et
1303 1773 1347 1814 in
1371 1775 1495 1824 rebus
1518 1774 1650 1830 gestis
1672 1774 1745 1814 dc-

303 1830 470 1883 clai-ari,
491 1846 574 1872 non
594 1830 729 1871 solum
747 1829 850 1885 quid
871 1839 1016 1871 actum
1033 1839 1108 1871 aut
1126 1830 1290 1872 dictum
1312 1831 1382 1883 sit,
1399 1831 1471 1873 sed
1490 1833 1620 1873 ctiam
1637 1846 1744 1888 quo-

304 1954 433 1986 semper
448 1945 480 1975 in
497 1945 691 1976 deteriorem
715 1950 843 1985 partem
864 1944 1002 1983 dicitur3

305 1991 353 2023 at,
365 1987 449 2027 quod
463 1988 622 2027 sequitur,
633 1992 681 2017 est
692 1987 830 2017 bonnm:
848 1987 950 2026 igitur
959 1987 1005 2017 sic

305 2029 396 2059 locus
411 2029 630 2070 explicandus.
675 2029 802 2060 Deinde
824 2039 900 2059 vero
922 2039 1004 2069 pun-

305 2077 398 2102 ctum
427 2072 539 2112 scripsi
564 2077 640 2111 post
665 2076 798 2102 tamen.-
828 2081 888 2101 nec
914 2072 1003 2101 enim

293 2113 378 2154 fieri
388 2113 427 2144 ad
431 2114 567 2154 fatebor
583 2113 800 2149 referendum,
814 2113 870 2144 sed
879 2112 919 2144 ad
932 2123 1002 2143 sen-

306 2156 361 2192 tio,
378 2156 463 2195 (prod
478 2157 510 2186 in
527 2155 631 2185 altera
645 2160 738 2195 parte
753 2160 813 2185 est.

346 2200 385 2231 37
409 2200 586 2228 oracionem
613 2207 719 2227 meam
744 2199 877 2227 illorum
901 2201 1002 2227 cansa

302 2241 396 2279 quasi
411 2240 454 2279 c.]
480 2240 567 2270 Ante
583 2239 704 2269 inultos
719 2249 834 2275 ann08‚
852 2249 925 2269 cum
943 2239 1002 2269 hos

302 2281 402 2311 libros
431 2286 608 2312 tractarem
634 2292 708 2311 cum
730 2281 906 2321 juvenibus
933 2282 1002 2321 qui-

302 2323 452 2361 busdam,
468 2324 584 2364 quibus
599 2333 666 2360 eos,
679 2323 866 2354 exercendae
880 2322 920 2353 ad
934 2334 1002 2353 nio-

302 2365 379 2395 dum
393 2376 481 2402 enm,
497 2376 591 2406 quem
607 2366 674 2406 ipse
685 2366 850 2406 praeissem
863 2366 896 2395 in
909 2365 1003 2395 scho-

302 2407 341 2438 lis
358 2408 508 2448 publicis,
534 2408 814 2448 interpretationis
829 2413 863 2438 et
878 2408 1001 2438 criticae

302 2451 382 2480 artis
398 2460 506 2487 causa,
522 2459 766 2491 proposueram,
791 2459 876 2480 unus
893 2460 930 2479 ex
948 2450 998 2486 iis,

302 2493 356 2530 qui
370 2502 457 2523 nune
473 2494 504 2522 in
523 2493 597 2523 aula
611 2493 786 2522 Dresdensi
810 2492 925 2527 claret,
941 2492 1000 2522 Vir

301 2534 350 2565 ill.
379 2541 413 2564 et
439 2545 584 2573 geni-ros.
611 2535 649 2565 de
672 2534 801 2570 Roeder,
828 2536 1000 2575 proposuit

301 2575 388 2606 hanc
407 2578 642 2614 conjecturam,
659 2582 696 2606 ut
722 2586 780 2616 pro
804 2581 916 2611 cantu,
942 2578 996 2615 qni

302 2619 398 2648 nimis
411 2619 600 2649 abhorreret
612 2629 631 2648 a
641 2619 803 2648 color-andi
818 2618 925 2654 verbo,
937 2620 997 2649 etsi

301 2671 359 2700 per
379 2662 471 2700 qnasi
497 2661 658 2696 emollito,
678 2661 852 2699 leg-endum
876 2661 998 2692 diceret

300 2702 413 2739 xideri,
442 2707 552 2733 tactu:
575 2703 742 2742 ingeniose
768 2712 845 2733 sane
872 2709 906 2732 ct
933 2703 997 2733 ele-

299 2751 428 2783 ganter.
450 2761 457 2768 ·
475 2745 545 2784 Ego
572 2745 716 2784 vestigiis
740 2745 882 2781 mlaeatae
907 2745 996 2775 simi-

299 2787 360 2816 lius
384 2792 534 2827 putaram
557 2791 720 2822 contacta,
744 2797 761 2816 e
788 2788 881 2824 eujus
907 2788 995 2817 verbi

297 2830 460 2869 scriptura
493 2829 734 2870 compendiaria
770 2833 869 2858 cunm
907 2830 993 2859 nasci

298 2872 474 2911 potuisset:
500 2872 593 2912 idque
615 2876 665 2902 est
685 2871 855 2912 proprium
872 2875 906 2901 et
930 2872 994 2901 usi-

1045 1944 1245 1975 tatissimum
1270 1945 1405 1976 verbum
1429 1946 1468 1976 de
1483 1945 1559 1976 solis
1585 1944 1646 1975 hac
1660 1944 1690 1975 vi
1705 1944 1746 1975 ad

1046 1986 1258 2016 colorandum
1286 1988 1344 2017 &a
1383 1988 1467 2018 Ecce
1488 1997 1564 2018 vero
1587 1987 1650 2017 Ms.
1677 1987 1747 2017 Eri.

1046 2028 1142 2068 plane
1158 2029 1257 2058 habet
1277 2033 1367 2060 tuctu
1380 2042 1390 2058 .-
1413 2040 1486 2069 quae
1508 2030 1654 2070 profecto
1679 2038 1747 2059 non

1046 2075 1096 2100 est
1123 2070 1243 2100 librarii
1270 2071 1442 2102 aberratio.
1488 2072 1604 2112 ltaque
1628 2071 1745 2112 recepi.

1046 2113 1184 2142 Sicsolis
1197 2117 1304 2142 tactus
1318 2113 1360 2144 N.
1377 2114 1418 2144 D.
1436 2114 1480 2150 11,
1500 2117 1547 2145 15.
1565 2124 1594 2143 v.
1609 2112 1699 2143 Clav.

1087 2157 1127 2184 33
1150 2156 1284 2184 voluisse
1309 2165 1373 2185 esse
1395 2158 1480 2186 nohis
1503 2155 1576 2194 Sum]
1616 2155 1676 2186 Ed.
1691 2155 1745 2185 W.

1045 2206 1109 2227 esse
1123 2197 1219 2236 plane
1237 2197 1376 2234 omittit,
1392 2198 1442 2228 ed.
1464 2208 1490 2228 5.
1512 2198 1535 2228 l.
1552 2204 1583 2227 et
1601 2207 1630 2228 a.
1653 2197 1743 2237 Lips-

1046 2245 1173 2278 ponunt
1199 2244 1276 2269 ante
1289 2239 1498 2278 J'amiliares.
1542 2241 1660 2271 Carere
1683 2239 1746 2270 hoc

1046 2281 1142 2310 verbo
1157 2282 1265 2312 oratio
1282 2291 1347 2311 non
1372 2287 1493 2322 potest,
1515 2286 1550 2312 at
1565 2281 1676 2312 durius
1693 2287 1744 2312 est

1044 2324 1181 2352 voluisse
1195 2333 1269 2353 esse.
1302 2323 1416 2363 ltaque
1431 2324 1590 2355 editiones
1604 2323 1675 2354 illas
1691 2333 1744 2353 ve-

1043 2369 1129 2395 teres
1158 2371 1191 2395 et
1215 2366 1315 2396 bonas
1339 2371 1470 2396 secutus
1497 2375 1580 2396 sum.
1625 2365 1742 2395 Malim

1044 2411 1155 2438 tamen
1175 2417 1243 2438 esse
1266 2412 1341 2448 post
1352 2407 1566 2448 familiares:
1587 2407 1643 2437 ubi
1665 2407 1744 2437 faci-

1042 2448 1104 2479 lius
1127 2450 1273 2480 excidere
1297 2455 1355 2480 aut
1377 2450 1540 2480 absorberi
1561 2449 1671 2489 potuit
1687 2458 1746 2489 per

1042 2492 1173 2522 finalem
1189 2492 1346 2533 syllabam
1363 2492 1464 2528 verbi,
1491 2496 1529 2522 ut
1552 2490 1668 2521 deinde
1685 2491 1742 2521 alii

1041 2534 1138 2573 plane
1163 2544 1229 2565 non
1254 2535 1424 2570 haberent,
1451 2533 1505 2564 alii
1530 2543 1593 2573 quo
1618 2533 1743 2564 velient

1040 2575 1113 2606 loco
1129 2583 1299 2615 ponerent.

1082 2621 1122 2652 39
1145 2629 1185 2648 ne
1198 2620 1276 2658 quid
1289 2619 1357 2648 veri
1371 2627 1433 2648 non
1449 2616 1597 2656 medeam]
1635 2616 1739 2647 Recte

1039 2661 1107 2689 veri
1123 2670 1180 2700 pro
1204 2671 1277 2691 vere
1289 2662 1361 2699 jam
1387 2660 1532 2700 reposuit
1557 2659 1706 2689 Pearcins
1722 2669 1740 2689 e

1040 2702 1117 2733 Mss.
1134 2708 1167 2731 et
1180 2703 1251 2733 edd.
1267 2707 1347 2732 vett.
1364 2703 1479 2742 quibus
1495 2701 1659 2731 consentit
1675 2701 1739 2731 Ms.

1040 2744 1078 2774 E.
1124 2745 1193 2784 Ego
1220 2744 1323 2784 reperi
1343 2745 1378 2774 in
1399 2743 1471 2774 edd.
1494 2744 1525 2774 δ.
1550 2743 1587 2773 Α.
1611 2752 1676 2772 non
1704 2744 1738 2773 in

1039 2786 1162 2826 primis.
1180 2797 1227 2817 res
1242 2787 1417 2827 ipsajubet
1438 2786 1482 2815 sic
1498 2785 1628 2824 corrigi.
1672 2785 1736 2816 Eu.

1038 2828 1128 2869 Lips.
1145 2838 1184 2859 ne
1197 2829 1276 2870 quid
1289 2829 1357 2859 veri
1373 2833 1480 2865 tacere
1494 2828 1626 2859 audeat.
