<?xml version="1.0" encoding="UTF-8"?>
<!DOCTYPE html PUBLIC "-//W3C//DTD XHTML 1.0 Transitional//EN"
    "http://www.w3.org/TR/xhtml1/DTD/xhtml1-transitional.dtd">
<html xmlns="http://www.w3.org/1999/xhtml" xml:lang="en" lang="en">
 <head>
  <title>
</title>
<meta http-equiv="Content-Type" content="text/html;charset=utf-8" />
  <meta name='ocr-system' content='tesseract 3.04.00' />
  <meta name='ocr-capabilities' content='ocr_page ocr_carea ocr_par ocr_line ocrx_word'/>
</head>
<body>
  <div class='ocr_page' id='page_1' title='image "./operaomnia01ciceuoft/operaomnia01ciceuoft_0164.png"; bbox 0 0 1945 3235; ppageno 0'>
   <div class='ocr_carea' id='block_1_1' title="bbox 378 134 1326 176">
    <p class='ocr_par' dir='ltr' id='par_1_1' title="bbox 378 134 1326 176">
     <span class='ocr_line' id='line_1_1' title="bbox 378 134 1326 176; baseline 0.003 -5"><span class='ocrx_word' id='word_1_1' title='bbox 378 138 426 172; x_wconf 77' lang='lat'>92</span> <span class='ocrx_word' id='word_1_2' title='bbox 852 135 929 174; x_wconf 89' lang='lat' dir='ltr'>AD</span> <span class='ocrx_word' id='word_1_3' title='bbox 956 134 1326 176; x_wconf 82' lang='lat' dir='ltr'><strong>HERENNIUM</strong></span> 
     </span>
    </p>
   </div>
   <div class='ocr_carea' id='block_1_2' title="bbox 290 236 1798 2451">
    <p class='ocr_par' dir='ltr' id='par_1_2' title="bbox 374 236 1787 350">
     <span class='ocr_line' id='line_1_2' title="bbox 374 236 1787 297; baseline 0.002 -19"><span class='ocrx_word' id='word_1_4' title='bbox 374 236 492 278; x_wconf 86' lang='lat' dir='ltr'>ribus</span> <span class='ocrx_word' id='word_1_5' title='bbox 515 237 653 279; x_wconf 77' lang='lat' dir='ltr'>verbis</span> <span class='ocrx_word' id='word_1_6' title='bbox 675 239 912 294; x_wconf 83' lang='lat' dir='ltr'>oportuisse</span> <span class='ocrx_word' id='word_1_7' title='bbox 933 240 1018 282; x_wconf 89' lang='lat' dir='ltr'>dici</span> <span class='ocrx_word' id='word_1_8' title='bbox 1051 241 1258 292; x_wconf 79' lang='lat' dir='ltr'>videatur,</span> <span class='ocrx_word' id='word_1_9' title='bbox 1291 252 1427 296; x_wconf 88' lang='lat' dir='ltr'>neque</span> <span class='ocrx_word' id='word_1_10' title='bbox 1455 238 1634 281; x_wconf 86' lang='lat' dir='ltr'><strong>lucidius</strong></span> <span class='ocrx_word' id='word_1_11' title='bbox 1659 245 1787 297; x_wconf 87' lang='lat' dir='ltr'>potu-</span> 
     </span>
     <span class='ocr_line' id='line_1_3' title="bbox 377 293 769 350; baseline 0.008 -17"><span class='ocrx_word' id='word_1_12' title='bbox 377 293 458 334; x_wconf 84' lang='lat' dir='ltr'>isse</span> <span class='ocrx_word' id='word_1_13' title='bbox 479 293 563 335; x_wconf 83' lang='lat' dir='ltr'>dici</span> <span class='ocrx_word' id='word_1_14' title='bbox 583 303 769 350; x_wconf 87' lang='lat' dir='ltr'>putetur.</span> 
     </span>
    </p>

    <p class='ocr_par' dir='ltr' id='par_1_3' title="bbox 293 345 1790 787">
     <span class='ocr_line' id='line_1_4' title="bbox 293 345 1786 408; baseline 0.002 -18"><span class='ocrx_word' id='word_1_15' title='bbox 293 345 363 398; x_wconf 71' lang='lat'>‘20&#39;</span> <span class='ocrx_word' id='word_1_16' title='bbox 431 348 643 392; x_wconf 82' lang='lat' dir='ltr'>Transitio</span> <span class='ocrx_word' id='word_1_17' title='bbox 673 362 862 401; x_wconf 76' lang='lat' dir='ltr'>vocatur,</span> <span class='ocrx_word' id='word_1_18' title='bbox 896 368 991 408; x_wconf 79' lang='lat' dir='ltr'>quae</span> <span class='ocrx_word' id='word_1_19' title='bbox 1022 368 1117 395; x_wconf 88' lang='lat' dir='ltr'>cum</span> <span class='ocrx_word' id='word_1_20' title='bbox 1149 352 1336 394; x_wconf 85' lang='lat' dir='ltr'>ostendit</span> <span class='ocrx_word' id='word_1_21' title='bbox 1361 352 1558 403; x_wconf 86' lang='lat' dir='ltr'>breviter,</span> <span class='ocrx_word' id='word_1_22' title='bbox 1590 351 1691 408; x_wconf 88' lang='lat' dir='ltr'>quid</span> <span class='ocrx_word' id='word_1_23' title='bbox 1721 352 1786 394; x_wconf 89' lang='lat' dir='ltr'>di-</span> 
     </span>
     <span class='ocr_line' id='line_1_5' title="bbox 374 407 1788 465; baseline 0.003 -19"><span class='ocrx_word' id='word_1_24' title='bbox 374 416 491 447; x_wconf 88' lang='lat' dir='ltr'>ctum</span> <span class='ocrx_word' id='word_1_25' title='bbox 514 408 582 458; x_wconf 90' lang='lat' dir='ltr'>sit,</span> <span class='ocrx_word' id='word_1_26' title='bbox 606 410 803 463; x_wconf 81' lang='lat' dir='ltr'>proponit</span> <span class='ocrx_word' id='word_1_27' title='bbox 828 409 927 449; x_wconf 83' lang='lat' dir='ltr'>item</span> <span class='ocrx_word' id='word_1_28' title='bbox 954 411 1067 450; x_wconf 87' lang='lat' dir='ltr'>brevi</span> <span class='ocrx_word' id='word_1_29' title='bbox 1090 410 1191 465; x_wconf 87' lang='lat' dir='ltr'>quid</span> <span class='ocrx_word' id='word_1_30' title='bbox 1215 418 1426 463; x_wconf 85' lang='lat' dir='ltr'>sequatur,</span> <span class='ocrx_word' id='word_1_31' title='bbox 1449 408 1529 450; x_wconf 88' lang='lat' dir='ltr'>hoc</span> <span class='ocrx_word' id='word_1_32' title='bbox 1558 408 1710 450; x_wconf 83' lang='lat' dir='ltr'>modo:</span> <span class='ocrx_word' id='word_1_33' title='bbox 1734 407 1788 450; x_wconf 85' lang='lat' dir='ltr'>In</span> 
     </span>
     <span class='ocr_line' id='line_1_6' title="bbox 376 463 1787 521; baseline 0.001 -18"><span class='ocrx_word' id='word_1_34' title='bbox 376 464 554 518; x_wconf 78' lang='lat' dir='ltr'>patriam</span> <span class='ocrx_word' id='word_1_35' title='bbox 577 465 643 518; x_wconf 84' lang='lat' dir='ltr'>cuj</span> <span class='ocrx_word' id='word_1_36' title='bbox 653 466 814 505; x_wconf 82' lang='lat' dir='ltr'>usmodi</span> <span class='ocrx_word' id='word_1_37' title='bbox 840 465 981 516; x_wconf 86' lang='lat' dir='ltr'>fuerit,</span> <span class='ocrx_word' id='word_1_38' title='bbox 1004 466 1196 517; x_wconf 81' lang='lat' dir='ltr'>habetis3</span> <span class='ocrx_word' id='word_1_39' title='bbox 1218 480 1330 506; x_wconf 87' lang='lat' dir='ltr'>nunc</span> <span class='ocrx_word' id='word_1_40' title='bbox 1365 465 1406 506; x_wconf 91' lang='lat' dir='ltr'>in</span> <span class='ocrx_word' id='word_1_41' title='bbox 1437 473 1629 521; x_wconf 88' lang='lat' dir='ltr'>parentes</span> <span class='ocrx_word' id='word_1_42' title='bbox 1650 463 1787 520; x_wconf 84' lang='lat' dir='ltr'>qualis</span> 
     </span>
     <span class='ocr_line' id='line_1_7' title="bbox 373 520 1788 572; baseline 0.001 -12"><span class='ocrx_word' id='word_1_43' title='bbox 373 521 601 571; x_wconf 73' lang='lat' dir='ltr'>exstiterit,</span> <span class='ocrx_word' id='word_1_44' title='bbox 630 522 908 562; x_wconf 81' lang='lat' dir='ltr'>considerate.</span> <span class='ocrx_word' id='word_1_45' title='bbox 970 521 1094 572; x_wconf 87' lang='lat' dir='ltr'>Item,</span> <span class='ocrx_word' id='word_1_46' title='bbox 1119 521 1221 563; x_wconf 75' lang='lat' dir='ltr'>Meu</span> <span class='ocrx_word' id='word_1_47' title='bbox 1243 524 1284 563; x_wconf 89' lang='lat' dir='ltr'>in</span> <span class='ocrx_word' id='word_1_48' title='bbox 1320 522 1447 562; x_wconf 87' lang='lat' dir='ltr'>istum</span> <span class='ocrx_word' id='word_1_49' title='bbox 1479 520 1687 562; x_wconf 84' lang='lat' dir='ltr'>beneficia</span> <span class='ocrx_word' id='word_1_50' title='bbox 1714 535 1788 562; x_wconf 88' lang='lat' dir='ltr'>co·</span> 
     </span>
     <span class='ocr_line' id='line_1_8' title="bbox 374 577 1790 634; baseline 0.001 -18"><span class='ocrx_word' id='word_1_51' title='bbox 374 577 607 631; x_wconf 81' lang='lat' dir='ltr'>gnoscitis:</span> <span class='ocrx_word' id='word_1_52' title='bbox 632 591 758 625; x_wconf 88' lang='lat' dir='ltr'>nunc,</span> <span class='ocrx_word' id='word_1_53' title='bbox 781 577 996 632; x_wconf 88' lang='lat' dir='ltr'>quomodo</span> <span class='ocrx_word' id='word_1_54' title='bbox 1016 579 1094 618; x_wconf 81' lang='lat' dir='ltr'>iste</span> <span class='ocrx_word' id='word_1_55' title='bbox 1116 579 1219 619; x_wconf 81' lang='lat' dir='ltr'>mihi</span> <span class='ocrx_word' id='word_1_56' title='bbox 1253 579 1432 634; x_wconf 80' lang='lat' dir='ltr'>gratiam</span> <span class='ocrx_word' id='word_1_57' title='bbox 1455 577 1658 627; x_wconf 87' lang='lat' dir='ltr'>retulerit,</span> <span class='ocrx_word' id='word_1_58' title='bbox 1676 577 1790 619; x_wconf 85' lang='lat' dir='ltr'>acei-</span> 
     </span>
     <span class='ocr_line' id='line_1_9' title="bbox 375 633 1787 689; baseline 0.001 -16"><span class='ocrx_word' id='word_1_59' title='bbox 375 634 476 688; x_wconf 87' lang='lat' dir='ltr'>pite.</span> <span class='ocrx_word' id='word_1_60' title='bbox 539 633 715 673; x_wconf 80' lang='lat' dir='ltr'>Proficit</span> <span class='ocrx_word' id='word_1_61' title='bbox 739 633 830 675; x_wconf 82' lang='lat' dir='ltr'>haec</span> <span class='ocrx_word' id='word_1_62' title='bbox 851 638 891 665; x_wconf 66' lang='lat'>⁴3</span> <span class='ocrx_word' id='word_1_63' title='bbox 905 634 1210 689; x_wconf 80' lang='lat' dir='ltr'>aliquantulum</span> <span class='ocrx_word' id='word_1_64' title='bbox 1241 636 1464 676; x_wconf 82' lang='lat' dir='ltr'>exornatio</span> <span class='ocrx_word' id='word_1_65' title='bbox 1494 634 1547 676; x_wconf 84' lang='lat' dir='ltr'>ad</span> <span class='ocrx_word' id='word_1_66' title='bbox 1576 634 1679 675; x_wconf 84' lang='lat' dir='ltr'>duas</span> <span class='ocrx_word' id='word_1_67' title='bbox 1706 647 1787 675; x_wconf 87' lang='lat' dir='ltr'>res.</span> 
     </span>
     <span class='ocr_line' id='line_1_10' title="bbox 373 690 1790 747; baseline 0.001 -18"><span class='ocrx_word' id='word_1_68' title='bbox 373 704 471 730; x_wconf 84' lang='lat' dir='ltr'>nam</span> <span class='ocrx_word' id='word_1_69' title='bbox 494 698 535 730; x_wconf 86' lang='lat' dir='ltr'>et</span> <span class='ocrx_word' id='word_1_70' title='bbox 570 690 671 744; x_wconf 84' lang='lat' dir='ltr'>quid</span> <span class='ocrx_word' id='word_1_71' title='bbox 702 690 860 732; x_wconf 77' lang='lat' dir='ltr'>dixerit</span> <span class='ocrx_word' id='word_1_72' title='bbox 891 702 1149 743; x_wconf 86' lang='lat' dir='ltr'>commonet,</span> <span class='ocrx_word' id='word_1_73' title='bbox 1176 701 1218 732; x_wconf 86' lang='lat' dir='ltr'>et</span> <span class='ocrx_word' id='word_1_74' title='bbox 1250 693 1301 733; x_wconf 82' lang='lat' dir='ltr'>ad</span> <span class='ocrx_word' id='word_1_75' title='bbox 1332 692 1538 747; x_wconf 88' lang='lat' dir='ltr'>reliquum</span> <span class='ocrx_word' id='word_1_76' title='bbox 1570 697 1790 747; x_wconf 85' lang='lat' dir='ltr'>comparat</span> 
     </span>
     <span class='ocr_line' id='line_1_11' title="bbox 376 747 627 787; baseline -0.004 0"><span class='ocrx_word' id='word_1_77' title='bbox 376 747 627 787; x_wconf 80' lang='lat' dir='ltr'>auditorem.</span> 
     </span>
    </p>

    <p class='ocr_par' dir='ltr' id='par_1_4' title="bbox 314 802 1792 1030">
     <span class='ocr_line' id='line_1_12' title="bbox 314 802 1792 860; baseline 0.001 -17"><span class='ocrx_word' id='word_1_78' title='bbox 314 807 364 843; x_wconf 82' lang='lat'>36</span> <span class='ocrx_word' id='word_1_79' title='bbox 434 802 654 844; x_wconf 82' lang='lat' dir='ltr'>Correctio</span> <span class='ocrx_word' id='word_1_80' title='bbox 676 812 753 853; x_wconf 88' lang='lat' dir='ltr'>est,</span> <span class='ocrx_word' id='word_1_81' title='bbox 776 819 871 858; x_wconf 75' lang='lat' dir='ltr'>quae</span> <span class='ocrx_word' id='word_1_82' title='bbox 903 805 1013 845; x_wconf 82' lang='lat' dir='ltr'>tollit</span> <span class='ocrx_word' id='word_1_83' title='bbox 1047 805 1104 856; x_wconf 88' lang='lat' dir='ltr'>id,</span> <span class='ocrx_word' id='word_1_84' title='bbox 1134 806 1247 860; x_wconf 89' lang='lat' dir='ltr'>quod</span> <span class='ocrx_word' id='word_1_85' title='bbox 1280 805 1443 846; x_wconf 89' lang='lat' dir='ltr'>dictum</span> <span class='ocrx_word' id='word_1_86' title='bbox 1474 813 1550 856; x_wconf 86' lang='lat' dir='ltr'>est,</span> <span class='ocrx_word' id='word_1_87' title='bbox 1572 811 1616 845; x_wconf 87' lang='lat' dir='ltr'>et</span> <span class='ocrx_word' id='word_1_88' title='bbox 1641 817 1717 860; x_wconf 90' lang='lat' dir='ltr'>pro</span> <span class='ocrx_word' id='word_1_89' title='bbox 1738 817 1792 844; x_wconf 86' lang='lat' dir='ltr'>eo</span> 
     </span>
     <span class='ocr_line' id='line_1_13' title="bbox 377 859 1790 918; baseline 0.001 -19"><span class='ocrx_word' id='word_1_90' title='bbox 377 859 433 909; x_wconf 91' lang='lat' dir='ltr'>id,</span> <span class='ocrx_word' id='word_1_91' title='bbox 452 860 566 914; x_wconf 85' lang='lat' dir='ltr'>quod</span> <span class='ocrx_word' id='word_1_92' title='bbox 588 861 724 915; x_wconf 83' lang='lat' dir='ltr'>magis</span> <span class='ocrx_word' id='word_1_93' title='bbox 748 861 946 901; x_wconf 88' lang='lat' dir='ltr'>idoneum</span> <span class='ocrx_word' id='word_1_94' title='bbox 972 862 1152 912; x_wconf 88' lang='lat' dir='ltr'>videtur,</span> <span class='ocrx_word' id='word_1_95' title='bbox 1174 862 1356 918; x_wconf 78' lang='lat' dir='ltr'>reponit,</span> <span class='ocrx_word' id='word_1_96' title='bbox 1382 862 1465 903; x_wconf 89' lang='lat' dir='ltr'>hoc</span> <span class='ocrx_word' id='word_1_97' title='bbox 1484 870 1636 918; x_wconf 87' lang='lat' dir='ltr'>pacto:</span> <span class='ocrx_word' id='word_1_98' title='bbox 1660 860 1790 906; x_wconf 84' lang='lat' dir='ltr'>Quod</span> 
     </span>
     <span class='ocr_line' id='line_1_14' title="bbox 376 916 1792 972; baseline 0.001 -17"><span class='ocrx_word' id='word_1_99' title='bbox 376 916 408 955; x_wconf 87' lang='lat' dir='ltr'>si</span> <span class='ocrx_word' id='word_1_100' title='bbox 433 917 512 956; x_wconf 86' lang='lat' dir='ltr'>iste</span> <span class='ocrx_word' id='word_1_101' title='bbox 545 931 642 956; x_wconf 86' lang='lat' dir='ltr'>suos</span> <span class='ocrx_word' id='word_1_102' title='bbox 677 917 863 972; x_wconf 83' lang='lat' dir='ltr'>hospites</span> <span class='ocrx_word' id='word_1_103' title='bbox 893 927 1096 972; x_wconf 82' lang='lat' dir='ltr'>rogasset,</span> <span class='ocrx_word' id='word_1_104' title='bbox 1127 918 1258 959; x_wconf 89' lang='lat' dir='ltr'>immo</span> <span class='ocrx_word' id='word_1_105' title='bbox 1292 918 1498 960; x_wconf 80' lang='lat' dir='ltr'>innuisset</span> <span class='ocrx_word' id='word_1_106' title='bbox 1525 918 1678 968; x_wconf 80' lang='lat' dir='ltr'>modo3</span> <span class='ocrx_word' id='word_1_107' title='bbox 1709 916 1792 957; x_wconf 89' lang='lat' dir='ltr'>hoc</span> 
     </span>
     <span class='ocr_line' id='line_1_15' title="bbox 376 972 1792 1030; baseline 0.001 -18"><span class='ocrx_word' id='word_1_108' title='bbox 376 972 500 1013; x_wconf 81' lang='lat' dir='ltr'>facile</span> <span class='ocrx_word' id='word_1_109' title='bbox 531 973 676 1028; x_wconf 91' lang='lat' dir='ltr'>perfici</span> <span class='ocrx_word' id='word_1_110' title='bbox 710 983 866 1028; x_wconf 85' lang='lat' dir='ltr'>posset.</span> <span class='ocrx_word' id='word_1_111' title='bbox 930 973 1054 1025; x_wconf 87' lang='lat' dir='ltr'>ltcm,</span> <span class='ocrx_word' id='word_1_112' title='bbox 1088 974 1200 1014; x_wconf 87' lang='lat' dir='ltr'>Nam</span> <span class='ocrx_word' id='word_1_113' title='bbox 1228 983 1452 1030; x_wconf 85' lang='lat' dir='ltr'>postquam</span> <span class='ocrx_word' id='word_1_114' title='bbox 1485 975 1552 1016; x_wconf 85' lang='lat' dir='ltr'>isti</span> <span class='ocrx_word' id='word_1_115' title='bbox 1584 975 1792 1023; x_wconf 87' lang='lat' dir='ltr'>vicerunt,</span> 
     </span>
    </p>

    <p class='ocr_par' dir='ltr' id='par_1_5' title="bbox 332 1030 1797 1811">
     <span class='ocr_line' id='line_1_16' title="bbox 332 1030 1792 1087; baseline 0.003 -21"><span class='ocrx_word' id='word_1_116' title='bbox 332 1037 363 1066; x_wconf 88' lang='lat' dir='ltr'>b.</span> <span class='ocrx_word' id='word_1_117' title='bbox 377 1037 502 1084; x_wconf 86' lang='lat' dir='ltr'>atque</span> <span class='ocrx_word' id='word_1_118' title='bbox 521 1030 626 1070; x_wconf 82' lang='lat' dir='ltr'>adeo</span> <span class='ocrx_word' id='word_1_119' title='bbox 649 1030 750 1070; x_wconf 81' lang='lat' dir='ltr'>victi</span> <span class='ocrx_word' id='word_1_120' title='bbox 775 1041 895 1073; x_wconf 85' lang='lat' dir='ltr'>sunt:</span> <span class='ocrx_word' id='word_1_121' title='bbox 919 1036 959 1063; x_wconf 70' lang='lat'>44</span> <span class='ocrx_word' id='word_1_122' title='bbox 975 1046 1065 1072; x_wconf 81' lang='lat' dir='ltr'>eam</span> <span class='ocrx_word' id='word_1_123' title='bbox 1087 1031 1302 1086; x_wconf 83' lang='lat' dir='ltr'>quomodo</span> <span class='ocrx_word' id='word_1_124' title='bbox 1325 1031 1546 1072; x_wconf 73' lang='lat' dir='ltr'>victoriam</span> <span class='ocrx_word' id='word_1_125' title='bbox 1569 1030 1792 1087; x_wconf 83' lang='lat' dir='ltr'>appellem,</span> 
     </span>
     <span class='ocr_line' id='line_1_17' title="bbox 375 1086 1793 1143; baseline 0.001 -17"><span class='ocrx_word' id='word_1_126' title='bbox 375 1101 470 1141; x_wconf 82' lang='lat' dir='ltr'>quae</span> <span class='ocrx_word' id='word_1_127' title='bbox 501 1087 735 1127; x_wconf 76' lang='lat' dir='ltr'>victoribus</span> <span class='ocrx_word' id='word_1_128' title='bbox 759 1087 850 1142; x_wconf 86' lang='lat' dir='ltr'>plus</span> <span class='ocrx_word' id='word_1_129' title='bbox 869 1089 1135 1137; x_wconf 73' lang='lat' dir='ltr'>calamitatis,</span> <span class='ocrx_word' id='word_1_130' title='bbox 1158 1102 1283 1143; x_wconf 83' lang='lat' dir='ltr'>quam</span> <span class='ocrx_word' id='word_1_131' title='bbox 1304 1088 1404 1128; x_wconf 92' lang='lat' dir='ltr'>boni</span> <span class='ocrx_word' id='word_1_132' title='bbox 1435 1087 1623 1128; x_wconf 83' lang='lat' dir='ltr'>dederit?</span> <span class='ocrx_word' id='word_1_133' title='bbox 1647 1086 1686 1128; x_wconf 89' lang='grc' dir='ltr'>Ο</span> <span class='ocrx_word' id='word_1_134' title='bbox 1708 1086 1793 1128; x_wconf 86' lang='lat' dir='ltr'>vir-</span> 
     </span>
     <span class='ocr_line' id='line_1_18' title="bbox 374 1143 1793 1201; baseline 0 -18"><span class='ocrx_word' id='word_1_135' title='bbox 374 1143 478 1183; x_wconf 79' lang='lat' dir='ltr'>tutis</span> <span class='ocrx_word' id='word_1_136' title='bbox 497 1157 638 1184; x_wconf 90' lang='lat' dir='ltr'>comes</span> <span class='ocrx_word' id='word_1_137' title='bbox 662 1145 836 1194; x_wconf 81' lang='lat' dir='ltr'>invidia,</span> <span class='ocrx_word' id='word_1_138' title='bbox 858 1161 953 1200; x_wconf 83' lang='lat' dir='ltr'>quae</span> <span class='ocrx_word' id='word_1_139' title='bbox 975 1146 1108 1185; x_wconf 84' lang='lat' dir='ltr'>bonos</span> <span class='ocrx_word' id='word_1_140' title='bbox 1132 1145 1362 1199; x_wconf 86' lang='lat' dir='ltr'>insequeris</span> <span class='ocrx_word' id='word_1_141' title='bbox 1382 1144 1643 1201; x_wconf 80' lang='lat' dir='ltr'>plerumque,</span> <span class='ocrx_word' id='word_1_142' title='bbox 1665 1151 1793 1198; x_wconf 79' lang='lat' dir='ltr'>atque</span> 
     </span>
     <span class='ocr_line' id='line_1_19' title="bbox 373 1199 1792 1257; baseline 0 -17"><span class='ocrx_word' id='word_1_143' title='bbox 373 1200 479 1241; x_wconf 86' lang='lat' dir='ltr'>adeo</span> <span class='ocrx_word' id='word_1_144' title='bbox 501 1200 739 1241; x_wconf 87' lang='lat' dir='ltr'>insectaris!</span> <span class='ocrx_word' id='word_1_145' title='bbox 766 1200 1072 1243; x_wconf 79' lang='lat' dir='ltr'>Commovetur</span> <span class='ocrx_word' id='word_1_146' title='bbox 1094 1201 1176 1242; x_wconf 89' lang='lat' dir='ltr'>hoc</span> <span class='ocrx_word' id='word_1_147' title='bbox 1199 1216 1352 1257; x_wconf 80' lang='lat' dir='ltr'>genere</span> <span class='ocrx_word' id='word_1_148' title='bbox 1381 1202 1546 1241; x_wconf 79' lang='lat' dir='ltr'>animus</span> <span class='ocrx_word' id='word_1_149' title='bbox 1573 1199 1792 1241; x_wconf 83' lang='lat' dir='ltr'>auditoris.</span> 
     </span>
     <span class='ocr_line' id='line_1_20' title="bbox 374 1256 1792 1308; baseline -0.001 -11"><span class='ocrx_word' id='word_1_150' title='bbox 374 1256 463 1297; x_wconf 89' lang='lat' dir='ltr'>Res</span> <span class='ocrx_word' id='word_1_151' title='bbox 483 1257 597 1298; x_wconf 89' lang='lat' dir='ltr'>enim</span> <span class='ocrx_word' id='word_1_152' title='bbox 619 1259 834 1299; x_wconf 87' lang='lat' dir='ltr'>communi</span> <span class='ocrx_word' id='word_1_153' title='bbox 860 1260 988 1300; x_wconf 88' lang='lat' dir='ltr'>verbo</span> <span class='ocrx_word' id='word_1_154' title='bbox 1007 1259 1130 1308; x_wconf 81' lang='lat' dir='ltr'>elata,</span> <span class='ocrx_word' id='word_1_155' title='bbox 1151 1258 1446 1299; x_wconf 86' lang='lat' dir='ltr'>tantummodo</span> <span class='ocrx_word' id='word_1_156' title='bbox 1468 1258 1584 1298; x_wconf 82' lang='lat' dir='ltr'>(licta</span> <span class='ocrx_word' id='word_1_157' title='bbox 1601 1257 1792 1298; x_wconf 82' lang='lat' dir='ltr'>videtur:</span> 
     </span>
     <span class='ocr_line' id='line_1_21' title="bbox 374 1312 1796 1370; baseline -0.001 -16"><span class='ocrx_word' id='word_1_158' title='bbox 374 1323 439 1354; x_wconf 81' lang='lat' dir='ltr'>ast</span> <span class='ocrx_word' id='word_1_159' title='bbox 460 1327 522 1364; x_wconf 85' lang='lat' dir='ltr'>ea,</span> <span class='ocrx_word' id='word_1_160' title='bbox 545 1323 642 1369; x_wconf 86' lang='lat' dir='ltr'>post</span> <span class='ocrx_word' id='word_1_161' title='bbox 675 1315 806 1369; x_wconf 89' lang='lat' dir='ltr'>ipsius</span> <span class='ocrx_word' id='word_1_162' title='bbox 837 1316 1017 1356; x_wconf 84' lang='lat' dir='ltr'>oratoris</span> <span class='ocrx_word' id='word_1_163' title='bbox 1040 1315 1364 1365; x_wconf 76' lang='lat' dir='ltr'>correctionem,</span> <span class='ocrx_word' id='word_1_164' title='bbox 1394 1315 1533 1370; x_wconf 81' lang='lat' dir='ltr'>magis</span> <span class='ocrx_word' id='word_1_165' title='bbox 1563 1314 1718 1355; x_wconf 80' lang='lat' dir='ltr'>idonea</span> <span class='ocrx_word' id='word_1_166' title='bbox 1745 1312 1796 1352; x_wconf 78' lang='lat' dir='ltr'>fit</span> 
     </span>
     <span class='ocr_line' id='line_1_22' title="bbox 373 1369 1794 1427; baseline -0.001 -16"><span class='ocrx_word' id='word_1_167' title='bbox 373 1371 735 1425; x_wconf 85' lang='lat' dir='ltr'>pronuntiatione.</span> <span class='ocrx_word' id='word_1_168' title='bbox 793 1375 833 1403; x_wconf 74' lang='lat'>45</span> <span class='ocrx_word' id='word_1_169' title='bbox 849 1373 948 1413; x_wconf 85' lang='lat' dir='ltr'>Non</span> <span class='ocrx_word' id='word_1_170' title='bbox 972 1372 1103 1427; x_wconf 77' lang='lat' dir='ltr'>igitur</span> <span class='ocrx_word' id='word_1_171' title='bbox 1125 1372 1255 1412; x_wconf 83' lang='lat' dir='ltr'>satius</span> <span class='ocrx_word' id='word_1_172' title='bbox 1277 1379 1400 1422; x_wconf 85' lang='lat' dir='ltr'>esset,</span> <span class='ocrx_word' id='word_1_173' title='bbox 1420 1371 1534 1412; x_wconf 88' lang='lat' dir='ltr'>dicct</span> <span class='ocrx_word' id='word_1_174' title='bbox 1555 1370 1720 1426; x_wconf 85' lang='lat' dir='ltr'>aliquis,</span> <span class='ocrx_word' id='word_1_175' title='bbox 1739 1369 1794 1410; x_wconf 84' lang='lat' dir='ltr'>ab</span> 
     </span>
     <span class='ocr_line' id='line_1_23' title="bbox 373 1427 1795 1483; baseline -0.001 -15"><span class='ocrx_word' id='word_1_176' title='bbox 373 1427 513 1477; x_wconf 89' lang='lat' dir='ltr'>initio,</span> <span class='ocrx_word' id='word_1_177' title='bbox 537 1429 771 1483; x_wconf 78' lang='lat' dir='ltr'>praesertim</span> <span class='ocrx_word' id='word_1_178' title='bbox 794 1444 892 1469; x_wconf 85' lang='lat' dir='ltr'>cum</span> <span class='ocrx_word' id='word_1_179' title='bbox 915 1430 1088 1478; x_wconf 83' lang='lat' dir='ltr'>scribas,</span> <span class='ocrx_word' id='word_1_180' title='bbox 1110 1429 1163 1469; x_wconf 84' lang='lat' dir='ltr'>ad</span> <span class='ocrx_word' id='word_1_181' title='bbox 1194 1429 1405 1483; x_wconf 85' lang='lat' dir='ltr'>optimum</span> <span class='ocrx_word' id='word_1_182' title='bbox 1427 1436 1471 1468; x_wconf 85' lang='lat' dir='ltr'>et</span> <span class='ocrx_word' id='word_1_183' title='bbox 1491 1427 1795 1468; x_wconf 86' lang='lat' dir='ltr'>electissimum</span> 
     </span>
     <span class='ocr_line' id='line_1_24' title="bbox 372 1482 1794 1537; baseline -0.001 -13"><span class='ocrx_word' id='word_1_184' title='bbox 372 1485 550 1524; x_wconf 85' lang='lat' dir='ltr'>verbum</span> <span class='ocrx_word' id='word_1_185' title='bbox 573 1485 794 1526; x_wconf 79' lang='lat' dir='ltr'>devenire?</span> <span class='ocrx_word' id='word_1_186' title='bbox 817 1485 907 1537; x_wconf 89' lang='lat' dir='ltr'>Est,</span> <span class='ocrx_word' id='word_1_187' title='bbox 929 1500 1027 1527; x_wconf 89' lang='lat' dir='ltr'>cum</span> <span class='ocrx_word' id='word_1_188' title='bbox 1057 1499 1143 1526; x_wconf 93' lang='lat' dir='ltr'>non</span> <span class='ocrx_word' id='word_1_189' title='bbox 1176 1495 1240 1525; x_wconf 88' lang='lat' dir='ltr'>est</span> <span class='ocrx_word' id='word_1_190' title='bbox 1271 1485 1415 1536; x_wconf 86' lang='lat' dir='ltr'>satius,</span> <span class='ocrx_word' id='word_1_191' title='bbox 1449 1484 1482 1524; x_wconf 83' lang='lat' dir='ltr'>si</span> <span class='ocrx_word' id='word_1_192' title='bbox 1513 1482 1794 1525; x_wconf 84' lang='lat' dir='ltr'>commutatio</span> 
     </span>
     <span class='ocr_line' id='line_1_25' title="bbox 373 1541 1796 1596; baseline -0.001 -15"><span class='ocrx_word' id='word_1_193' title='bbox 373 1541 491 1581; x_wconf 87' lang='lat' dir='ltr'>verbi</span> <span class='ocrx_word' id='word_1_194' title='bbox 515 1541 556 1581; x_wconf 90' lang='lat' dir='ltr'>id</span> <span class='ocrx_word' id='word_1_195' title='bbox 578 1541 660 1581; x_wconf 86' lang='lat' dir='ltr'>erit</span> <span class='ocrx_word' id='word_1_196' title='bbox 680 1541 1033 1592; x_wconf 82' lang='lat' dir='ltr'>demonstratura,</span> <span class='ocrx_word' id='word_1_197' title='bbox 1046 1541 1254 1596; x_wconf 82' lang='lat' dir='ltr'>ejusmodi</span> <span class='ocrx_word' id='word_1_198' title='bbox 1280 1556 1368 1581; x_wconf 90' lang='lat' dir='ltr'>rem</span> <span class='ocrx_word' id='word_1_199' title='bbox 1386 1548 1566 1591; x_wconf 88' lang='lat' dir='ltr'>esse,ut‚</span> <span class='ocrx_word' id='word_1_200' title='bbox 1584 1553 1682 1582; x_wconf 86' lang='lat' dir='ltr'>cum</span> <span class='ocrx_word' id='word_1_201' title='bbox 1700 1553 1796 1580; x_wconf 85' lang='lat' dir='ltr'>eam</span> 
     </span>
     <span class='ocr_line' id='line_1_26' title="bbox 374 1595 1795 1656; baseline -0.001 -18"><span class='ocrx_word' id='word_1_202' title='bbox 374 1598 590 1638; x_wconf 91' lang='lat' dir='ltr'>communi</span> <span class='ocrx_word' id='word_1_203' title='bbox 615 1599 744 1640; x_wconf 86' lang='lat' dir='ltr'>verbo</span> <span class='ocrx_word' id='word_1_204' title='bbox 777 1599 1015 1656; x_wconf 83' lang='lat' dir='ltr'>appellaris,</span> <span class='ocrx_word' id='word_1_205' title='bbox 1044 1598 1176 1639; x_wconf 87' lang='lat' dir='ltr'>levius</span> <span class='ocrx_word' id='word_1_206' title='bbox 1207 1598 1368 1639; x_wconf 74' lang='lat' dir='ltr'>dixisse</span> <span class='ocrx_word' id='word_1_207' title='bbox 1394 1597 1597 1638; x_wconf 78' lang='lat' dir='ltr'>videaris:</span> <span class='ocrx_word' id='word_1_208' title='bbox 1620 1611 1718 1638; x_wconf 89' lang='lat' dir='ltr'>cum</span> <span class='ocrx_word' id='word_1_209' title='bbox 1740 1595 1795 1637; x_wconf 86' lang='lat' dir='ltr'>ad</span> 
     </span>
     <span class='ocr_line' id='line_1_27' title="bbox 374 1652 1794 1711; baseline -0.001 -17"><span class='ocrx_word' id='word_1_210' title='bbox 374 1654 548 1696; x_wconf 89' lang='lat' dir='ltr'>electius</span> <span class='ocrx_word' id='word_1_211' title='bbox 579 1655 757 1696; x_wconf 86' lang='lat' dir='ltr'>verbum</span> <span class='ocrx_word' id='word_1_212' title='bbox 789 1656 979 1707; x_wconf 83' lang='lat' dir='ltr'>accedas,</span> <span class='ocrx_word' id='word_1_213' title='bbox 1009 1655 1287 1711; x_wconf 84' lang='lat' dir='ltr'>insigniorem</span> <span class='ocrx_word' id='word_1_214' title='bbox 1319 1668 1409 1695; x_wconf 86' lang='lat' dir='ltr'>rem</span> <span class='ocrx_word' id='word_1_215' title='bbox 1439 1653 1586 1695; x_wconf 87' lang='lat' dir='ltr'>facias.</span> <span class='ocrx_word' id='word_1_216' title='bbox 1614 1652 1728 1708; x_wconf 88' lang='lat' dir='ltr'>quod</span> <span class='ocrx_word' id='word_1_217' title='bbox 1760 1652 1794 1693; x_wconf 86' lang='lat' dir='ltr'>si</span> 
     </span>
     <span class='ocr_line' id='line_1_28' title="bbox 373 1709 1797 1766; baseline -0.001 -14"><span class='ocrx_word' id='word_1_218' title='bbox 373 1711 579 1752; x_wconf 87' lang='lat' dir='ltr'>continuo</span> <span class='ocrx_word' id='word_1_219' title='bbox 613 1713 798 1753; x_wconf 89' lang='lat' dir='ltr'>venisses</span> <span class='ocrx_word' id='word_1_220' title='bbox 830 1713 882 1754; x_wconf 83' lang='lat' dir='ltr'>ad</span> <span class='ocrx_word' id='word_1_221' title='bbox 920 1713 960 1754; x_wconf 91' lang='lat' dir='ltr'>id</span> <span class='ocrx_word' id='word_1_222' title='bbox 992 1712 1194 1764; x_wconf 68' lang='lat' dir='ltr'>verbum,</span> <span class='ocrx_word' id='word_1_223' title='bbox 1216 1725 1294 1753; x_wconf 89' lang='lat' dir='ltr'>nec</span> <span class='ocrx_word' id='word_1_224' title='bbox 1314 1712 1388 1764; x_wconf 89' lang='lat' dir='ltr'>rei,</span> <span class='ocrx_word' id='word_1_225' title='bbox 1410 1725 1488 1753; x_wconf 89' lang='lat' dir='ltr'>nec</span> <span class='ocrx_word' id='word_1_226' title='bbox 1518 1710 1636 1752; x_wconf 90' lang='lat' dir='ltr'>verbi</span> <span class='ocrx_word' id='word_1_227' title='bbox 1659 1709 1797 1766; x_wconf 84' lang='lat' dir='ltr'>gratia</span> 
     </span>
     <span class='ocr_line' id='line_1_29' title="bbox 374 1768 812 1811; baseline 0.007 -3"><span class='ocrx_word' id='word_1_228' title='bbox 374 1768 669 1810; x_wconf 84' lang='lat' dir='ltr'>animadversa</span> <span class='ocrx_word' id='word_1_229' title='bbox 689 1779 812 1811; x_wconf 87' lang='lat' dir='ltr'>esset.</span> 
     </span>
    </p>

    <p class='ocr_par' dir='ltr' id='par_1_6' title="bbox 290 1823 1796 1889">
     <span class='ocr_line' id='line_1_30' title="bbox 290 1823 1796 1889; baseline -0.001 -24"><span class='ocrx_word' id='word_1_230' title='bbox 290 1835 359 1889; x_wconf 73' lang='lat'>27</span> <span class='ocrx_word' id='word_1_231' title='bbox 433 1824 676 1881; x_wconf 85' lang='lat' dir='ltr'>Occupatio</span> <span class='ocrx_word' id='word_1_232' title='bbox 698 1835 776 1878; x_wconf 87' lang='lat' dir='ltr'>est,</span> <span class='ocrx_word' id='word_1_233' title='bbox 794 1841 893 1868; x_wconf 90' lang='lat' dir='ltr'>cum</span> <span class='ocrx_word' id='word_1_234' title='bbox 915 1827 1112 1878; x_wconf 88' lang='lat' dir='ltr'>dicimus,</span> <span class='ocrx_word' id='word_1_235' title='bbox 1133 1841 1210 1867; x_wconf 90' lang='lat' dir='ltr'>nos</span> <span class='ocrx_word' id='word_1_236' title='bbox 1229 1826 1460 1883; x_wconf 83' lang='lat' dir='ltr'>praeterire,</span> <span class='ocrx_word' id='word_1_237' title='bbox 1479 1833 1553 1866; x_wconf 90' lang='lat' dir='ltr'>aut</span> <span class='ocrx_word' id='word_1_238' title='bbox 1569 1838 1656 1866; x_wconf 91' lang='lat' dir='ltr'>non</span> <span class='ocrx_word' id='word_1_239' title='bbox 1674 1823 1796 1875; x_wconf 80' lang='lat' dir='ltr'>scire,</span> 
     </span>
    </p>

    <p class='ocr_par' dir='ltr' id='par_1_7' title="bbox 312 1881 1798 2451">
     <span class='ocr_line' id='line_1_31' title="bbox 312 1881 1794 1944; baseline -0.001 -21"><span class='ocrx_word' id='word_1_240' title='bbox 312 1906 363 1944; x_wconf 80' lang='lat'>37</span> <span class='ocrx_word' id='word_1_241' title='bbox 375 1890 449 1923; x_wconf 87' lang='lat' dir='ltr'>aut</span> <span class='ocrx_word' id='word_1_242' title='bbox 470 1882 582 1924; x_wconf 90' lang='lat' dir='ltr'>nolle</span> <span class='ocrx_word' id='word_1_243' title='bbox 603 1883 744 1924; x_wconf 87' lang='lat' dir='ltr'>dicere</span> <span class='ocrx_word' id='word_1_244' title='bbox 764 1884 822 1934; x_wconf 87' lang='lat' dir='ltr'>id,</span> <span class='ocrx_word' id='word_1_245' title='bbox 844 1885 959 1939; x_wconf 89' lang='lat' dir='ltr'>quod</span> <span class='ocrx_word' id='word_1_246' title='bbox 978 1893 1080 1925; x_wconf 88' lang='lat' dir='ltr'>tunc</span> <span class='ocrx_word' id='word_1_247' title='bbox 1101 1883 1290 1925; x_wconf 89' lang='lat' dir='ltr'>maxime</span> <span class='ocrx_word' id='word_1_248' title='bbox 1318 1883 1515 1934; x_wconf 87' lang='lat' dir='ltr'>dicimus,</span> <span class='ocrx_word' id='word_1_249' title='bbox 1538 1882 1622 1923; x_wconf 88' lang='lat' dir='ltr'>hoc</span> <span class='ocrx_word' id='word_1_250' title='bbox 1642 1881 1794 1922; x_wconf 80' lang='lat' dir='ltr'>modo:</span> 
     </span>
     <span class='ocr_line' id='line_1_32' title="bbox 373 1938 1796 1996; baseline -0.002 -15"><span class='ocrx_word' id='word_1_251' title='bbox 373 1940 415 1970; x_wconf 88' lang='lat'>46</span> <span class='ocrx_word' id='word_1_252' title='bbox 429 1939 542 1981; x_wconf 87' lang='lat' dir='ltr'>Nam</span> <span class='ocrx_word' id='word_1_253' title='bbox 565 1939 617 1981; x_wconf 91' lang='lat' dir='ltr'>de</span> <span class='ocrx_word' id='word_1_254' title='bbox 638 1941 822 1996; x_wconf 83' lang='lat' dir='ltr'>pueritia</span> <span class='ocrx_word' id='word_1_255' title='bbox 841 1941 1014 1996; x_wconf 89' lang='lat' dir='ltr'>quidem</span> <span class='ocrx_word' id='word_1_256' title='bbox 1040 1950 1126 1992; x_wconf 82' lang='lat' dir='ltr'>tua,</span> <span class='ocrx_word' id='word_1_257' title='bbox 1148 1955 1277 1995; x_wconf 90' lang='lat' dir='ltr'>quam</span> <span class='ocrx_word' id='word_1_258' title='bbox 1299 1948 1344 1982; x_wconf 88' lang='lat' dir='ltr'>tu</span> <span class='ocrx_word' id='word_1_259' title='bbox 1363 1938 1480 1981; x_wconf 90' lang='lat' dir='ltr'>omni</span> <span class='ocrx_word' id='word_1_260' title='bbox 1509 1940 1796 1994; x_wconf 86' lang='lat' dir='ltr'>intemperan-</span> 
     </span>
     <span class='ocr_line' id='line_1_33' title="bbox 375 1995 1795 2053; baseline 0 -18"><span class='ocrx_word' id='word_1_261' title='bbox 375 1995 447 2036; x_wconf 90' lang='lat' dir='ltr'>tiae</span> <span class='ocrx_word' id='word_1_262' title='bbox 479 1995 698 2048; x_wconf 85' lang='lat' dir='ltr'>addixisti,</span> <span class='ocrx_word' id='word_1_263' title='bbox 728 1997 929 2048; x_wconf 88' lang='lat' dir='ltr'>dicerem,</span> <span class='ocrx_word' id='word_1_264' title='bbox 960 1998 994 2038; x_wconf 87' lang='lat' dir='ltr'>si</span> <span class='ocrx_word' id='word_1_265' title='bbox 1025 1997 1109 2038; x_wconf 89' lang='lat' dir='ltr'>hoc</span> <span class='ocrx_word' id='word_1_266' title='bbox 1138 2005 1305 2053; x_wconf 89' lang='lat' dir='ltr'>tempus</span> <span class='ocrx_word' id='word_1_267' title='bbox 1342 1996 1545 2037; x_wconf 88' lang='lat' dir='ltr'>idoneum</span> <span class='ocrx_word' id='word_1_268' title='bbox 1574 2004 1795 2052; x_wconf 86' lang='lat' dir='ltr'>putarem:</span> 
     </span>
     <span class='ocr_line' id='line_1_34' title="bbox 373 2049 1797 2109; baseline -0.001 -17"><span class='ocrx_word' id='word_1_269' title='bbox 373 2065 487 2093; x_wconf 89' lang='lat' dir='ltr'>nunc</span> <span class='ocrx_word' id='word_1_270' title='bbox 509 2053 704 2094; x_wconf 89' lang='lat' dir='ltr'>consulto</span> <span class='ocrx_word' id='word_1_271' title='bbox 727 2053 934 2109; x_wconf 90' lang='lat' dir='ltr'>relinquo.</span> <span class='ocrx_word' id='word_1_272' title='bbox 995 2053 1050 2094; x_wconf 86' lang='lat' dir='ltr'>Et</span> <span class='ocrx_word' id='word_1_273' title='bbox 1070 2053 1174 2094; x_wconf 90' lang='lat' dir='ltr'>illud</span> <span class='ocrx_word' id='word_1_274' title='bbox 1196 2063 1418 2109; x_wconf 85' lang='lat' dir='ltr'>praetereo,</span> <span class='ocrx_word' id='word_1_275' title='bbox 1437 2052 1551 2108; x_wconf 91' lang='lat' dir='ltr'>quod</span> <span class='ocrx_word' id='word_1_276' title='bbox 1569 2061 1613 2093; x_wconf 88' lang='lat' dir='ltr'>te</span> <span class='ocrx_word' id='word_1_277' title='bbox 1634 2049 1797 2092; x_wconf 90' lang='lat' dir='ltr'>tribuni</span> 
     </span>
     <span class='ocr_line' id='line_1_35' title="bbox 373 2106 1797 2165; baseline -0.001 -16"><span class='ocrx_word' id='word_1_278' title='bbox 373 2109 433 2150; x_wconf 90' lang='lat' dir='ltr'>rei</span> <span class='ocrx_word' id='word_1_279' title='bbox 466 2109 660 2150; x_wconf 89' lang='lat' dir='ltr'>militaris</span> <span class='ocrx_word' id='word_1_280' title='bbox 683 2109 995 2165; x_wconf 87' lang='lat' dir='ltr'>infrequentem</span> <span class='ocrx_word' id='word_1_281' title='bbox 1017 2109 1303 2151; x_wconf 84' lang='lat' dir='ltr'>tradiderunt:</span> <span class='ocrx_word' id='word_1_282' title='bbox 1327 2109 1481 2151; x_wconf 87' lang='lat' dir='ltr'>deinde</span> <span class='ocrx_word' id='word_1_283' title='bbox 1509 2108 1625 2165; x_wconf 92' lang='lat' dir='ltr'>quod</span> <span class='ocrx_word' id='word_1_284' title='bbox 1646 2106 1797 2163; x_wconf 89' lang='lat' dir='ltr'>injuri-</span> 
     </span>
     <span class='ocr_line' id='line_1_36' title="bbox 373 2165 1792 2222; baseline -0.001 -17"><span class='ocrx_word' id='word_1_285' title='bbox 373 2179 493 2206; x_wconf 88' lang='lat' dir='ltr'>arum</span> <span class='ocrx_word' id='word_1_286' title='bbox 519 2165 763 2208; x_wconf 85' lang='lat' dir='ltr'>satisfecisti</span> <span class='ocrx_word' id='word_1_287' title='bbox 787 2167 836 2208; x_wconf 91' lang='lat' dir='ltr'>L.</span> <span class='ocrx_word' id='word_1_288' title='bbox 867 2167 1070 2218; x_wconf 84' lang='lat' dir='ltr'>Labeoni,</span> <span class='ocrx_word' id='word_1_289' title='bbox 1091 2166 1198 2207; x_wconf 89' lang='lat' dir='ltr'>nihil</span> <span class='ocrx_word' id='word_1_290' title='bbox 1229 2166 1281 2207; x_wconf 84' lang='lat' dir='ltr'>ad</span> <span class='ocrx_word' id='word_1_291' title='bbox 1311 2180 1400 2207; x_wconf 87' lang='lat' dir='ltr'>rem</span> <span class='ocrx_word' id='word_1_292' title='bbox 1430 2167 1642 2222; x_wconf 89' lang='lat' dir='ltr'>pertinere</span> <span class='ocrx_word' id='word_1_293' title='bbox 1672 2172 1792 2221; x_wconf 91' lang='lat' dir='ltr'>puto.</span> 
     </span>
     <span class='ocr_line' id='line_1_37' title="bbox 374 2220 1794 2279; baseline -0.002 -16"><span class='ocrx_word' id='word_1_294' title='bbox 374 2220 545 2263; x_wconf 88' lang='lat' dir='ltr'>Horum</span> <span class='ocrx_word' id='word_1_295' title='bbox 568 2222 675 2264; x_wconf 92' lang='lat' dir='ltr'>nihil</span> <span class='ocrx_word' id='word_1_296' title='bbox 695 2223 817 2265; x_wconf 88' lang='lat' dir='ltr'>dico:</span> <span class='ocrx_word' id='word_1_297' title='bbox 842 2232 1029 2265; x_wconf 90' lang='lat' dir='ltr'>revertor</span> <span class='ocrx_word' id='word_1_298' title='bbox 1061 2223 1114 2264; x_wconf 86' lang='lat' dir='ltr'>ad</span> <span class='ocrx_word' id='word_1_299' title='bbox 1144 2223 1262 2275; x_wconf 91' lang='lat' dir='ltr'>illud,</span> <span class='ocrx_word' id='word_1_300' title='bbox 1284 2223 1336 2265; x_wconf 91' lang='lat' dir='ltr'>de</span> <span class='ocrx_word' id='word_1_301' title='bbox 1357 2238 1442 2279; x_wconf 93' lang='lat' dir='ltr'>quo</span> <span class='ocrx_word' id='word_1_302' title='bbox 1469 2221 1686 2278; x_wconf 85' lang='lat' dir='ltr'>judicium</span> <span class='ocrx_word' id='word_1_303' title='bbox 1714 2228 1794 2262; x_wconf 90' lang='lat' dir='ltr'>est.</span> 
     </span>
     <span class='ocr_line' id='line_1_38' title="bbox 374 2277 1796 2336; baseline -0.001 -16"><span class='ocrx_word' id='word_1_304' title='bbox 374 2277 500 2330; x_wconf 89' lang='lat' dir='ltr'>Item,</span> <span class='ocrx_word' id='word_1_305' title='bbox 524 2279 625 2321; x_wconf 93' lang='lat' dir='ltr'>Non</span> <span class='ocrx_word' id='word_1_306' title='bbox 643 2280 739 2322; x_wconf 92' lang='lat' dir='ltr'>dico</span> <span class='ocrx_word' id='word_1_307' title='bbox 761 2290 803 2321; x_wconf 92' lang='lat' dir='ltr'>te</span> <span class='ocrx_word' id='word_1_308' title='bbox 821 2282 875 2322; x_wconf 83' lang='lat' dir='ltr'>ab</span> <span class='ocrx_word' id='word_1_309' title='bbox 898 2280 1024 2322; x_wconf 91' lang='lat' dir='ltr'>sociis</span> <span class='ocrx_word' id='word_1_310' title='bbox 1046 2280 1247 2336; x_wconf 82' lang='lat' dir='ltr'>pecunias</span> <span class='ocrx_word' id='word_1_311' title='bbox 1267 2280 1506 2336; x_wconf 86' lang='lat' dir='ltr'>accepisse:</span> <span class='ocrx_word' id='word_1_312' title='bbox 1527 2293 1615 2320; x_wconf 90' lang='lat' dir='ltr'>non</span> <span class='ocrx_word' id='word_1_313' title='bbox 1637 2292 1730 2320; x_wconf 89' lang='lat' dir='ltr'>sum</span> <span class='ocrx_word' id='word_1_314' title='bbox 1751 2277 1796 2318; x_wconf 90' lang='lat' dir='ltr'>in</span> 
     </span>
     <span class='ocr_line' id='line_1_39' title="bbox 372 2335 1798 2393; baseline -0.001 -16"><span class='ocrx_word' id='word_1_315' title='bbox 372 2349 424 2377; x_wconf 85' lang='lat' dir='ltr'>eo</span> <span class='ocrx_word' id='word_1_316' title='bbox 445 2345 694 2392; x_wconf 82' lang='lat' dir='ltr'>occupatus,</span> <span class='ocrx_word' id='word_1_317' title='bbox 715 2337 831 2392; x_wconf 90' lang='lat' dir='ltr'>quod</span> <span class='ocrx_word' id='word_1_318' title='bbox 864 2337 1074 2388; x_wconf 84' lang='lat' dir='ltr'>civitates,</span> <span class='ocrx_word' id='word_1_319' title='bbox 1096 2351 1242 2393; x_wconf 86' lang='lat' dir='ltr'>regna,</span> <span class='ocrx_word' id='word_1_320' title='bbox 1264 2336 1425 2378; x_wconf 90' lang='lat' dir='ltr'>domos·</span> <span class='ocrx_word' id='word_1_321' title='bbox 1444 2335 1639 2378; x_wconf 88' lang='lat' dir='ltr'>omnium</span> <span class='ocrx_word' id='word_1_322' title='bbox 1667 2335 1798 2390; x_wconf 87' lang='lat' dir='ltr'>depe-</span> 
     </span>
     <span class='ocr_line' id='line_1_40' title="bbox 373 2390 1797 2451; baseline -0.001 -18"><span class='ocrx_word' id='word_1_323' title='bbox 373 2392 538 2435; x_wconf 87' lang='lat' dir='ltr'>culatus</span> <span class='ocrx_word' id='word_1_324' title='bbox 561 2407 628 2435; x_wconf 92' lang='lat' dir='ltr'>es:</span> <span class='ocrx_word' id='word_1_325' title='bbox 653 2393 780 2446; x_wconf 87' lang='lat' dir='ltr'>furta,</span> <span class='ocrx_word' id='word_1_326' title='bbox 802 2395 970 2451; x_wconf 87' lang='lat' dir='ltr'>rapinas</span> <span class='ocrx_word' id='word_1_327' title='bbox 1002 2402 1094 2436; x_wconf 84' lang='lat' dir='ltr'>tuas</span> <span class='ocrx_word' id='word_1_328' title='bbox 1122 2408 1269 2435; x_wconf 90' lang='lat' dir='ltr'>omnes</span> <span class='ocrx_word' id='word_1_329' title='bbox 1302 2393 1472 2435; x_wconf 87' lang='lat' dir='ltr'>omitto.</span> <span class='ocrx_word' id='word_1_330' title='bbox 1534 2392 1647 2435; x_wconf 89' lang='lat' dir='ltr'>Haec</span> <span class='ocrx_word' id='word_1_331' title='bbox 1678 2390 1797 2433; x_wconf 89' lang='lat' dir='ltr'>utilis</span> 
     </span>
    </p>
   </div>
   <div class='ocr_carea' id='block_1_3' title="bbox 372 2521 1800 2899">
    <p class='ocr_par' dir='ltr' id='par_1_8' title="bbox 372 2521 1800 2771">
     <span class='ocr_line' id='line_1_41' title="bbox 414 2521 1798 2564; baseline -0.001 -11"><span class='ocrx_word' id='word_1_332' title='bbox 414 2524 455 2553; x_wconf 78' lang='lat'>43</span> <span class='ocrx_word' id='word_1_333' title='bbox 470 2522 719 2561; x_wconf 76' lang='lat' dir='ltr'>Aliquantulum</span> <span class='ocrx_word' id='word_1_334' title='bbox 725 2523 746 2563; x_wconf 92' lang='lat'>.]</span> <span class='ocrx_word' id='word_1_335' title='bbox 766 2523 838 2554; x_wconf 84' lang='lat' dir='ltr'>Hoc</span> <span class='ocrx_word' id='word_1_336' title='bbox 851 2533 909 2564; x_wconf 84' lang='lat' dir='ltr'>pro</span> <span class='ocrx_word' id='word_1_337' title='bbox 918 2524 1067 2563; x_wconf 81' lang='lat' dir='ltr'>aliquan-</span> <span class='ocrx_word' id='word_1_338' title='bbox 1109 2525 1219 2563; x_wconf 83' lang='lat' dir='ltr'>potest</span> <span class='ocrx_word' id='word_1_339' title='bbox 1230 2522 1283 2553; x_wconf 88' lang='lat' dir='ltr'>hic</span> <span class='ocrx_word' id='word_1_340' title='bbox 1295 2522 1474 2553; x_wconf 86' lang='lat' dir='ltr'>discessisse</span> <span class='ocrx_word' id='word_1_341' title='bbox 1482 2522 1523 2553; x_wconf 89' lang='lat' dir='ltr'>ab</span> <span class='ocrx_word' id='word_1_342' title='bbox 1535 2531 1585 2560; x_wconf 80' lang='lat' dir='ltr'>ea,</span> <span class='ocrx_word' id='word_1_343' title='bbox 1598 2521 1674 2561; x_wconf 84' lang='lat' dir='ltr'>quia</span> <span class='ocrx_word' id='word_1_344' title='bbox 1684 2521 1798 2552; x_wconf 83' lang='lat' dir='ltr'>statim</span> 
     </span>
     <span class='ocr_line' id='line_1_42' title="bbox 373 2564 1374 2606; baseline 0.002 -13"><span class='ocrx_word' id='word_1_345' title='bbox 373 2567 446 2593; x_wconf 80' lang='lat' dir='ltr'>tum</span> <span class='ocrx_word' id='word_1_346' title='bbox 459 2574 476 2594; x_wconf 88' lang='lat' dir='ltr'>e</span> <span class='ocrx_word' id='word_1_347' title='bbox 490 2564 568 2594; x_wconf 83' lang='lat' dir='ltr'>Mss.</span> <span class='ocrx_word' id='word_1_348' title='bbox 583 2565 775 2603; x_wconf 78' lang='lat' dir='ltr'>quibusdam</span> <span class='ocrx_word' id='word_1_349' title='bbox 789 2570 824 2596; x_wconf 88' lang='lat' dir='ltr'>et</span> <span class='ocrx_word' id='word_1_350' title='bbox 837 2565 909 2597; x_wconf 87' lang='lat' dir='ltr'>edd.</span> <span class='ocrx_word' id='word_1_351' title='bbox 923 2566 1066 2606; x_wconf 86' lang='lat' dir='ltr'>antiquis</span> <span class='ocrx_word' id='word_1_352' title='bbox 1108 2565 1273 2605; x_wconf 74' lang='lat' dir='ltr'>praecessit</span> <span class='ocrx_word' id='word_1_353' title='bbox 1285 2575 1374 2596; x_wconf 82' lang='lat' dir='ltr'>nam.</span> 
     </span>
     <span class='ocr_line' id='line_1_43' title="bbox 373 2603 1800 2648; baseline 0 -13"><span class='ocrx_word' id='word_1_354' title='bbox 373 2605 467 2644; x_wconf 73' lang='lat' dir='ltr'>dedi,</span> <span class='ocrx_word' id='word_1_355' title='bbox 483 2606 558 2645; x_wconf 86' lang='lat' dir='ltr'>quia</span> <span class='ocrx_word' id='word_1_356' title='bbox 571 2611 621 2636; x_wconf 84' lang='lat' dir='ltr'>est</span> <span class='ocrx_word' id='word_1_357' title='bbox 635 2608 742 2646; x_wconf 86' lang='lat' dir='ltr'>aptius</span> <span class='ocrx_word' id='word_1_358' title='bbox 755 2608 810 2638; x_wconf 88' lang='lat' dir='ltr'>rei.</span> <span class='ocrx_word' id='word_1_359' title='bbox 824 2617 900 2638; x_wconf 87' lang='lat' dir='ltr'>nam</span> <span class='ocrx_word' id='word_1_360' title='bbox 915 2609 1066 2648; x_wconf 62' lang='lat' dir='ltr'>aliquam</span> <span class='ocrx_word' id='word_1_361' title='bbox 1149 2609 1190 2637; x_wconf 87' lang='lat'>45</span> <span class='ocrx_word' id='word_1_362' title='bbox 1207 2607 1255 2637; x_wconf 92' lang='lat' dir='ltr'>N.</span> <span class='ocrx_word' id='word_1_363' title='bbox 1277 2608 1300 2638; x_wconf 79' lang='lat' dir='ltr'>i.</span> <span class='ocrx_word' id='word_1_364' title='bbox 1318 2607 1422 2638; x_wconf 75' lang='lat' dir='ltr'>satius</span> <span class='ocrx_word' id='word_1_365' title='bbox 1440 2605 1543 2645; x_wconf 54' lang='lat' dir='ltr'>esset]</span> <span class='ocrx_word' id='word_1_366' title='bbox 1568 2605 1642 2636; x_wconf 84' lang='lat' dir='ltr'>Hoc</span> <span class='ocrx_word' id='word_1_367' title='bbox 1661 2605 1746 2646; x_wconf 86' lang='lat' dir='ltr'>sapit</span> <span class='ocrx_word' id='word_1_368' title='bbox 1759 2603 1800 2635; x_wconf 87' lang='lat' dir='ltr'>li·</span> 
     </span>
     <span class='ocr_line' id='line_1_44' title="bbox 374 2645 1799 2689; baseline 0 -12"><span class='ocrx_word' id='word_1_369' title='bbox 374 2651 446 2677; x_wconf 83' lang='lat' dir='ltr'>tum</span> <span class='ocrx_word' id='word_1_370' title='bbox 471 2647 544 2687; x_wconf 88' lang='lat' dir='ltr'>plus</span> <span class='ocrx_word' id='word_1_371' title='bbox 569 2648 745 2687; x_wconf 80' lang='lat' dir='ltr'>significat,</span> <span class='ocrx_word' id='word_1_372' title='bbox 771 2659 869 2688; x_wconf 86' lang='lat' dir='ltr'>quam</span> <span class='ocrx_word' id='word_1_373' title='bbox 895 2649 1066 2689; x_wconf 84' lang='lat' dir='ltr'>sequentia</span> <span class='ocrx_word' id='word_1_374' title='bbox 1107 2648 1230 2679; x_wconf 76' lang='lat' dir='ltr'>brai-ios</span> <span class='ocrx_word' id='word_1_375' title='bbox 1250 2648 1438 2679; x_wconf 81' lang='lat' dir='ltr'>recentioris</span> <span class='ocrx_word' id='word_1_376' title='bbox 1458 2647 1529 2678; x_wconf 86' lang='lat' dir='ltr'>aevi.</span> <span class='ocrx_word' id='word_1_377' title='bbox 1571 2647 1696 2678; x_wconf 85' lang='lat' dir='ltr'>Auctor</span> <span class='ocrx_word' id='word_1_378' title='bbox 1709 2645 1799 2677; x_wconf 82' lang='lat' dir='ltr'>dedit</span> 
     </span>
     <span class='ocr_line' id='line_1_45' title="bbox 372 2689 1798 2730; baseline 0 -11"><span class='ocrx_word' id='word_1_379' title='bbox 372 2689 555 2729; x_wconf 87' lang='lat' dir='ltr'>patiuntur.</span> <span class='ocrx_word' id='word_1_380' title='bbox 610 2689 777 2721; x_wconf 82' lang='lat' dir='ltr'>Dicuntur</span> <span class='ocrx_word' id='word_1_381' title='bbox 809 2691 897 2721; x_wconf 89' lang='lat' dir='ltr'>enim</span> <span class='ocrx_word' id='word_1_382' title='bbox 933 2696 1065 2722; x_wconf 81' lang='lat' dir='ltr'>tantum</span> <span class='ocrx_word' id='word_1_383' title='bbox 1108 2695 1171 2721; x_wconf 84' lang='lat' dir='ltr'>est:</span> <span class='ocrx_word' id='word_1_384' title='bbox 1196 2691 1310 2722; x_wconf 85' lang='lat' dir='ltr'>statim</span> <span class='ocrx_word' id='word_1_385' title='bbox 1335 2694 1409 2730; x_wconf 87' lang='lat' dir='ltr'>post</span> <span class='ocrx_word' id='word_1_386' title='bbox 1434 2689 1468 2720; x_wconf 86' lang='lat' dir='ltr'>in</span> <span class='ocrx_word' id='word_1_387' title='bbox 1493 2689 1718 2730; x_wconf 83' lang='lat' dir='ltr'>responsione:</span> <span class='ocrx_word' id='word_1_388' title='bbox 1738 2692 1798 2727; x_wconf 80' lang='lat' dir='ltr'>est,</span> 
     </span>
     <span class='ocr_line' id='line_1_46' title="bbox 373 2731 1714 2771; baseline 0 -10"><span class='ocrx_word' id='word_1_389' title='bbox 373 2731 600 2761; x_wconf 82' lang='lat' dir='ltr'>commonendi</span> <span class='ocrx_word' id='word_1_390' title='bbox 608 2732 851 2771; x_wconf 82' lang='lat' dir='ltr'>etpraeparandi</span> <span class='ocrx_word' id='word_1_391' title='bbox 862 2734 926 2762; x_wconf 79' lang='lat' dir='ltr'>vim</span> <span class='ocrx_word' id='word_1_392' title='bbox 935 2732 1063 2763; x_wconf 80' lang='lat' dir='ltr'>habere.</span> <span class='ocrx_word' id='word_1_393' title='bbox 1108 2741 1183 2763; x_wconf 78' lang='lat' dir='ltr'>cum</span> <span class='ocrx_word' id='word_1_394' title='bbox 1196 2742 1260 2762; x_wconf 82' lang='lat' dir='ltr'>non</span> <span class='ocrx_word' id='word_1_395' title='bbox 1272 2735 1317 2762; x_wconf 80' lang='lat' dir='ltr'>est</span> <span class='ocrx_word' id='word_1_396' title='bbox 1330 2733 1443 2762; x_wconf 79' lang='lat' dir='ltr'>satius.</span> <span class='ocrx_word' id='word_1_397' title='bbox 1712 2747 1714 2749; x_wconf 60' lang='lat'>&gt;</span> 
     </span>
    </p>

    <p class='ocr_par' dir='ltr' id='par_1_9' title="bbox 372 2771 1800 2899">
     <span class='ocr_line' id='line_1_47' title="bbox 414 2771 1798 2814; baseline -0.001 -11"><span class='ocrx_word' id='word_1_398' title='bbox 414 2775 456 2803; x_wconf 80' lang='lat'>44</span> <span class='ocrx_word' id='word_1_399' title='bbox 476 2773 567 2804; x_wconf 85' lang='lat' dir='ltr'>Eam</span> <span class='ocrx_word' id='word_1_400' title='bbox 585 2774 760 2813; x_wconf 62' lang='lat' dir='ltr'>quomoda]</span> <span class='ocrx_word' id='word_1_401' title='bbox 789 2774 906 2805; x_wconf 80' lang='lat' dir='ltr'>Forma</span> <span class='ocrx_word' id='word_1_402' title='bbox 919 2774 1067 2814; x_wconf 76' lang='lat' dir='ltr'>legitima</span> <span class='ocrx_word' id='word_1_403' title='bbox 1149 2774 1191 2805; x_wconf 84' lang='lat'>46</span> <span class='ocrx_word' id='word_1_404' title='bbox 1205 2774 1300 2805; x_wconf 81' lang='lat' dir='ltr'>Nam</span> <span class='ocrx_word' id='word_1_405' title='bbox 1307 2774 1346 2804; x_wconf 84' lang='lat' dir='ltr'>de</span> <span class='ocrx_word' id='word_1_406' title='bbox 1353 2773 1500 2814; x_wconf 69' lang='lat' dir='ltr'>pum-itia</span> <span class='ocrx_word' id='word_1_407' title='bbox 1512 2771 1585 2812; x_wconf 63' lang='grc' dir='ltr'>δια]</span> <span class='ocrx_word' id='word_1_408' title='bbox 1609 2771 1682 2802; x_wconf 86' lang='lat' dir='ltr'>Hoc</span> <span class='ocrx_word' id='word_1_409' title='bbox 1690 2779 1798 2802; x_wconf 82' lang='lat' dir='ltr'>exem-</span> 
     </span>
     <span class='ocr_line' id='line_1_48' title="bbox 372 2813 1800 2856; baseline 0 -12"><span class='ocrx_word' id='word_1_410' title='bbox 372 2813 449 2844; x_wconf 78' lang='lat' dir='ltr'>talis</span> <span class='ocrx_word' id='word_1_411' title='bbox 463 2815 673 2845; x_wconf 73' lang='lat' dir='ltr'>correctionis</span> <span class='ocrx_word' id='word_1_412' title='bbox 686 2815 845 2846; x_wconf 86' lang='lat' dir='ltr'>desiderat</span> <span class='ocrx_word' id='word_1_413' title='bbox 857 2826 948 2854; x_wconf 80' lang='lat' dir='ltr'>nam,</span> <span class='ocrx_word' id='word_1_414' title='bbox 963 2821 996 2847; x_wconf 85' lang='lat' dir='ltr'>ct</span> <span class='ocrx_word' id='word_1_415' title='bbox 1011 2817 1063 2846; x_wconf 81' lang='lat' dir='ltr'>vix</span> <span class='ocrx_word' id='word_1_416' title='bbox 1106 2815 1197 2856; x_wconf 87' lang='lat' dir='ltr'>plum</span> <span class='ocrx_word' id='word_1_417' title='bbox 1213 2820 1360 2847; x_wconf 88' lang='lat' dir='ltr'>sumtum</span> <span class='ocrx_word' id='word_1_418' title='bbox 1376 2824 1443 2847; x_wconf 88' lang='lat' dir='ltr'>esse</span> <span class='ocrx_word' id='word_1_419' title='bbox 1465 2818 1558 2856; x_wconf 80' lang='lat' dir='ltr'>patet</span> <span class='ocrx_word' id='word_1_420' title='bbox 1570 2825 1589 2846; x_wconf 86' lang='lat' dir='ltr'>e</span> <span class='ocrx_word' id='word_1_421' title='bbox 1610 2822 1721 2845; x_wconf 81' lang='lat' dir='ltr'>caussa</span> <span class='ocrx_word' id='word_1_422' title='bbox 1739 2821 1800 2844; x_wconf 88' lang='lat' dir='ltr'>no-</span> 
     </span>
     <span class='ocr_line' id='line_1_49' title="bbox 374 2857 1175 2899; baseline 0.004 -14"><span class='ocrx_word' id='word_1_423' title='bbox 374 2865 509 2887; x_wconf 85' lang='lat' dir='ltr'>manum</span> <span class='ocrx_word' id='word_1_424' title='bbox 523 2857 666 2888; x_wconf 80' lang='lat' dir='ltr'>abstinui</span> <span class='ocrx_word' id='word_1_425' title='bbox 681 2868 700 2888; x_wconf 79' lang='lat' dir='ltr'>a</span> <span class='ocrx_word' id='word_1_426' title='bbox 714 2859 931 2890; x_wconf 80' lang='lat' dir='ltr'>correctione:</span> <span class='ocrx_word' id='word_1_427' title='bbox 948 2867 1064 2899; x_wconf 84' lang='lat' dir='ltr'>nempe</span> <span class='ocrx_word' id='word_1_428' title='bbox 1106 2857 1175 2889; x_wconf 85' lang='lat' dir='ltr'>bili.</span> 
     </span>
    </p>
   </div>
   <div class='ocr_carea' id='block_1_4' title="bbox 1906 0 1945 2953">
    <p class='ocr_par' dir='ltr' id='par_1_10' title="bbox 1906 0 1945 2953">
     <span class='ocr_line' id='line_1_50' title="bbox 1906 0 1945 2953; baseline 0 0"><span class='ocrx_word' id='word_1_429' title='bbox 1906 0 1945 2953; x_wconf 95' lang='lat' dir='ltr'> </span> 
     </span>
    </p>
   </div>
  </div>
 </body>
</html>
