<?xml version="1.0" encoding="UTF-8"?>
<!DOCTYPE html PUBLIC "-//W3C//DTD XHTML 1.0 Transitional//EN"
    "http://www.w3.org/TR/xhtml1/DTD/xhtml1-transitional.dtd">
<html xmlns="http://www.w3.org/1999/xhtml" xml:lang="en" lang="en">
 <head>
  <title>
</title>
<meta http-equiv="Content-Type" content="text/html;charset=utf-8" />
  <meta name='ocr-system' content='tesseract 3.04.00' />
  <meta name='ocr-capabilities' content='ocr_page ocr_carea ocr_par ocr_line ocrx_word'/>
</head>
<body>
  <div class='ocr_page' id='page_1' title='image "./operaomnia01ciceuoft/operaomnia01ciceuoft_0417.png"; bbox 0 0 1945 3235; ppageno 0'>
   <div class='ocr_carea' id='block_1_1' title="bbox 573 156 1572 195">
    <p class='ocr_par' dir='ltr' id='par_1_1' title="bbox 573 156 1572 195">
     <span class='ocr_line' id='line_1_1' title="bbox 573 156 1572 195; baseline 0.001 -1"><span class='ocrx_word' id='word_1_1' title='bbox 573 157 758 194; x_wconf 89' lang='lat' dir='ltr'>LIBER</span> <span class='ocrx_word' id='word_1_2' title='bbox 785 156 1112 195; x_wconf 87' lang='lat' dir='ltr'>SECUNDUS.</span> <span class='ocrx_word' id='word_1_3' title='bbox 1492 160 1572 195; x_wconf 81' lang='lat'>345</span> 
     </span>
    </p>
   </div>
   <div class='ocr_carea' id='block_1_2' title="bbox 131 258 1717 2221">
    <p class='ocr_par' dir='ltr' id='par_1_2' title="bbox 137 258 1659 656">
     <span class='ocr_line' id='line_1_2' title="bbox 137 258 1572 316; baseline 0.002 -17"><span class='ocrx_word' id='word_1_4' title='bbox 137 258 265 300; x_wconf 76' lang='lat' dir='ltr'>video.</span> <span class='ocrx_word' id='word_1_5' title='bbox 327 259 404 301; x_wconf 86' lang='lat' dir='ltr'>Est</span> <span class='ocrx_word' id='word_1_6' title='bbox 434 259 518 302; x_wconf 91' lang='lat' dir='ltr'>hoc</span> <span class='ocrx_word' id='word_1_7' title='bbox 543 259 730 311; x_wconf 82' lang='lat' dir='ltr'><strong>scurrile,</strong></span> <span class='ocrx_word' id='word_1_8' title='bbox 760 268 804 300; x_wconf 87' lang='lat' dir='ltr'>et</span> <span class='ocrx_word' id='word_1_9' title='bbox 834 260 950 316; x_wconf 92' lang='lat' dir='ltr'>quod</span> <span class='ocrx_word' id='word_1_10' title='bbox 983 259 1073 300; x_wconf 87' lang='lat' dir='ltr'>sine</span> <span class='ocrx_word' id='word_1_11' title='bbox 1105 274 1234 300; x_wconf 85' lang='lat' dir='ltr'>causa</span> <span class='ocrx_word' id='word_1_12' title='bbox 1261 259 1496 302; x_wconf 85' lang='lat' dir='ltr'>lacessivit:</span> <span class='ocrx_word' id='word_1_13' title='bbox 1529 270 1572 302; x_wconf 87' lang='lat' dir='ltr'>et</span> 
     </span>
     <span class='ocr_line' id='line_1_3' title="bbox 138 316 1572 373; baseline 0.002 -18"><span class='ocrx_word' id='word_1_14' title='bbox 138 324 280 358; x_wconf 85' lang='lat' dir='ltr'>tamen</span> <span class='ocrx_word' id='word_1_15' title='bbox 303 316 346 358; x_wconf 86' lang='lat' dir='ltr'>id</span> <span class='ocrx_word' id='word_1_16' title='bbox 366 318 493 368; x_wconf 85' lang='lat' dir='ltr'>dixit,</span> <span class='ocrx_word' id='word_1_17' title='bbox 515 318 629 373; x_wconf 90' lang='lat' dir='ltr'>quod</span> <span class='ocrx_word' id='word_1_18' title='bbox 653 317 694 358; x_wconf 91' lang='lat' dir='ltr'>in</span> <span class='ocrx_word' id='word_1_19' title='bbox 717 331 864 358; x_wconf 88' lang='lat' dir='ltr'>omnes</span> <span class='ocrx_word' id='word_1_20' title='bbox 887 317 1027 358; x_wconf 90' lang='lat' dir='ltr'>luscos</span> <span class='ocrx_word' id='word_1_21' title='bbox 1048 317 1311 357; x_wconf 82' lang='lat' dir='ltr'>conveniret.</span> <span class='ocrx_word' id='word_1_22' title='bbox 1376 318 1448 368; x_wconf 82' lang='lat' dir='ltr'>Ea,</span> <span class='ocrx_word' id='word_1_23' title='bbox 1471 319 1572 373; x_wconf 84' lang='lat' dir='ltr'>quia</span> 
     </span>
     <span class='ocr_line' id='line_1_4' title="bbox 137 372 1568 431; baseline 0.002 -19"><span class='ocrx_word' id='word_1_24' title='bbox 137 373 344 415; x_wconf 85' lang='lat' dir='ltr'>meditata</span> <span class='ocrx_word' id='word_1_25' title='bbox 378 383 581 431; x_wconf 87' lang='lat' dir='ltr'>putantur</span> <span class='ocrx_word' id='word_1_26' title='bbox 615 388 720 424; x_wconf 84' lang='lat' dir='ltr'>esse,</span> <span class='ocrx_word' id='word_1_27' title='bbox 750 375 892 415; x_wconf 89' lang='lat' dir='ltr'>minus</span> <span class='ocrx_word' id='word_1_28' title='bbox 933 373 1139 414; x_wconf 86' lang='lat' dir='ltr'><strong>ridentur.</strong></span> <span class='ocrx_word' id='word_1_29' title='bbox 1201 372 1312 414; x_wconf 85' lang='lat' dir='ltr'>Illud</span> <span class='ocrx_word' id='word_1_30' title='bbox 1348 376 1568 429; x_wconf 78' lang='lat' dir='ltr'>egregium</span> 
     </span>
     <span class='ocr_line' id='line_1_5' title="bbox 140 429 1659 488; baseline 0.003 -18"><span class='ocrx_word' id='word_1_31' title='bbox 140 429 294 481; x_wconf 81' lang='lat' dir='ltr'>Sextii,</span> <span class='ocrx_word' id='word_1_32' title='bbox 316 441 359 472; x_wconf 87' lang='lat' dir='ltr'>et</span> <span class='ocrx_word' id='word_1_33' title='bbox 379 446 434 473; x_wconf 83' lang='lat' dir='ltr'>ex</span> <span class='ocrx_word' id='word_1_34' title='bbox 458 441 663 488; x_wconf 89' lang='lat' dir='ltr'>tempore,</span> <span class='ocrx_word' id='word_1_35' title='bbox 684 435 721 465; x_wconf 87' lang='lat'>91</span> <span class='ocrx_word' id='word_1_36' title='bbox 740 430 896 472; x_wconf 67' lang='lat' dir='ltr'>DIanus</span> <span class='ocrx_word' id='word_1_37' title='bbox 916 429 1025 480; x_wconf 77' lang='lat' dir='ltr'>lava,</span> <span class='ocrx_word' id='word_1_38' title='bbox 1053 431 1208 485; x_wconf 86' lang='lat' dir='ltr'>inquit,</span> <span class='ocrx_word' id='word_1_39' title='bbox 1230 437 1268 470; x_wconf 83' lang='lat' dir='ltr'>et</span> <span class='ocrx_word' id='word_1_40' title='bbox 1290 443 1414 470; x_wconf 75' lang='grc' dir='ltr'>ειειια.</span> <span class='ocrx_word' id='word_1_41' title='bbox 1445 430 1569 472; x_wconf 79' lang='lat' dir='ltr'>Tem·</span> <span class='ocrx_word' id='word_1_42' title='bbox 1582 435 1659 474; x_wconf 75' lang='lat'>247</span> 
     </span>
     <span class='ocr_line' id='line_1_6' title="bbox 138 487 1572 545; baseline 0.001 -18"><span class='ocrx_word' id='word_1_43' title='bbox 138 489 252 542; x_wconf 86' lang='lat' dir='ltr'>poris</span> <span class='ocrx_word' id='word_1_44' title='bbox 276 489 408 545; x_wconf 82' lang='lat' dir='ltr'>igitur</span> <span class='ocrx_word' id='word_1_45' title='bbox 429 489 552 540; x_wconf 86' lang='lat' dir='ltr'>ratio,</span> <span class='ocrx_word' id='word_1_46' title='bbox 574 498 615 529; x_wconf 89' lang='lat' dir='ltr'>et</span> <span class='ocrx_word' id='word_1_47' title='bbox 639 489 771 544; x_wconf 81' lang='lat' dir='ltr'>ipsius</span> <span class='ocrx_word' id='word_1_48' title='bbox 799 487 1041 529; x_wconf 79' lang='lat' dir='ltr'>dicacitatis</span> <span class='ocrx_word' id='word_1_49' title='bbox 1074 487 1312 528; x_wconf 78' lang='lat' dir='ltr'>moderatio</span> <span class='ocrx_word' id='word_1_50' title='bbox 1341 496 1384 527; x_wconf 85' lang='lat' dir='ltr'>et</span> <span class='ocrx_word' id='word_1_51' title='bbox 1409 497 1572 544; x_wconf 87' lang='lat' dir='ltr'>tempe-</span> 
     </span>
     <span class='ocr_line' id='line_1_7' title="bbox 137 545 1572 600; baseline 0.001 -16"><span class='ocrx_word' id='word_1_52' title='bbox 137 545 289 596; x_wconf 83' lang='lat' dir='ltr'>rantia,</span> <span class='ocrx_word' id='word_1_53' title='bbox 306 555 349 586; x_wconf 86' lang='lat' dir='ltr'>et</span> <span class='ocrx_word' id='word_1_54' title='bbox 367 546 516 586; x_wconf 82' lang='lat' dir='ltr'>raritas</span> <span class='ocrx_word' id='word_1_55' title='bbox 534 545 764 595; x_wconf 85' lang='lat' dir='ltr'>dictorum,</span> <span class='ocrx_word' id='word_1_56' title='bbox 783 545 1022 600; x_wconf 75' lang='lat' dir='ltr'>distinguet</span> <span class='ocrx_word' id='word_1_57' title='bbox 1039 554 1252 585; x_wconf 85' lang='lat' dir='ltr'>oratorem</span> <span class='ocrx_word' id='word_1_58' title='bbox 1272 560 1296 584; x_wconf 87' lang='lat' dir='ltr'>a</span> <span class='ocrx_word' id='word_1_59' title='bbox 1315 558 1482 586; x_wconf 80' lang='lat' dir='ltr'>scurra:</span> <span class='ocrx_word' id='word_1_60' title='bbox 1515 555 1572 596; x_wconf 89' lang='lat' dir='ltr'>ct,</span> 
     </span>
     <span class='ocr_line' id='line_1_8' title="bbox 137 601 1571 656; baseline 0.001 -14"><span class='ocrx_word' id='word_1_61' title='bbox 137 602 252 656; x_wconf 89' lang='lat' dir='ltr'>quod</span> <span class='ocrx_word' id='word_1_62' title='bbox 274 617 351 643; x_wconf 87' lang='lat' dir='ltr'>nos</span> <span class='ocrx_word' id='word_1_63' title='bbox 373 617 470 644; x_wconf 87' lang='lat' dir='ltr'>cum</span> <span class='ocrx_word' id='word_1_64' title='bbox 493 617 621 643; x_wconf 85' lang='lat' dir='ltr'>causa</span> <span class='ocrx_word' id='word_1_65' title='bbox 642 601 839 653; x_wconf 87' lang='lat' dir='ltr'>dicimus,</span> <span class='ocrx_word' id='word_1_66' title='bbox 862 617 948 642; x_wconf 88' lang='lat' dir='ltr'>non</span> <span class='ocrx_word' id='word_1_67' title='bbox 972 614 1017 642; x_wconf 84' lang='lat' dir='ltr'>ut</span> <span class='ocrx_word' id='word_1_68' title='bbox 1042 601 1207 643; x_wconf 86' lang='lat' dir='ltr'>ridiculi</span> <span class='ocrx_word' id='word_1_69' title='bbox 1233 602 1465 653; x_wconf 83' lang='lat' dir='ltr'>videamur,</span> <span class='ocrx_word' id='word_1_70' title='bbox 1498 602 1571 643; x_wconf 90' lang='lat' dir='ltr'>sed</span> 
     </span>
    </p>

    <p class='ocr_par' dir='ltr' id='par_1_3' title="bbox 137 658 1579 944">
     <span class='ocr_line' id='line_1_9' title="bbox 138 658 1575 715; baseline 0.001 -17"><span class='ocrx_word' id='word_1_71' title='bbox 138 669 185 698; x_wconf 88' lang='lat' dir='ltr'>ut</span> <span class='ocrx_word' id='word_1_72' title='bbox 208 659 479 715; x_wconf 88' lang='lat' dir='ltr'>proficiamus</span> <span class='ocrx_word' id='word_1_73' title='bbox 501 659 684 715; x_wconf 82' lang='lat' dir='ltr'>aliquid3</span> <span class='ocrx_word' id='word_1_74' title='bbox 717 659 774 699; x_wconf 91' lang='lat' dir='ltr'>illi</span> <span class='ocrx_word' id='word_1_75' title='bbox 799 668 938 700; x_wconf 90' lang='lat' dir='ltr'>totum</span> <span class='ocrx_word' id='word_1_76' title='bbox 960 659 1147 713; x_wconf 64' lang='lat' dir='ltr'>(liern,&#39;]et</span> <span class='ocrx_word' id='word_1_77' title='bbox 1167 658 1258 698; x_wconf 84' lang='lat' dir='ltr'>sine</span> <span class='ocrx_word' id='word_1_78' title='bbox 1280 673 1421 699; x_wconf 84' lang='lat' dir='ltr'>causa.</span> <span class='ocrx_word' id='word_1_79' title='bbox 1457 659 1575 705; x_wconf 85' lang='lat' dir='ltr'>Quid</span> 
     </span>
     <span class='ocr_line' id='line_1_10' title="bbox 137 715 1575 771; baseline 0 -15"><span class='ocrx_word' id='word_1_80' title='bbox 137 716 251 756; x_wconf 87' lang='lat' dir='ltr'>enim</span> <span class='ocrx_word' id='word_1_81' title='bbox 283 726 348 756; x_wconf 89' lang='lat' dir='ltr'>est</span> <span class='ocrx_word' id='word_1_82' title='bbox 372 716 560 771; x_wconf 79' lang='lat' dir='ltr'>Vargula</span> <span class='ocrx_word' id='word_1_83' title='bbox 592 726 824 767; x_wconf 73' lang='lat' dir='ltr'>assecutuS‚</span> <span class='ocrx_word' id='word_1_84' title='bbox 846 731 944 757; x_wconf 89' lang='lat' dir='ltr'>cum</span> <span class='ocrx_word' id='word_1_85' title='bbox 977 731 1075 757; x_wconf 89' lang='lat' dir='ltr'>eum</span> <span class='ocrx_word' id='word_1_86' title='bbox 1101 715 1354 756; x_wconf 84' lang='lat' dir='ltr'>candidatus</span> <span class='ocrx_word' id='word_1_87' title='bbox 1376 716 1430 756; x_wconf 90' lang='lat' dir='ltr'>A.</span> <span class='ocrx_word' id='word_1_88' title='bbox 1455 716 1575 756; x_wconf 85' lang='lat' dir='ltr'>Sem-</span> 
     </span>
     <span class='ocr_line' id='line_1_11' title="bbox 139 772 1578 830; baseline 0.001 -17"><span class='ocrx_word' id='word_1_89' title='bbox 139 774 314 828; x_wconf 87' lang='lat' dir='ltr'>pronius</span> <span class='ocrx_word' id='word_1_90' title='bbox 334 775 483 814; x_wconf 78' lang='lat' dir='ltr'>92cum</span> <span class='ocrx_word' id='word_1_91' title='bbox 508 773 575 814; x_wconf 88' lang='lat' dir='ltr'>M.</span> <span class='ocrx_word' id='word_1_92' title='bbox 599 789 675 814; x_wconf 87' lang='lat' dir='ltr'>suo</span> <span class='ocrx_word' id='word_1_93' title='bbox 700 773 844 824; x_wconf 82' lang='lat' dir='ltr'>fratre,</span> <span class='ocrx_word' id='word_1_94' title='bbox 867 774 1118 830; x_wconf 82' lang='lat' dir='ltr'>complexus</span> <span class='ocrx_word' id='word_1_95' title='bbox 1148 782 1283 824; x_wconf 79' lang='lat' dir='ltr'>esset3</span> <span class='ocrx_word' id='word_1_96' title='bbox 1317 772 1432 814; x_wconf 80' lang='grc' dir='ltr'><em>Ριιεν</em></span> <span class='ocrx_word' id='word_1_97' title='bbox 1457 773 1578 829; x_wconf 82' lang='lat' dir='ltr'><em>abige</em></span> 
     </span>
     <span class='ocr_line' id='line_1_12' title="bbox 138 828 1578 886; baseline 0.001 -16"><span class='ocrx_word' id='word_1_98' title='bbox 138 828 316 870; x_wconf 54' lang='lat' dir='ltr'>muscas?2</span> <span class='ocrx_word' id='word_1_99' title='bbox 349 829 502 871; x_wconf 86' lang='lat' dir='ltr'>Risum</span> <span class='ocrx_word' id='word_1_100' title='bbox 534 831 749 886; x_wconf 85' lang='lat' dir='ltr'>quaesivit,</span> <span class='ocrx_word' id='word_1_101' title='bbox 781 832 853 886; x_wconf 88' lang='lat' dir='ltr'>qui</span> <span class='ocrx_word' id='word_1_102' title='bbox 881 841 959 882; x_wconf 91' lang='lat' dir='ltr'>est,</span> <span class='ocrx_word' id='word_1_103' title='bbox 992 845 1086 871; x_wconf 80' lang='lat' dir='ltr'>mea</span> <span class='ocrx_word' id='word_1_104' title='bbox 1113 831 1338 880; x_wconf 86' lang='lat' dir='ltr'>sententia,</span> <span class='ocrx_word' id='word_1_105' title='bbox 1362 830 1427 871; x_wconf 82' lang='lat' dir='ltr'>vel</span> <span class='ocrx_word' id='word_1_106' title='bbox 1455 840 1578 871; x_wconf 85' lang='lat' dir='ltr'>tenu-</span> 
     </span>
     <span class='ocr_line' id='line_1_13' title="bbox 137 887 1579 944; baseline 0.001 -18"><span class='ocrx_word' id='word_1_107' title='bbox 137 887 305 928; x_wconf 86' lang='lat' dir='ltr'>issimus</span> <span class='ocrx_word' id='word_1_108' title='bbox 335 887 499 944; x_wconf 81' lang='lat' dir='ltr'>ingenii</span> <span class='ocrx_word' id='word_1_109' title='bbox 524 887 702 929; x_wconf 84' lang='lat' dir='ltr'>fructus.</span> <span class='ocrx_word' id='word_1_110' title='bbox 763 887 950 944; x_wconf 84' lang='lat' dir='ltr'>Tempus</span> <span class='ocrx_word' id='word_1_111' title='bbox 980 888 1112 944; x_wconf 85' lang='lat' dir='ltr'>igitur</span> <span class='ocrx_word' id='word_1_112' title='bbox 1133 887 1319 936; x_wconf 88' lang='lat' dir='ltr'>dicendi,</span> <span class='ocrx_word' id='word_1_113' title='bbox 1352 888 1579 943; x_wconf 84' lang='lat' dir='ltr'>prudentia</span> 
     </span>
    </p>

    <p class='ocr_par' dir='ltr' id='par_1_4' title="bbox 138 944 1576 1044">
     <span class='ocr_line' id='line_1_14' title="bbox 138 944 1576 1002; baseline 0.001 -18"><span class='ocrx_word' id='word_1_114' title='bbox 138 953 182 984; x_wconf 90' lang='lat' dir='ltr'>et</span> <span class='ocrx_word' id='word_1_115' title='bbox 211 944 423 1000; x_wconf 85' lang='lat' dir='ltr'>gravitate</span> <span class='ocrx_word' id='word_1_116' title='bbox 444 945 784 987; x_wconf 83' lang='lat' dir='ltr'>moderabimur:</span> <span class='ocrx_word' id='word_1_117' title='bbox 817 960 997 1002; x_wconf 87' lang='lat' dir='ltr'>quarum</span> <span class='ocrx_word' id='word_1_118' title='bbox 1030 945 1196 986; x_wconf 85' lang='lat' dir='ltr'>utinam</span> <span class='ocrx_word' id='word_1_119' title='bbox 1224 955 1358 985; x_wconf 84' lang='lat' dir='ltr'>artem</span> <span class='ocrx_word' id='word_1_120' title='bbox 1391 945 1576 1001; x_wconf 83' lang='lat' dir='ltr'>aliquam</span> 
     </span>
     <span class='ocr_line' id='line_1_15' title="bbox 138 1001 991 1044; baseline 0.002 -3"><span class='ocrx_word' id='word_1_121' title='bbox 138 1001 412 1044; x_wconf 83' lang='lat' dir='ltr'>haberemus!</span> <span class='ocrx_word' id='word_1_122' title='bbox 447 1003 519 1043; x_wconf 85' lang='lat' dir='ltr'>sed</span> <span class='ocrx_word' id='word_1_123' title='bbox 542 1003 716 1044; x_wconf 83' lang='lat' dir='ltr'>domina</span> <span class='ocrx_word' id='word_1_124' title='bbox 738 1015 890 1044; x_wconf 82' lang='lat' dir='ltr'>natura</span> <span class='ocrx_word' id='word_1_125' title='bbox 911 1012 991 1044; x_wconf 86' lang='lat' dir='ltr'>est.</span> 
     </span>
    </p>

    <p class='ocr_par' dir='ltr' id='par_1_5' title="bbox 131 1048 1717 2221">
     <span class='ocr_line' id='line_1_16' title="bbox 158 1048 1653 1116; baseline 0.002 -17"><span class='ocrx_word' id='word_1_126' title='bbox 158 1079 161 1082; x_wconf 94' lang='lat'>·</span> <span class='ocrx_word' id='word_1_127' title='bbox 197 1059 326 1100; x_wconf 90' lang='lat' dir='ltr'>Nunc</span> <span class='ocrx_word' id='word_1_128' title='bbox 366 1074 633 1116; x_wconf 80' lang='lat' dir='ltr'>exponamus</span> <span class='ocrx_word' id='word_1_129' title='bbox 675 1074 831 1116; x_wconf 81' lang='lat' dir='ltr'>genera</span> <span class='ocrx_word' id='word_1_130' title='bbox 873 1061 966 1116; x_wconf 88' lang='lat' dir='ltr'>ipsa</span> <span class='ocrx_word' id='word_1_131' title='bbox 1006 1060 1266 1109; x_wconf 85' lang='lat' dir='ltr'>summatim,</span> <span class='ocrx_word' id='word_1_132' title='bbox 1307 1074 1404 1114; x_wconf 83' lang='lat' dir='ltr'>quae</span> <span class='ocrx_word' id='word_1_133' title='bbox 1442 1059 1570 1100; x_wconf 89' lang='lat' dir='ltr'>risum</span> <span class='ocrx_word' id='word_1_134' title='bbox 1586 1048 1653 1102; x_wconf 79' lang='grc'>61</span> 
     </span>
     <span class='ocr_line' id='line_1_17' title="bbox 137 1116 1663 1173; baseline 0.001 -18"><span class='ocrx_word' id='word_1_135' title='bbox 137 1116 328 1157; x_wconf 86' lang='lat' dir='ltr'>maxime</span> <span class='ocrx_word' id='word_1_136' title='bbox 349 1127 565 1158; x_wconf 81' lang='lat' dir='ltr'>moveant.</span> <span class='ocrx_word' id='word_1_137' title='bbox 629 1117 740 1158; x_wconf 84' lang='lat' dir='ltr'>Haec</span> <span class='ocrx_word' id='word_1_138' title='bbox 762 1118 895 1173; x_wconf 83' lang='lat' dir='ltr'>igitur</span> <span class='ocrx_word' id='word_1_139' title='bbox 917 1118 972 1158; x_wconf 84' lang='lat' dir='ltr'>sit</span> <span class='ocrx_word' id='word_1_140' title='bbox 994 1118 1132 1173; x_wconf 85' lang='lat' dir='ltr'>prima</span> <span class='ocrx_word' id='word_1_141' title='bbox 1162 1117 1353 1172; x_wconf 76' lang='lat' dir='ltr'>partitio,</span> <span class='ocrx_word' id='word_1_142' title='bbox 1376 1117 1488 1171; x_wconf 90' lang='lat' dir='ltr'>quod</span> <span class='ocrx_word' id='word_1_143' title='bbox 1512 1117 1574 1157; x_wconf 84' lang='lat' dir='ltr'>fa·</span> <span class='ocrx_word' id='word_1_144' title='bbox 1585 1125 1663 1160; x_wconf 78' lang='lat'>248</span> 
     </span>
     <span class='ocr_line' id='line_1_18' title="bbox 137 1174 1576 1226; baseline 0 -12"><span class='ocrx_word' id='word_1_145' title='bbox 137 1183 231 1214; x_wconf 84' lang='lat' dir='ltr'>cete</span> <span class='ocrx_word' id='word_1_146' title='bbox 253 1174 435 1226; x_wconf 79' lang='lat' dir='ltr'>dicatur,</span> <span class='ocrx_word' id='word_1_147' title='bbox 465 1177 505 1209; x_wconf 81' lang='lat'>93</span> <span class='ocrx_word' id='word_1_148' title='bbox 520 1175 561 1214; x_wconf 93' lang='lat' dir='ltr'>id</span> <span class='ocrx_word' id='word_1_149' title='bbox 585 1175 686 1215; x_wconf 89' lang='lat' dir='ltr'>alias</span> <span class='ocrx_word' id='word_1_150' title='bbox 717 1175 759 1215; x_wconf 90' lang='lat' dir='ltr'>in</span> <span class='ocrx_word' id='word_1_151' title='bbox 792 1189 836 1215; x_wconf 88' lang='lat' dir='ltr'>re</span> <span class='ocrx_word' id='word_1_152' title='bbox 869 1175 1031 1224; x_wconf 86' lang='lat' dir='ltr'>haberi,</span> <span class='ocrx_word' id='word_1_153' title='bbox 1063 1174 1164 1214; x_wconf 79' lang='lat' dir='ltr'>alias</span> <span class='ocrx_word' id='word_1_154' title='bbox 1199 1174 1239 1214; x_wconf 86' lang='lat' dir='ltr'>in</span> <span class='ocrx_word' id='word_1_155' title='bbox 1276 1175 1430 1216; x_wconf 84' lang='lat' dir='ltr'>verbo:</span> <span class='ocrx_word' id='word_1_156' title='bbox 1465 1174 1576 1215; x_wconf 87' lang='lat' dir='ltr'>face-</span> 
     </span>
     <span class='ocr_line' id='line_1_19' title="bbox 140 1230 1577 1286; baseline 0.001 -16"><span class='ocrx_word' id='word_1_157' title='bbox 140 1230 209 1271; x_wconf 90' lang='lat' dir='ltr'>tiis</span> <span class='ocrx_word' id='word_1_158' title='bbox 231 1241 374 1272; x_wconf 84' lang='lat' dir='ltr'>autem</span> <span class='ocrx_word' id='word_1_159' title='bbox 397 1232 586 1272; x_wconf 83' lang='lat' dir='ltr'>maxime</span> <span class='ocrx_word' id='word_1_160' title='bbox 609 1232 803 1272; x_wconf 78' lang='lat' dir='ltr'>homines</span> <span class='ocrx_word' id='word_1_161' title='bbox 825 1231 1042 1283; x_wconf 86' lang='lat' dir='ltr'>delectari,</span> <span class='ocrx_word' id='word_1_162' title='bbox 1067 1233 1100 1271; x_wconf 87' lang='lat' dir='ltr'>si</span> <span class='ocrx_word' id='word_1_163' title='bbox 1131 1230 1302 1286; x_wconf 76' lang='lat' dir='ltr'>quaudo</span> <span class='ocrx_word' id='word_1_164' title='bbox 1339 1232 1444 1272; x_wconf 81' lang='lat' dir='ltr'>risus</span> <span class='ocrx_word' id='word_1_165' title='bbox 1472 1247 1577 1272; x_wconf 88' lang='lat' dir='ltr'>con-</span> 
     </span>
     <span class='ocr_line' id='line_1_20' title="bbox 132 1287 1577 1343; baseline 0.001 -15"><span class='ocrx_word' id='word_1_166' title='bbox 132 1287 301 1342; x_wconf 83' lang='lat' dir='ltr'>juncte,</span> <span class='ocrx_word' id='word_1_167' title='bbox 333 1304 376 1330; x_wconf 88' lang='lat' dir='ltr'>re</span> <span class='ocrx_word' id='word_1_168' title='bbox 399 1289 629 1343; x_wconf 82' lang='lat' dir='ltr'>verboque,</span> <span class='ocrx_word' id='word_1_169' title='bbox 652 1298 890 1330; x_wconf 82' lang='lat' dir='ltr'>moveatur.</span> <span class='ocrx_word' id='word_1_170' title='bbox 942 1289 1025 1329; x_wconf 89' lang='lat' dir='ltr'>Sed</span> <span class='ocrx_word' id='word_1_171' title='bbox 1050 1288 1131 1329; x_wconf 88' lang='lat' dir='ltr'>hoc</span> <span class='ocrx_word' id='word_1_172' title='bbox 1151 1297 1426 1338; x_wconf 86' lang='lat' dir='ltr'>mementote,</span> <span class='ocrx_word' id='word_1_173' title='bbox 1449 1304 1577 1343; x_wconf 88' lang='lat' dir='ltr'>quos-</span> 
     </span>
     <span class='ocr_line' id='line_1_21' title="bbox 138 1346 1578 1402; baseline 0 -16"><span class='ocrx_word' id='word_1_174' title='bbox 138 1359 322 1400; x_wconf 90' lang='lat' dir='ltr'>cumque</span> <span class='ocrx_word' id='word_1_175' title='bbox 353 1346 471 1387; x_wconf 88' lang='lat' dir='ltr'>locos</span> <span class='ocrx_word' id='word_1_176' title='bbox 504 1346 731 1402; x_wconf 82' lang='lat' dir='ltr'>attingam,</span> <span class='ocrx_word' id='word_1_177' title='bbox 767 1347 879 1387; x_wconf 89' lang='lat' dir='ltr'>unde</span> <span class='ocrx_word' id='word_1_178' title='bbox 913 1346 1091 1387; x_wconf 87' lang='lat' dir='ltr'>ridicula</span> <span class='ocrx_word' id='word_1_179' title='bbox 1121 1346 1346 1396; x_wconf 83' lang='lat' dir='ltr'>ducantur,</span> <span class='ocrx_word' id='word_1_180' title='bbox 1378 1348 1482 1386; x_wconf 77' lang='lat' dir='ltr'>94ex</span> <span class='ocrx_word' id='word_1_181' title='bbox 1507 1346 1578 1386; x_wconf 86' lang='lat' dir='ltr'>iis-</span> 
     </span>
     <span class='ocr_line' id='line_1_22' title="bbox 138 1402 1577 1459; baseline 0 -16"><span class='ocrx_word' id='word_1_182' title='bbox 138 1402 235 1443; x_wconf 84' lang='lat' dir='ltr'>dem</span> <span class='ocrx_word' id='word_1_183' title='bbox 257 1402 362 1444; x_wconf 90' lang='lat' dir='ltr'>locis</span> <span class='ocrx_word' id='word_1_184' title='bbox 385 1403 473 1444; x_wconf 86' lang='lat' dir='ltr'>fere</span> <span class='ocrx_word' id='word_1_185' title='bbox 504 1404 635 1444; x_wconf 80' lang='lat' dir='ltr'>etiam</span> <span class='ocrx_word' id='word_1_186' title='bbox 668 1418 818 1459; x_wconf 80' lang='lat' dir='ltr'>graves</span> <span class='ocrx_word' id='word_1_187' title='bbox 853 1403 1084 1444; x_wconf 82' lang='lat' dir='ltr'>sententias</span> <span class='ocrx_word' id='word_1_188' title='bbox 1118 1417 1243 1459; x_wconf 89' lang='lat' dir='ltr'>posse</span> <span class='ocrx_word' id='word_1_189' title='bbox 1273 1402 1386 1444; x_wconf 89' lang='lat' dir='ltr'>duci.</span> <span class='ocrx_word' id='word_1_190' title='bbox 1410 1413 1577 1443; x_wconf 84' lang='lat' dir='ltr'>tantum</span> 
     </span>
     <span class='ocr_line' id='line_1_23' title="bbox 137 1459 1579 1517; baseline 0.001 -17"><span class='ocrx_word' id='word_1_191' title='bbox 137 1459 328 1510; x_wconf 86' lang='lat' dir='ltr'>interest,</span> <span class='ocrx_word' id='word_1_192' title='bbox 358 1461 474 1516; x_wconf 90' lang='lat' dir='ltr'>quod</span> <span class='ocrx_word' id='word_1_193' title='bbox 509 1461 696 1517; x_wconf 81' lang='lat' dir='ltr'>gravitas</span> <span class='ocrx_word' id='word_1_194' title='bbox 730 1461 921 1501; x_wconf 82' lang='lat' dir='ltr'>honestis</span> <span class='ocrx_word' id='word_1_195' title='bbox 955 1462 997 1502; x_wconf 91' lang='lat' dir='ltr'>in</span> <span class='ocrx_word' id='word_1_196' title='bbox 1032 1461 1157 1501; x_wconf 76' lang='lat' dir='ltr'>rebus</span> <span class='ocrx_word' id='word_1_197' title='bbox 1193 1474 1349 1509; x_wconf 85' lang='lat' dir='ltr'>severe,</span> <span class='ocrx_word' id='word_1_198' title='bbox 1377 1459 1504 1514; x_wconf 85' lang='lat' dir='ltr'>jocus</span> <span class='ocrx_word' id='word_1_199' title='bbox 1535 1461 1579 1501; x_wconf 87' lang='lat' dir='ltr'>in</span> 
     </span>
     <span class='ocr_line' id='line_1_24' title="bbox 138 1517 1580 1574; baseline 0.001 -17"><span class='ocrx_word' id='word_1_200' title='bbox 138 1517 362 1573; x_wconf 87' lang='lat' dir='ltr'>turpiculis</span> <span class='ocrx_word' id='word_1_201' title='bbox 381 1527 424 1558; x_wconf 88' lang='lat' dir='ltr'>et</span> <span class='ocrx_word' id='word_1_202' title='bbox 445 1518 571 1573; x_wconf 86' lang='lat' dir='ltr'>quasi·</span> <span class='ocrx_word' id='word_1_203' title='bbox 588 1518 854 1559; x_wconf 86' lang='lat' dir='ltr'>deformibus</span> <span class='ocrx_word' id='word_1_204' title='bbox 877 1519 1076 1574; x_wconf 83' lang='lat' dir='ltr'>ponitur:</span> <span class='ocrx_word' id='word_1_205' title='bbox 1111 1518 1226 1558; x_wconf 84' lang='lat' dir='ltr'>velut</span> <span class='ocrx_word' id='word_1_206' title='bbox 1249 1519 1289 1558; x_wconf 89' lang='lat' dir='ltr'>in</span> <span class='ocrx_word' id='word_1_207' title='bbox 1313 1518 1463 1558; x_wconf 78' lang='lat' dir='ltr'>iisdem</span> <span class='ocrx_word' id='word_1_208' title='bbox 1488 1533 1580 1558; x_wconf 84' lang='lat' dir='ltr'>ver-</span> 
     </span>
     <span class='ocr_line' id='line_1_25' title="bbox 139 1574 1580 1631; baseline 0.001 -17"><span class='ocrx_word' id='word_1_209' title='bbox 139 1574 205 1614; x_wconf 89' lang='lat' dir='ltr'>bis</span> <span class='ocrx_word' id='word_1_210' title='bbox 238 1585 282 1616; x_wconf 87' lang='lat' dir='ltr'>et</span> <span class='ocrx_word' id='word_1_211' title='bbox 307 1575 479 1616; x_wconf 81' lang='lat' dir='ltr'>laudare.</span> <span class='ocrx_word' id='word_1_212' title='bbox 509 1574 623 1630; x_wconf 80' lang='lat' dir='ltr'>frugi</span> <span class='ocrx_word' id='word_1_213' title='bbox 658 1589 826 1616; x_wconf 81' lang='lat' dir='ltr'>servum</span> <span class='ocrx_word' id='word_1_214' title='bbox 857 1590 1096 1631; x_wconf 80' lang='lat' dir='ltr'>possumUS,</span> <span class='ocrx_word' id='word_1_215' title='bbox 1127 1586 1183 1625; x_wconf 88' lang='lat' dir='ltr'>et,</span> <span class='ocrx_word' id='word_1_216' title='bbox 1217 1575 1250 1615; x_wconf 90' lang='lat' dir='ltr'>si</span> <span class='ocrx_word' id='word_1_217' title='bbox 1283 1585 1348 1616; x_wconf 87' lang='lat' dir='ltr'>est</span> <span class='ocrx_word' id='word_1_218' title='bbox 1380 1590 1580 1630; x_wconf 80' lang='lat' dir='ltr'>nequam,</span> 
     </span>
     <span class='ocr_line' id='line_1_26' title="bbox 131 1631 1581 1686; baseline 0.001 -14"><span class='ocrx_word' id='word_1_219' title='bbox 131 1631 288 1686; x_wconf 83' lang='lat' dir='ltr'>jocari.</span> <span class='ocrx_word' id='word_1_220' title='bbox 350 1632 600 1673; x_wconf 84' lang='lat' dir='ltr'>Ridiculum</span> <span class='ocrx_word' id='word_1_221' title='bbox 635 1642 698 1673; x_wconf 82' lang='lat' dir='ltr'>est</span> <span class='ocrx_word' id='word_1_222' title='bbox 731 1632 834 1674; x_wconf 94' lang='lat' dir='ltr'>illud</span> <span class='ocrx_word' id='word_1_223' title='bbox 873 1633 1167 1673; x_wconf 85' lang='lat' dir='ltr'>Neronianum</span> <span class='ocrx_word' id='word_1_224' title='bbox 1204 1642 1324 1673; x_wconf 89' lang='lat' dir='ltr'>vetus</span> <span class='ocrx_word' id='word_1_225' title='bbox 1362 1633 1404 1673; x_wconf 88' lang='lat' dir='ltr'>in</span> <span class='ocrx_word' id='word_1_226' title='bbox 1436 1633 1581 1673; x_wconf 85' lang='lat' dir='ltr'>furace</span> 
     </span>
     <span class='ocr_line' id='line_1_27' title="bbox 140 1688 1579 1746; baseline 0.001 -17"><span class='ocrx_word' id='word_1_227' title='bbox 140 1703 277 1739; x_wconf 84' lang='lat' dir='ltr'>servo,</span> <span class='ocrx_word' id='word_1_228' title='bbox 310 1688 449 1730; x_wconf 75' lang='lat' dir='ltr'>Solum</span> <span class='ocrx_word' id='word_1_229' title='bbox 471 1704 560 1740; x_wconf 80' lang='lat' dir='ltr'>esse,</span> <span class='ocrx_word' id='word_1_230' title='bbox 583 1690 647 1730; x_wconf 72' lang='lat' dir='ltr'>eui</span> <span class='ocrx_word' id='word_1_231' title='bbox 675 1690 783 1730; x_wconf 76' lang='lat' dir='ltr'>domi</span> <span class='ocrx_word' id='word_1_232' title='bbox 810 1689 916 1730; x_wconf 70' lang='lat' dir='ltr'>nihil</span> <span class='ocrx_word' id='word_1_233' title='bbox 943 1690 997 1731; x_wconf 76' lang='lat' dir='ltr'>sit</span> <span class='ocrx_word' id='word_1_234' title='bbox 1027 1704 1097 1730; x_wconf 79' lang='lat' dir='ltr'>nec</span> <span class='ocrx_word' id='word_1_235' title='bbox 1130 1690 1400 1746; x_wconf 73' lang='lat' dir='ltr'>obsignatum,</span> <span class='ocrx_word' id='word_1_236' title='bbox 1424 1704 1492 1731; x_wconf 80' lang='lat' dir='ltr'>nec</span> <span class='ocrx_word' id='word_1_237' title='bbox 1514 1704 1579 1731; x_wconf 84' lang='lat' dir='ltr'>oc-</span> 
     </span>
     <span class='ocr_line' id='line_1_28' title="bbox 139 1745 1577 1802; baseline 0.001 -16"><span class='ocrx_word' id='word_1_238' title='bbox 139 1745 311 1787; x_wconf 81' lang='lat' dir='ltr'>clusum.-</span> <span class='ocrx_word' id='word_1_239' title='bbox 342 1747 456 1802; x_wconf 89' lang='lat' dir='ltr'>quod</span> <span class='ocrx_word' id='word_1_240' title='bbox 479 1747 594 1788; x_wconf 88' lang='lat' dir='ltr'>idem</span> <span class='ocrx_word' id='word_1_241' title='bbox 617 1747 659 1787; x_wconf 92' lang='lat' dir='ltr'>in</span> <span class='ocrx_word' id='word_1_242' title='bbox 684 1748 797 1788; x_wconf 91' lang='lat' dir='ltr'>bono</span> <span class='ocrx_word' id='word_1_243' title='bbox 817 1762 938 1788; x_wconf 80' lang='lat' dir='ltr'>servo</span> <span class='ocrx_word' id='word_1_244' title='bbox 957 1747 1042 1789; x_wconf 87' lang='lat' dir='ltr'>dici</span> <span class='ocrx_word' id='word_1_245' title='bbox 1065 1747 1193 1799; x_wconf 76' lang='lat' dir='ltr'>solet3</span> <span class='ocrx_word' id='word_1_246' title='bbox 1226 1747 1297 1787; x_wconf 89' lang='lat' dir='ltr'>sed</span> <span class='ocrx_word' id='word_1_247' title='bbox 1321 1747 1404 1788; x_wconf 86' lang='lat' dir='ltr'>hoc</span> <span class='ocrx_word' id='word_1_248' title='bbox 1426 1747 1577 1788; x_wconf 83' lang='lat' dir='ltr'>iisdem</span> 
     </span>
     <span class='ocr_line' id='line_1_29' title="bbox 139 1803 1666 1852; baseline 0.002 -9"><span class='ocrx_word' id='word_1_249' title='bbox 139 1803 271 1843; x_wconf 86' lang='lat' dir='ltr'>etiam</span> <span class='ocrx_word' id='word_1_250' title='bbox 292 1804 447 1844; x_wconf 80' lang='lat' dir='ltr'>verbis.</span> <span class='ocrx_word' id='word_1_251' title='bbox 510 1803 577 1844; x_wconf 86' lang='lat' dir='ltr'>Ex</span> <span class='ocrx_word' id='word_1_252' title='bbox 611 1804 762 1845; x_wconf 88' lang='lat' dir='ltr'>iisdem</span> <span class='ocrx_word' id='word_1_253' title='bbox 786 1814 928 1845; x_wconf 84' lang='lat' dir='ltr'>autem</span> <span class='ocrx_word' id='word_1_254' title='bbox 961 1805 1066 1845; x_wconf 86' lang='lat' dir='ltr'>locis</span> <span class='ocrx_word' id='word_1_255' title='bbox 1097 1808 1138 1839; x_wconf 87' lang='lat'>95</span> <span class='ocrx_word' id='word_1_256' title='bbox 1152 1805 1297 1845; x_wconf 86' lang='lat' dir='ltr'>omnia</span> <span class='ocrx_word' id='word_1_257' title='bbox 1329 1814 1666 1852; x_wconf 74' lang='lat' dir='ltr'>nascuntur.249</span> 
     </span>
     <span class='ocr_line' id='line_1_30' title="bbox 141 1860 1578 1917; baseline 0.002 -17"><span class='ocrx_word' id='word_1_258' title='bbox 141 1860 256 1901; x_wconf 83' lang='lat' dir='ltr'>Nam</span> <span class='ocrx_word' id='word_1_259' title='bbox 278 1861 393 1915; x_wconf 90' lang='lat' dir='ltr'>quod</span> <span class='ocrx_word' id='word_1_260' title='bbox 417 1862 490 1917; x_wconf 84' lang='lat' dir='ltr'>Sp.</span> <span class='ocrx_word' id='word_1_261' title='bbox 516 1861 705 1903; x_wconf 81' lang='lat' dir='ltr'>Carvilio</span> <span class='ocrx_word' id='word_1_262' title='bbox 736 1862 923 1917; x_wconf 82' lang='lat' dir='ltr'>graviter</span> <span class='ocrx_word' id='word_1_263' title='bbox 952 1862 1211 1903; x_wconf 78' lang='lat' dir='ltr'>claudicanti</span> <span class='ocrx_word' id='word_1_264' title='bbox 1241 1876 1295 1902; x_wconf 86' lang='lat' dir='ltr'>ex</span> <span class='ocrx_word' id='word_1_265' title='bbox 1326 1862 1498 1903; x_wconf 88' lang='lat' dir='ltr'>vulnere</span> <span class='ocrx_word' id='word_1_266' title='bbox 1520 1863 1578 1903; x_wconf 93' lang='lat' dir='ltr'>ob</span> 
     </span>
     <span class='ocr_line' id='line_1_31' title="bbox 140 1918 1580 1975; baseline 0.002 -18"><span class='ocrx_word' id='word_1_267' title='bbox 140 1918 450 1973; x_wconf 86' lang='lat' dir='ltr'>rempublicam</span> <span class='ocrx_word' id='word_1_268' title='bbox 481 1929 675 1975; x_wconf 83' lang='lat' dir='ltr'>accepto,</span> <span class='ocrx_word' id='word_1_269' title='bbox 706 1932 750 1959; x_wconf 79' lang='lat' dir='ltr'>et</span> <span class='ocrx_word' id='word_1_270' title='bbox 781 1920 837 1960; x_wconf 93' lang='lat' dir='ltr'>ob</span> <span class='ocrx_word' id='word_1_271' title='bbox 871 1933 963 1960; x_wconf 83' lang='lat' dir='ltr'>eam</span> <span class='ocrx_word' id='word_1_272' title='bbox 993 1934 1162 1960; x_wconf 83' lang='lat' dir='ltr'>causam</span> <span class='ocrx_word' id='word_1_273' title='bbox 1198 1920 1501 1961; x_wconf 84' lang='lat' dir='ltr'>verecundanti</span> <span class='ocrx_word' id='word_1_274' title='bbox 1534 1920 1580 1960; x_wconf 88' lang='lat' dir='ltr'>in</span> 
     </span>
     <span class='ocr_line' id='line_1_32' title="bbox 141 1975 1581 2033; baseline 0.002 -18"><span class='ocrx_word' id='word_1_275' title='bbox 141 1975 363 2030; x_wconf 89' lang='lat' dir='ltr'>publicum</span> <span class='ocrx_word' id='word_1_276' title='bbox 382 1975 567 2032; x_wconf 85' lang='lat' dir='ltr'>prodire,</span> <span class='ocrx_word' id='word_1_277' title='bbox 591 1987 724 2017; x_wconf 86' lang='lat' dir='ltr'>mater</span> <span class='ocrx_word' id='word_1_278' title='bbox 746 1976 873 2026; x_wconf 79' lang='lat' dir='ltr'>dixit,</span> <span class='ocrx_word' id='word_1_279' title='bbox 910 1975 1022 2020; x_wconf 78' lang='lat' dir='ltr'>Qw&#39;n</span> <span class='ocrx_word' id='word_1_280' title='bbox 1036 1976 1192 2031; x_wconf 81' lang='lat' dir='ltr'>prodis,</span> <span class='ocrx_word' id='word_1_281' title='bbox 1214 1977 1270 2017; x_wconf 71' lang='lat' dir='ltr'>mi</span> <span class='ocrx_word' id='word_1_282' title='bbox 1295 1975 1452 2032; x_wconf 69' lang='lat' dir='ltr'>Spuri?</span> <span class='ocrx_word' id='word_1_283' title='bbox 1481 1992 1581 2033; x_wconf 84' lang='lat' dir='ltr'>quo-</span> 
     </span>
     <span class='ocr_line' id='line_1_33' title="bbox 140 2032 1582 2089; baseline 0.003 -17"><span class='ocrx_word' id='word_1_284' title='bbox 140 2032 381 2088; x_wconf 74' lang='lat' dir='ltr'>tiescumque</span> <span class='ocrx_word' id='word_1_285' title='bbox 397 2032 572 2089; x_wconf 77' lang='lat' dir='ltr'>gradum</span> <span class='ocrx_word' id='word_1_286' title='bbox 579 2032 730 2089; x_wconf 69' lang='lat' dir='ltr'>facies,</span> <span class='ocrx_word' id='word_1_287' title='bbox 753 2033 867 2074; x_wconf 78' lang='lat' dir='ltr'>toties</span> <span class='ocrx_word' id='word_1_288' title='bbox 885 2033 963 2075; x_wconf 74' lang='lat' dir='ltr'>tibi</span> <span class='ocrx_word' id='word_1_289' title='bbox 981 2041 1143 2075; x_wconf 78' lang='lat' dir='ltr'>tuarum</span> <span class='ocrx_word' id='word_1_290' title='bbox 1165 2034 1363 2076; x_wconf 76' lang='lat' dir='ltr'>virtutum</span> <span class='ocrx_word' id='word_1_291' title='bbox 1379 2034 1516 2076; x_wconf 79' lang='lat' dir='ltr'>veniat</span> <span class='ocrx_word' id='word_1_292' title='bbox 1537 2034 1582 2076; x_wconf 76' lang='lat' dir='ltr'>in</span> 
     </span>
     <span class='ocr_line' id='line_1_34' title="bbox 140 2090 1583 2147; baseline 0.003 -18"><span class='ocrx_word' id='word_1_293' title='bbox 140 2096 334 2130; x_wconf 81' lang='lat' dir='ltr'>mentem:</span> <span class='ocrx_word' id='word_1_294' title='bbox 366 2090 619 2146; x_wconf 86' lang='lat' dir='ltr'>praeclarum</span> <span class='ocrx_word' id='word_1_295' title='bbox 657 2103 699 2131; x_wconf 85' lang='lat' dir='ltr'>et</span> <span class='ocrx_word' id='word_1_296' title='bbox 733 2105 861 2147; x_wconf 81' lang='lat' dir='ltr'>grave</span> <span class='ocrx_word' id='word_1_297' title='bbox 893 2100 983 2133; x_wconf 87' lang='lat' dir='ltr'>est:</span> <span class='ocrx_word' id='word_1_298' title='bbox 1021 2092 1135 2147; x_wconf 91' lang='lat' dir='ltr'>quod</span> <span class='ocrx_word' id='word_1_299' title='bbox 1174 2091 1357 2132; x_wconf 79' lang='lat' dir='ltr'>Calvino</span> <span class='ocrx_word' id='word_1_300' title='bbox 1398 2091 1583 2133; x_wconf 83' lang='lat' dir='ltr'>Glaucia</span> 
     </span>
     <span class='ocr_line' id='line_1_35' title="bbox 139 2146 1717 2221; baseline 0.002 -34"><span class='ocrx_word' id='word_1_301' title='bbox 139 2146 415 2199; x_wconf 77' lang='lat' dir='ltr'>claudicanti,</span> <span class='ocrx_word' id='word_1_302' title='bbox 452 2147 533 2189; x_wconf 80' lang='lat' dir='ltr'>Ubi</span> <span class='ocrx_word' id='word_1_303' title='bbox 555 2156 610 2189; x_wconf 84' lang='lat' dir='ltr'>est</span> <span class='ocrx_word' id='word_1_304' title='bbox 631 2155 741 2190; x_wconf 76' lang='lat' dir='ltr'>vetus</span> <span class='ocrx_word' id='word_1_305' title='bbox 759 2147 892 2189; x_wconf 59' lang='lat' dir='ltr'>illud?</span> <span class='ocrx_word' id='word_1_306' title='bbox 921 2163 1018 2189; x_wconf 75' lang='lat' dir='ltr'>mem</span> <span class='ocrx_word' id='word_1_307' title='bbox 1039 2146 1273 2190; x_wconf 69' lang='lat' dir='ltr'>claudicas?</span> <span class='ocrx_word' id='word_1_308' title='bbox 1303 2150 1343 2183; x_wconf 88' lang='lat'>96</span> <span class='ocrx_word' id='word_1_309' title='bbox 1353 2156 1396 2190; x_wconf 78' lang='lat' dir='ltr'>at</span> <span class='ocrx_word' id='word_1_310' title='bbox 1418 2149 1482 2190; x_wconf 78' lang='lat' dir='ltr'>hic</span> <span class='ocrx_word' id='word_1_311' title='bbox 1501 2148 1582 2191; x_wconf 90' lang='lat' dir='ltr'>clo·</span> <span class='ocrx_word' id='word_1_312' title='bbox 1595 2157 1626 2221; x_wconf 67' lang='lat' dir='ltr'>la&gt;-</span> <span class='ocrx_word' id='word_1_313' title='bbox 1646 2149 1717 2180; x_wconf 74' lang='lat'><strong>132.</strong></span> 
     </span>
    </p>
   </div>
   <div class='ocr_carea' id='block_1_3' title="bbox 142 2273 844 2947">
    <p class='ocr_par' dir='ltr' id='par_1_6' title="bbox 142 2273 837 2356">
     <span class='ocr_line' id='line_1_36' title="bbox 182 2273 837 2314; baseline 0.003 -13"><span class='ocrx_word' id='word_1_314' title='bbox 182 2274 220 2305; x_wconf 85' lang='lat'>91</span> <span class='ocrx_word' id='word_1_315' title='bbox 247 2282 365 2303; x_wconf 78' lang='lat' dir='ltr'>manus</span> <span class='ocrx_word' id='word_1_316' title='bbox 389 2273 480 2312; x_wconf 82' lang='lat' dir='ltr'>lava]</span> <span class='ocrx_word' id='word_1_317' title='bbox 506 2274 692 2314; x_wconf 82' lang='lat' dir='ltr'>Exprobrat</span> <span class='ocrx_word' id='word_1_318' title='bbox 709 2275 837 2305; x_wconf 79' lang='lat' dir='ltr'>facetis-</span> 
     </span>
     <span class='ocr_line' id='line_1_37' title="bbox 142 2313 825 2356; baseline 0.006 -13"><span class='ocrx_word' id='word_1_319' title='bbox 142 2313 224 2344; x_wconf 87' lang='lat' dir='ltr'>sime</span> <span class='ocrx_word' id='word_1_320' title='bbox 239 2315 348 2345; x_wconf 83' lang='lat' dir='ltr'>sordcs</span> <span class='ocrx_word' id='word_1_321' title='bbox 361 2316 507 2345; x_wconf 79' lang='lat' dir='ltr'>avaritiae</span> <span class='ocrx_word' id='word_1_322' title='bbox 520 2327 538 2346; x_wconf 89' lang='lat' dir='ltr'>e</span> <span class='ocrx_word' id='word_1_323' title='bbox 553 2317 697 2356; x_wconf 83' lang='lat' dir='ltr'>pecuniis</span> <span class='ocrx_word' id='word_1_324' title='bbox 711 2318 825 2356; x_wconf 81' lang='lat' dir='ltr'>captis.</span> 
     </span>
    </p>

    <p class='ocr_par' dir='ltr' id='par_1_7' title="bbox 143 2357 839 2513">
     <span class='ocr_line' id='line_1_38' title="bbox 185 2357 838 2397; baseline 0.003 -11"><span class='ocrx_word' id='word_1_325' title='bbox 185 2359 226 2390; x_wconf 70' lang='lat'>92</span> <span class='ocrx_word' id='word_1_326' title='bbox 247 2367 323 2387; x_wconf 80' lang='lat' dir='ltr'>cum</span> <span class='ocrx_word' id='word_1_327' title='bbox 343 2357 394 2388; x_wconf 82' lang='lat' dir='ltr'>M.</span> <span class='ocrx_word' id='word_1_328' title='bbox 421 2357 614 2397; x_wconf 68' lang='lat' dir='ltr'>saofintre]</span> <span class='ocrx_word' id='word_1_329' title='bbox 639 2359 706 2389; x_wconf 79' lang='lat' dir='ltr'>Suo</span> <span class='ocrx_word' id='word_1_330' title='bbox 728 2359 838 2389; x_wconf 68' lang='lat' dir='ltr'>delen:</span> 
     </span>
     <span class='ocr_line' id='line_1_39' title="bbox 144 2397 837 2439; baseline 0.004 -12"><span class='ocrx_word' id='word_1_331' title='bbox 144 2397 221 2428; x_wconf 84' lang='lat' dir='ltr'>dum</span> <span class='ocrx_word' id='word_1_332' title='bbox 238 2404 332 2438; x_wconf 84' lang='lat' dir='ltr'>puto:</span> <span class='ocrx_word' id='word_1_333' title='bbox 357 2400 457 2429; x_wconf 80' lang='lat' dir='ltr'>fratre</span> <span class='ocrx_word' id='word_1_334' title='bbox 472 2410 516 2430; x_wconf 87' lang='lat' dir='ltr'>sc.</span> <span class='ocrx_word' id='word_1_335' title='bbox 531 2400 620 2437; x_wconf 85' lang='lat' dir='ltr'>Auli,</span> <span class='ocrx_word' id='word_1_336' title='bbox 635 2401 688 2439; x_wconf 84' lang='lat' dir='ltr'>qui</span> <span class='ocrx_word' id='word_1_337' title='bbox 702 2402 837 2431; x_wconf 82' lang='lat' dir='ltr'>comita-</span> 
     </span>
     <span class='ocr_line' id='line_1_40' title="bbox 143 2440 839 2482; baseline 0.004 -12"><span class='ocrx_word' id='word_1_338' title='bbox 143 2440 242 2470; x_wconf 85' lang='lat' dir='ltr'>batur</span> <span class='ocrx_word' id='word_1_339' title='bbox 257 2441 392 2471; x_wconf 82' lang='lat' dir='ltr'>fratrem</span> <span class='ocrx_word' id='word_1_340' title='bbox 409 2448 575 2482; x_wconf 79' lang='lat' dir='ltr'>petentem</span> <span class='ocrx_word' id='word_1_341' title='bbox 595 2445 839 2482; x_wconf 79' lang='lat' dir='ltr'>magistratum,</span> 
     </span>
     <span class='ocr_line' id='line_1_41' title="bbox 145 2482 300 2513; baseline 0.013 -2"><span class='ocrx_word' id='word_1_342' title='bbox 145 2482 184 2512; x_wconf 89' lang='lat' dir='ltr'>‹le</span> <span class='ocrx_word' id='word_1_343' title='bbox 198 2493 300 2513; x_wconf 84' lang='lat' dir='ltr'>more.</span> 
     </span>
    </p>

    <p class='ocr_par' dir='ltr' id='par_1_8' title="bbox 143 2526 843 2852">
     <span class='ocr_line' id='line_1_42' title="bbox 185 2526 840 2566; baseline 0.002 -11"><span class='ocrx_word' id='word_1_344' title='bbox 185 2528 226 2560; x_wconf 88' lang='grc'>93</span> <span class='ocrx_word' id='word_1_345' title='bbox 249 2526 284 2555; x_wconf 78' lang='lat' dir='ltr'>id</span> <span class='ocrx_word' id='word_1_346' title='bbox 297 2527 381 2556; x_wconf 76' lang='lat' dir='ltr'>alias</span> <span class='ocrx_word' id='word_1_347' title='bbox 397 2527 430 2556; x_wconf 81' lang='lat' dir='ltr'>in</span> <span class='ocrx_word' id='word_1_348' title='bbox 445 2536 479 2556; x_wconf 80' lang='lat' dir='ltr'>re</span> <span class='ocrx_word' id='word_1_349' title='bbox 492 2526 602 2556; x_wconf 75' lang='lat' dir='ltr'>haberi</span> <span class='ocrx_word' id='word_1_350' title='bbox 618 2526 690 2566; x_wconf 83' lang='lat' dir='ltr'>&amp;c.]</span> <span class='ocrx_word' id='word_1_351' title='bbox 716 2526 840 2556; x_wconf 81' lang='lat' dir='ltr'>Locum</span> 
     </span>
     <span class='ocr_line' id='line_1_43' title="bbox 143 2566 842 2608; baseline 0.001 -11"><span class='ocrx_word' id='word_1_352' title='bbox 143 2566 234 2597; x_wconf 87' lang='lat' dir='ltr'>hunc</span> <span class='ocrx_word' id='word_1_353' title='bbox 248 2569 446 2598; x_wconf 73' lang='lat' dir='ltr'>correximus</span> <span class='ocrx_word' id='word_1_354' title='bbox 469 2579 508 2598; x_wconf 83' lang='lat' dir='ltr'>ex</span> <span class='ocrx_word' id='word_1_355' title='bbox 531 2568 603 2599; x_wconf 81' lang='lat' dir='ltr'>edd.</span> <span class='ocrx_word' id='word_1_356' title='bbox 629 2578 675 2608; x_wconf 84' lang='lat' dir='ltr'>pr.</span> <span class='ocrx_word' id='word_1_357' title='bbox 719 2569 842 2607; x_wconf 74' lang='lat' dir='ltr'>Vulga-</span> 
     </span>
     <span class='ocr_line' id='line_1_44' title="bbox 144 2610 841 2650; baseline 0.001 -12"><span class='ocrx_word' id='word_1_358' title='bbox 144 2615 231 2646; x_wconf 87' lang='lat' dir='ltr'>tum,</span> <span class='ocrx_word' id='word_1_359' title='bbox 255 2610 560 2650; x_wconf 40' lang='lat' dir='ltr'>haberessthcetias.</span> <span class='ocrx_word' id='word_1_360' title='bbox 578 2612 720 2641; x_wconf 61' lang='lat' dir='ltr'>mamime</span> <span class='ocrx_word' id='word_1_361' title='bbox 741 2612 841 2640; x_wconf 74' lang='lat' dir='ltr'>etiam</span> 
     </span>
     <span class='ocr_line' id='line_1_45' title="bbox 148 2651 841 2687; baseline 0.003 -7"><span class='ocrx_word' id='word_1_362' title='bbox 148 2651 206 2681; x_wconf 74' lang='grc' dir='ltr'>διο.</span> <span class='ocrx_word' id='word_1_363' title='bbox 219 2656 269 2681; x_wconf 75' lang='lat' dir='ltr'>est</span> <span class='ocrx_word' id='word_1_364' title='bbox 285 2653 325 2682; x_wconf 84' lang='lat' dir='ltr'>ab</span> <span class='ocrx_word' id='word_1_365' title='bbox 340 2653 433 2683; x_wconf 83' lang='lat' dir='ltr'>Aldo.</span> <span class='ocrx_word' id='word_1_366' title='bbox 458 2653 557 2683; x_wconf 83' lang='lat' dir='ltr'>Error</span> <span class='ocrx_word' id='word_1_367' title='bbox 569 2660 660 2683; x_wconf 85' lang='lat' dir='ltr'>ortus</span> <span class='ocrx_word' id='word_1_368' title='bbox 675 2658 723 2682; x_wconf 78' lang='lat' dir='ltr'>est</span> <span class='ocrx_word' id='word_1_369' title='bbox 737 2664 774 2682; x_wconf 77' lang='lat' dir='ltr'>ex</span> <span class='ocrx_word' id='word_1_370' title='bbox 789 2663 841 2687; x_wconf 86' lang='lat' dir='ltr'>eo,</span> 
     </span>
     <span class='ocr_line' id='line_1_46' title="bbox 146 2693 841 2731; baseline 0.001 -9"><span class='ocrx_word' id='word_1_371' title='bbox 146 2693 233 2731; x_wconf 88' lang='lat' dir='ltr'>quod</span> <span class='ocrx_word' id='word_1_372' title='bbox 257 2694 290 2723; x_wconf 89' lang='lat' dir='ltr'>in</span> <span class='ocrx_word' id='word_1_373' title='bbox 317 2695 367 2724; x_wconf 75' lang='lat' dir='ltr'>ed.</span> <span class='ocrx_word' id='word_1_374' title='bbox 388 2695 442 2725; x_wconf 85' lang='lat' dir='ltr'>W.</span> <span class='ocrx_word' id='word_1_375' title='bbox 466 2700 499 2725; x_wconf 75' lang='lat' dir='ltr'>et</span> <span class='ocrx_word' id='word_1_376' title='bbox 520 2705 546 2725; x_wconf 87' lang='lat' dir='ltr'>s.</span> <span class='ocrx_word' id='word_1_377' title='bbox 575 2695 597 2725; x_wconf 93' lang='lat' dir='ltr'>l.</span> <span class='ocrx_word' id='word_1_378' title='bbox 622 2700 655 2725; x_wconf 85' lang='lat' dir='ltr'>et</span> <span class='ocrx_word' id='word_1_379' title='bbox 679 2706 708 2725; x_wconf 81' lang='lat' dir='ltr'>a.</span> <span class='ocrx_word' id='word_1_380' title='bbox 731 2699 841 2724; x_wconf 73' lang='lat' dir='ltr'>antem</span> 
     </span>
     <span class='ocr_line' id='line_1_47' title="bbox 147 2736 842 2775; baseline 0.001 -11"><span class='ocrx_word' id='word_1_381' title='bbox 147 2736 384 2775; x_wconf 83' lang='lat' dir='ltr'>transpositum</span> <span class='ocrx_word' id='word_1_382' title='bbox 419 2743 502 2773; x_wconf 83' lang='lat' dir='ltr'>erat,</span> <span class='ocrx_word' id='word_1_383' title='bbox 541 2741 685 2767; x_wconf 62' lang='lat' dir='ltr'>mmsime</span> <span class='ocrx_word' id='word_1_384' title='bbox 719 2742 842 2771; x_wconf 72' lang='lat' dir='ltr'>cratem,</span> 
     </span>
     <span class='ocr_line' id='line_1_48' title="bbox 148 2777 843 2815; baseline 0.003 -9"><span class='ocrx_word' id='word_1_385' title='bbox 148 2777 235 2815; x_wconf 82' lang='lat' dir='ltr'>quod</span> <span class='ocrx_word' id='word_1_386' title='bbox 260 2779 399 2808; x_wconf 83' lang='lat' dir='ltr'>correxit</span> <span class='ocrx_word' id='word_1_387' title='bbox 422 2779 504 2809; x_wconf 86' lang='lat' dir='ltr'>bene</span> <span class='ocrx_word' id='word_1_388' title='bbox 535 2779 584 2810; x_wconf 88' lang='lat' dir='ltr'>ed.</span> <span class='ocrx_word' id='word_1_389' title='bbox 611 2779 744 2810; x_wconf 85' lang='lat' dir='ltr'>Mediol.</span> <span class='ocrx_word' id='word_1_390' title='bbox 790 2780 843 2809; x_wconf 65' lang='lat' dir='ltr'>Sic</span> 
     </span>
     <span class='ocr_line' id='line_1_49' title="bbox 149 2820 496 2852; baseline 0.009 -4"><span class='ocrx_word' id='word_1_391' title='bbox 149 2824 200 2849; x_wconf 88' lang='lat' dir='ltr'>est</span> <span class='ocrx_word' id='word_1_392' title='bbox 214 2820 315 2850; x_wconf 80' lang='lat' dir='ltr'>etiam</span> <span class='ocrx_word' id='word_1_393' title='bbox 330 2820 363 2850; x_wconf 87' lang='lat' dir='ltr'>in</span> <span class='ocrx_word' id='word_1_394' title='bbox 380 2821 442 2851; x_wconf 83' lang='lat' dir='ltr'>Ms.</span> <span class='ocrx_word' id='word_1_395' title='bbox 459 2822 496 2852; x_wconf 83' lang='lat' dir='ltr'>E.</span> 
     </span>
    </p>

    <p class='ocr_par' dir='ltr' id='par_1_9' title="bbox 149 2863 844 2947">
     <span class='ocr_line' id='line_1_50' title="bbox 179 2863 844 2903; baseline 0.003 -12"><span class='ocrx_word' id='word_1_396' title='bbox 179 2864 233 2895; x_wconf 59' lang='lat'>&gt;94</span> <span class='ocrx_word' id='word_1_397' title='bbox 254 2872 294 2892; x_wconf 58' lang='lat' dir='ltr'>ez·</span> <span class='ocrx_word' id='word_1_398' title='bbox 308 2863 422 2894; x_wconf 74' lang='lat' dir='ltr'>iisdem</span> <span class='ocrx_word' id='word_1_399' title='bbox 438 2863 607 2903; x_wconf 77' lang='lat' dir='ltr'>locisfere]</span> <span class='ocrx_word' id='word_1_400' title='bbox 626 2864 721 2894; x_wconf 76' lang='lat' dir='ltr'>Locis</span> <span class='ocrx_word' id='word_1_401' title='bbox 734 2863 844 2894; x_wconf 81' lang='lat' dir='ltr'>delen-</span> 
     </span>
     <span class='ocr_line' id='line_1_51' title="bbox 149 2902 844 2947; baseline 0.003 -13"><span class='ocrx_word' id='word_1_402' title='bbox 149 2902 227 2934; x_wconf 88' lang='lat' dir='ltr'>dum</span> <span class='ocrx_word' id='word_1_403' title='bbox 252 2910 349 2945; x_wconf 81' lang='lat' dir='ltr'>puto:</span> <span class='ocrx_word' id='word_1_404' title='bbox 373 2905 458 2944; x_wconf 87' lang='lat' dir='ltr'>quod</span> <span class='ocrx_word' id='word_1_405' title='bbox 478 2917 495 2937; x_wconf 88' lang='lat' dir='ltr'>e</span> <span class='ocrx_word' id='word_1_406' title='bbox 517 2905 624 2947; x_wconf 76' lang='lat' dir='ltr'>glossa</span> <span class='ocrx_word' id='word_1_407' title='bbox 647 2913 762 2937; x_wconf 82' lang='lat' dir='ltr'>natum</span> <span class='ocrx_word' id='word_1_408' title='bbox 784 2912 844 2937; x_wconf 83' lang='lat' dir='ltr'>est.</span> 
     </span>
    </p>
   </div>
   <div class='ocr_carea' id='block_1_4' title="bbox 879 2273 1584 2905">
    <p class='ocr_par' dir='ltr' id='par_1_10' title="bbox 879 2273 1582 2347">
     <span class='ocr_line' id='line_1_52' title="bbox 879 2273 1582 2315; baseline 0.003 -11"><span class='ocrx_word' id='word_1_409' title='bbox 879 2273 1027 2305; x_wconf 85' lang='lat' dir='ltr'>Deberet</span> <span class='ocrx_word' id='word_1_410' title='bbox 1041 2274 1160 2304; x_wconf 84' lang='lat' dir='ltr'>saltem</span> <span class='ocrx_word' id='word_1_411' title='bbox 1175 2284 1256 2312; x_wconf 86' lang='lat' dir='ltr'>esse,</span> <span class='ocrx_word' id='word_1_412' title='bbox 1270 2285 1310 2305; x_wconf 68' lang='lat' dir='ltr'>ex</span> <span class='ocrx_word' id='word_1_413' title='bbox 1323 2276 1436 2305; x_wconf 76' lang='lat' dir='ltr'>iisdem</span> <span class='ocrx_word' id='word_1_414' title='bbox 1440 2275 1522 2315; x_wconf 77' lang='lat' dir='ltr'>fere</span> <span class='ocrx_word' id='word_1_415' title='bbox 1538 2277 1582 2306; x_wconf 81' lang='lat' dir='ltr'>lo-</span> 
     </span>
     <span class='ocr_line' id='line_1_53' title="bbox 880 2327 936 2347; baseline 0.018 -1"><span class='ocrx_word' id='word_1_416' title='bbox 880 2327 936 2347; x_wconf 72' lang='lat' dir='ltr'>ew.</span> 
     </span>
    </p>

    <p class='ocr_par' dir='ltr' id='par_1_11' title="bbox 881 2359 1584 2810">
     <span class='ocr_line' id='line_1_54' title="bbox 921 2359 1578 2398; baseline 0.005 -11"><span class='ocrx_word' id='word_1_417' title='bbox 921 2360 962 2392; x_wconf 89' lang='grc'>95</span> <span class='ocrx_word' id='word_1_418' title='bbox 984 2360 1093 2389; x_wconf 75' lang='lat' dir='ltr'>omnia</span> <span class='ocrx_word' id='word_1_419' title='bbox 1108 2359 1304 2398; x_wconf 77' lang='lat' dir='ltr'>naseuntur]</span> <span class='ocrx_word' id='word_1_420' title='bbox 1334 2359 1455 2390; x_wconf 76' lang='lat' dir='ltr'>Omnia</span> <span class='ocrx_word' id='word_1_421' title='bbox 1469 2360 1578 2390; x_wconf 85' lang='lat' dir='ltr'>delen-</span> 
     </span>
     <span class='ocr_line' id='line_1_55' title="bbox 881 2400 1580 2443; baseline 0.004 -13"><span class='ocrx_word' id='word_1_422' title='bbox 881 2400 959 2430; x_wconf 91' lang='lat' dir='ltr'>dum</span> <span class='ocrx_word' id='word_1_423' title='bbox 985 2405 1083 2440; x_wconf 79' lang='lat' dir='ltr'>puto3</span> <span class='ocrx_word' id='word_1_424' title='bbox 1107 2401 1193 2440; x_wconf 84' lang='lat' dir='ltr'>quod</span> <span class='ocrx_word' id='word_1_425' title='bbox 1218 2402 1251 2431; x_wconf 84' lang='lat' dir='ltr'>in</span> <span class='ocrx_word' id='word_1_426' title='bbox 1276 2402 1338 2431; x_wconf 81' lang='lat' dir='ltr'>Ms.</span> <span class='ocrx_word' id='word_1_427' title='bbox 1367 2403 1405 2432; x_wconf 86' lang='lat' dir='ltr'>E.</span> <span class='ocrx_word' id='word_1_428' title='bbox 1428 2408 1479 2433; x_wconf 87' lang='lat' dir='ltr'>est</span> <span class='ocrx_word' id='word_1_429' title='bbox 1505 2408 1580 2443; x_wconf 82' lang='lat' dir='ltr'>post</span> 
     </span>
     <span class='ocr_line' id='line_1_56' title="bbox 883 2443 1580 2483; baseline 0.004 -11"><span class='ocrx_word' id='word_1_430' title='bbox 883 2448 1074 2474; x_wconf 77' lang='lat' dir='ltr'>nascuntur.</span> <span class='ocrx_word' id='word_1_431' title='bbox 1119 2444 1205 2474; x_wconf 86' lang='lat' dir='ltr'>Nam</span> <span class='ocrx_word' id='word_1_432' title='bbox 1225 2443 1264 2473; x_wconf 88' lang='lat' dir='ltr'>de</span> <span class='ocrx_word' id='word_1_433' title='bbox 1289 2453 1406 2483; x_wconf 83' lang='lat' dir='ltr'>genere</span> <span class='ocrx_word' id='word_1_434' title='bbox 1428 2446 1580 2475; x_wconf 85' lang='lat' dir='ltr'>universo</span> 
     </span>
     <span class='ocr_line' id='line_1_57' title="bbox 883 2484 1582 2525; baseline 0.006 -11"><span class='ocrx_word' id='word_1_435' title='bbox 883 2489 960 2515; x_wconf 86' lang='lat' dir='ltr'>aute</span> <span class='ocrx_word' id='word_1_436' title='bbox 984 2484 1076 2516; x_wconf 72' lang='lat' dir='ltr'>dixit.</span> <span class='ocrx_word' id='word_1_437' title='bbox 1124 2486 1196 2515; x_wconf 85' lang='lat' dir='ltr'>Hoc</span> <span class='ocrx_word' id='word_1_438' title='bbox 1217 2488 1362 2525; x_wconf 79' lang='lat' dir='ltr'>pertinet</span> <span class='ocrx_word' id='word_1_439' title='bbox 1382 2492 1516 2518; x_wconf 78' lang='lat' dir='ltr'>tantum</span> <span class='ocrx_word' id='word_1_440' title='bbox 1541 2487 1582 2517; x_wconf 84' lang='lat' dir='ltr'>ad</span> 
     </span>
     <span class='ocr_line' id='line_1_58' title="bbox 883 2526 1582 2569; baseline 0.004 -12"><span class='ocrx_word' id='word_1_441' title='bbox 883 2526 1070 2567; x_wconf 69' lang='lat' dir='ltr'>exemplum</span> <span class='ocrx_word' id='word_1_442' title='bbox 1106 2527 1328 2568; x_wconf 83' lang='lat' dir='ltr'>propositum:</span> <span class='ocrx_word' id='word_1_443' title='bbox 1375 2538 1503 2569; x_wconf 76' lang='lat' dir='ltr'>nempe,</span> <span class='ocrx_word' id='word_1_444' title='bbox 1548 2534 1582 2560; x_wconf 86' lang='lat' dir='ltr'>et</span> 
     </span>
     <span class='ocr_line' id='line_1_59' title="bbox 884 2569 1584 2610; baseline 0.006 -12"><span class='ocrx_word' id='word_1_445' title='bbox 884 2569 970 2608; x_wconf 85' lang='lat' dir='ltr'>quod</span> <span class='ocrx_word' id='word_1_446' title='bbox 993 2571 1027 2599; x_wconf 86' lang='lat' dir='ltr'>in</span> <span class='ocrx_word' id='word_1_447' title='bbox 1054 2569 1182 2600; x_wconf 80' lang='lat' dir='ltr'>laudem</span> <span class='ocrx_word' id='word_1_448' title='bbox 1208 2570 1341 2605; x_wconf 65' lang='lat' dir='ltr'>dicitur,</span> <span class='ocrx_word' id='word_1_449' title='bbox 1368 2576 1402 2601; x_wconf 87' lang='lat' dir='ltr'>et</span> <span class='ocrx_word' id='word_1_450' title='bbox 1429 2571 1515 2610; x_wconf 87' lang='lat' dir='ltr'>quod</span> <span class='ocrx_word' id='word_1_451' title='bbox 1542 2572 1584 2603; x_wconf 86' lang='lat' dir='ltr'>ad</span> 
     </span>
     <span class='ocr_line' id='line_1_60' title="bbox 885 2611 1582 2647; baseline 0.006 -7"><span class='ocrx_word' id='word_1_452' title='bbox 885 2611 1134 2647; x_wconf 65' lang='lat' dir='ltr'>coutumeliam,</span> <span class='ocrx_word' id='word_1_453' title='bbox 1150 2623 1189 2642; x_wconf 77' lang='lat' dir='ltr'>ex</span> <span class='ocrx_word' id='word_1_454' title='bbox 1203 2612 1315 2642; x_wconf 75' lang='lat' dir='ltr'>eodem</span> <span class='ocrx_word' id='word_1_455' title='bbox 1331 2612 1424 2643; x_wconf 80' lang='lat' dir='ltr'>fonte</span> <span class='ocrx_word' id='word_1_456' title='bbox 1439 2613 1582 2644; x_wconf 83' lang='lat' dir='ltr'>ducitur.</span> 
     </span>
     <span class='ocr_line' id='line_1_61' title="bbox 885 2653 1581 2695; baseline 0.004 -12"><span class='ocrx_word' id='word_1_457' title='bbox 885 2654 937 2683; x_wconf 72' lang='lat' dir='ltr'>sic</span> <span class='ocrx_word' id='word_1_458' title='bbox 952 2653 1062 2692; x_wconf 84' lang='lat' dir='ltr'>paullo</span> <span class='ocrx_word' id='word_1_459' title='bbox 1088 2659 1173 2693; x_wconf 79' lang='lat' dir='ltr'>post,</span> <span class='ocrx_word' id='word_1_460' title='bbox 1194 2655 1226 2683; x_wconf 86' lang='lat' dir='ltr'>in</span> <span class='ocrx_word' id='word_1_461' title='bbox 1251 2655 1400 2694; x_wconf 84' lang='lat' dir='ltr'>exemplo</span> <span class='ocrx_word' id='word_1_462' title='bbox 1419 2656 1581 2695; x_wconf 81' lang='lat' dir='ltr'>proximu,</span> 
     </span>
     <span class='ocr_line' id='line_1_62' title="bbox 885 2695 1582 2735; baseline 0.004 -10"><span class='ocrx_word' id='word_1_463' title='bbox 885 2695 990 2725; x_wconf 87' lang='lat' dir='ltr'>simile</span> <span class='ocrx_word' id='word_1_464' title='bbox 1015 2696 1092 2734; x_wconf 78' lang='lat' dir='ltr'>quid</span> <span class='ocrx_word' id='word_1_465' title='bbox 1114 2696 1276 2735; x_wconf 80' lang='lat' dir='ltr'>adjungit.</span> <span class='ocrx_word' id='word_1_466' title='bbox 1322 2696 1367 2726; x_wconf 89' lang='lat' dir='ltr'>Et</span> <span class='ocrx_word' id='word_1_467' title='bbox 1391 2697 1512 2728; x_wconf 79' lang='lat' dir='ltr'>debent</span> <span class='ocrx_word' id='word_1_468' title='bbox 1537 2699 1582 2728; x_wconf 80' lang='lat' dir='ltr'>sic</span> 
     </span>
     <span class='ocr_line' id='line_1_63' title="bbox 886 2738 1583 2777; baseline 0.006 -11"><span class='ocrx_word' id='word_1_469' title='bbox 886 2739 1058 2777; x_wconf 78' lang='lat' dir='ltr'>conjungi:</span> <span class='ocrx_word' id='word_1_470' title='bbox 1084 2739 1197 2768; x_wconf 79' lang='lat' dir='ltr'>iisdem</span> <span class='ocrx_word' id='word_1_471' title='bbox 1215 2738 1316 2768; x_wconf 74' lang='lat' dir='ltr'>etiam</span> <span class='ocrx_word' id='word_1_472' title='bbox 1329 2740 1452 2770; x_wconf 76' lang='lat' dir='ltr'>verbis:</span> <span class='ocrx_word' id='word_1_473' title='bbox 1475 2750 1515 2770; x_wconf 70' lang='lat' dir='ltr'>ex</span> <span class='ocrx_word' id='word_1_474' title='bbox 1528 2741 1583 2770; x_wconf 75' lang='lat' dir='ltr'>iis-</span> 
     </span>
     <span class='ocr_line' id='line_1_64' title="bbox 886 2780 1246 2810; baseline 0.003 -1"><span class='ocrx_word' id='word_1_475' title='bbox 886 2780 958 2809; x_wconf 81' lang='lat' dir='ltr'>dem</span> <span class='ocrx_word' id='word_1_476' title='bbox 972 2790 1004 2809; x_wconf 79' lang='lat' dir='ltr'>a.</span> <span class='ocrx_word' id='word_1_477' title='bbox 1019 2782 1040 2810; x_wconf 89' lang='lat' dir='ltr'>l.</span> <span class='ocrx_word' id='word_1_478' title='bbox 1055 2784 1246 2810; x_wconf 75' lang='lat' dir='ltr'>nascuntur.</span> 
     </span>
    </p>

    <p class='ocr_par' dir='ltr' id='par_1_12' title="bbox 888 2822 1584 2905">
     <span class='ocr_line' id='line_1_65' title="bbox 928 2822 1584 2861; baseline 0.002 -9"><span class='ocrx_word' id='word_1_479' title='bbox 928 2823 969 2856; x_wconf 88' lang='lat'>96</span> <span class='ocrx_word' id='word_1_480' title='bbox 983 2832 1016 2852; x_wconf 82' lang='lat' dir='ltr'>a.</span> <span class='ocrx_word' id='word_1_481' title='bbox 1030 2822 1226 2861; x_wconf 55' lang='lat' dir='ltr'>hmbodicat]</span> <span class='ocrx_word' id='word_1_482' title='bbox 1243 2823 1392 2854; x_wconf 83' lang='lat' dir='ltr'>Pearcius</span> <span class='ocrx_word' id='word_1_483' title='bbox 1407 2823 1584 2854; x_wconf 82' lang='lat' dir='ltr'>claudicat.</span> 
     </span>
     <span class='ocr_line' id='line_1_66' title="bbox 888 2864 1583 2905; baseline 0 -11"><span class='ocrx_word' id='word_1_484' title='bbox 888 2865 942 2894; x_wconf 80' lang='lat' dir='ltr'>Sic</span> <span class='ocrx_word' id='word_1_485' title='bbox 955 2868 990 2894; x_wconf 86' lang='lat' dir='ltr'>et</span> <span class='ocrx_word' id='word_1_486' title='bbox 1003 2864 1190 2904; x_wconf 83' lang='lat' dir='ltr'>Stephanus</span> <span class='ocrx_word' id='word_1_487' title='bbox 1204 2868 1238 2894; x_wconf 87' lang='lat' dir='ltr'>et</span> <span class='ocrx_word' id='word_1_488' title='bbox 1248 2864 1365 2896; x_wconf 89' lang='lat' dir='ltr'>Lamb.</span> <span class='ocrx_word' id='word_1_489' title='bbox 1379 2875 1419 2896; x_wconf 86' lang='lat' dir='ltr'>ex</span> <span class='ocrx_word' id='word_1_490' title='bbox 1433 2865 1583 2905; x_wconf 58' lang='lat' dir='ltr'>ingenim</span> 
     </span>
    </p>
   </div>
   <div class='ocr_carea' id='block_1_5' title="bbox 887 2906 1290 2938">
    <p class='ocr_par' dir='ltr' id='par_1_13' title="bbox 887 2906 1290 2938">
     <span class='ocr_line' id='line_1_67' title="bbox 887 2906 1290 2938; baseline 0 -2"><span class='ocrx_word' id='word_1_491' title='bbox 887 2906 943 2937; x_wconf 84' lang='lat' dir='ltr'>sed</span> <span class='ocrx_word' id='word_1_492' title='bbox 957 2906 1041 2938; x_wconf 85' lang='lat' dir='ltr'>illud</span> <span class='ocrx_word' id='word_1_493' title='bbox 1054 2906 1154 2938; x_wconf 82' lang='lat' dir='ltr'>habet</span> <span class='ocrx_word' id='word_1_494' title='bbox 1168 2906 1233 2937; x_wconf 67' lang='grc' dir='ltr'>ΜΞ.</span> <span class='ocrx_word' id='word_1_495' title='bbox 1249 2906 1290 2937; x_wconf 88' lang='grc' dir='ltr'>Ε.</span> 
     </span>
    </p>
   </div>
  </div>
 </body>
</html>
