1945 3235
487 112 784 150 ORATORIAE

827 111 1194 152 PARTITIONES.

1485 114 1564 156 607

107 227 161 255 ne
193 214 427 256 ostentatio
463 216 684 257 memori-:a
718 224 917 272 suscepta
947 215 1141 256 videatur
1170 230 1260 257 esse
1292 216 1481 272 puerilis.
1515 216 1560 259 id

107 269 302 326 effugiet,
325 273 398 327 qui
430 287 517 314 non
540 275 687 314 onmia
717 275 897 315 minima
923 282 1102 328 repetet,
1127 274 1198 314 sed
1220 274 1367 315 brevia
1391 274 1561 330 singula

108 328 344 385 attingens,
370 331 559 385 pondera
582 346 720 372 rerum
746 332 839 387 ipsa
856 330 1209 385 comprehendet.

167 385 219 426 C.
246 387 293 427 F.
320 388 538 433 Quoniam
563 398 606 429 et
633 389 685 429 de
708 389 802 443 ipso
826 396 995 428 oratore
1018 397 1061 428 et
1091 388 1144 428 (le
1167 388 1361 428 oratione
1391 388 1557 439 dixisti,
1582 389 1643 437 18

106 456 280 498 expone
301 459 396 485 eum
434 446 539 486 mihi
576 461 704 496 nunc,
727 459 855 500 quem
878 459 931 485 ex
965 445 1102 486 tribus
1126 454 1368 485 extremum
1402 461 1559 501 propo·
1572 461 1619 494 (51

108 500 248 551 suisti,
271 502 523 558 quaestiouis
559 502 716 543 locum.

779 502 832 543 C.
858 502 907 543 P.
946 502 1046 543 Duo
1075 512 1188 553 sunt,
1223 512 1267 542 ut
1301 502 1428 542 initio
1452 503 1560 554 dixi,

107 560 399 612 quaestionum
433 574 614 615 genera3
645 574 829 616 quorum
862 560 1058 611 alterum,
1090 560 1261 600 finitum
1293 560 1562 614 temporibus

108 623 152 655 et
177 618 385 671 personis,
407 621 630 659 900ausam
654 617 850 673 appello:
883 617 1064 659 alterum
1088 617 1322 667 infinitum,
1345 615 1471 657 nullis
1491 632 1564 657 ne-

109 687 193 727 que
217 674 423 729 personiS,
447 689 585 729 neque
609 676 875 731 temporibus
905 685 1120 726 notatum,
1143 674 1413 730 propositum
1440 688 1563 714 voco.

109 732 147 763 9¹
161 730 245 773 Sed
269 742 333 772 est
364 733 625 773 consultatio
648 733 768 788 quasi
802 748 897 789 pars
930 748 1069 774 causae
1102 733 1302 788 quaedam
1325 740 1367 772 et
1391 741 1564 772 contro-

108 788 276 829 versiae.
307 789 418 830 inest
451 790 565 830 enim
594 790 812 831 infinitum
844 791 888 831 in
919 790 1114 842 definito,
1137 798 1180 830 et
1209 790 1260 830 ad
1293 789 1395 829 illud
1420 800 1563 830 tamen

109 843 356 888 referuntur
377 848 537 888 omnia.
597 852 638 881 92
653 848 947 894 Quamobrem
981 849 1098 904 prius
1121 847 1173 888 de
1200 847 1424 903 proposito
1447 846 1564 887 dica-
1576 855 1626 889 62

108 916 231 944 mus:
264 905 388 960 cujus
412 920 570 961 genera
591 916 688 946 sunt
711 906 812 956 duo,
835 905 1100 961 cognitionis
1120 904 1326 956 alterum3
1358 903 1451 959 ejus
1483 904 1565 945 sci-

111 960 231 1001 entia
268 974 332 1004 est
369 963 481 1015 finis,
515 972 577 1014 ut,
616 964 760 1004 verine
794 963 881 1003 sint
917 977 1088 1005 sensus:
1129 962 1309 1003 alterum
1353 961 1565 1014 actionis3

111 1018 228 1072 quod
266 1020 448 1062 refertur
477 1021 530 1062 ad
561 1021 833 1062 efficiendum
858 1021 977 1076 quid,
1000 1033 1062 1072 ut,
1095 1020 1128 1060 si
1152 1029 1384 1075 quaeratur,
1408 1020 1566 1074 quibus

113 1075 270 1116 officiis
295 1078 488 1120 amicitia
509 1078 689 1120 colenda
710 1078 779 1120 sit.

842 1078 1006 1119 Rursus
1034 1078 1265 1133 superioris
1287 1092 1445 1133 genera
1468 1087 1569 1117 sunt

113 1132 218 1175 tria:
254 1134 324 1187 sit,
348 1151 507 1178 necne:
540 1136 645 1191 quid
669 1136 747 1179 sit:
792 1136 916 1191 quale
950 1136 1019 1177 sit.
1082 1136 1163 1186 Sit,
1187 1149 1337 1185 necne,
1359 1145 1422 1186 ut,
1443 1134 1566 1189 93jus

112 1189 157 1229 in
189 1200 342 1234 natura
375 1194 445 1245 sit,
479 1209 531 1235 an
565 1194 608 1235 in
642 1208 786 1236 more:
819 1194 923 1250 quid
958 1202 1101 1235 autem
1143 1194 1223 1245 sit;
1255 1193 1367 1233 sitne
1398 1193 1473 1247 jus
1508 1192 1568 1242 id,

113 1248 230 1311 quod
254 1252 408 1307 majori
432 1251 542 1308 parti
566 1252 621 1292 sit
643 1251 772 1293 utile:
795 1251 921 1307 quale
943 1260 1087 1293 autem
1111 1251 1190 1304 sit,
1222 1251 1390 1306 94juste
1412 1251 1568 1301 vivere,

114 1314 186 1355 sit,
208 1321 359 1360 necne,
383 1310 500 1351 utile.

560 1309 760 1351 Actionis
791 1319 936 1353 autem
963 1310 1049 1351 duo
1073 1318 1172 1350 sunt
1204 1322 1385 1365 genera:
1419 1322 1630 1359 unum‚63

113 1362 169 1406 ad
199 1368 542 1422 persequendum
573 1367 749 1423 aliquid,
772 1376 848 1408 aut
868 1366 1198 1418 declinandum3
1230 1375 1292 1416 ut,
1315 1365 1473 1421 quibus
1503 1380 1568 1407 re-

116 1419 196 1461 bus
231 1423 412 1481 adipisci
445 1424 627 1482 gloriam
662 1424 814 1480 possis,
846 1434 921 1465 aut
953 1424 1173 1479 quomodo
1195 1423 1361 1464 invidia
1383 1423 1568 1465 vitetur:

114 1477 311 1532 alterum,
335 1483 451 1538 quod
484 1483 538 1523 ad
559 1485 599 1516 95
614 1482 788 1538 aliquod
810 1482 1088 1524 commodum
1121 1495 1332 1537 usumque
1362 1480 1572 1532 refertur;

115 1544 177 1587 ut,
200 1540 567 1592 quemadmodum
591 1540 646 1580 sit
668 1540 912 1596 respublica
933 1539 1286 1589 administranda,
1309 1547 1398 1590 aut,
1421 1553 1570 1594 quem-

114 1593 350 1639 admodum
380 1599 425 1640 in
459 1606 713 1654 paupertate
742 1597 990 1640 Vlvendum.

115 1651 328 1706 gnitionis
348 1655 681 1706 consultatione,
714 1655 801 1706 ubi,
829 1655 898 1706 sit,
930 1669 1066 1696 necne
1097 1655 1167 1707 sit,
1190 1663 1265 1696 aut
1287 1653 1431 1705 fuerit,
1454 1654 1571 1695 futu-

115 1721 268 1751 rumve
302 1712 372 1764 sit,
405 1713 628 1768 quaeritur,
658 1728 793 1754 unum
823 1727 959 1769 genus
984 1723 1049 1754 est
1079 1713 1348 1769 quaestionis,
1378 1713 1572 1768 possitne

116 1765 280 1822 aliquid
303 1771 446 1812 effici?
478 1780 538 1822 ut,
557 1785 656 1812 cum
679 1771 1167 1827 quae1·itur,ecquisnam
1187 1770 1378 1827 perfecte
1403 1771 1572 1826 sapiens

117 1836 209 1866 esse
231 1829 397 1882 possit?
423 1828 623 1880 alterum,
645 1829 1010 1884 quemadmodum
1034 1829 1224 1885 quidque
1247 1828 1348 1881 fiat3
1379 1837 1442 1879 ut,
1465 1843 1573 1884 quo-

118 1895 220 1937 nam
254 1896 383 1944 pacto
414 1887 548 1928 virtus
582 1887 788 1942 pariatur,
822 1895 1045 1938 naturane,
1079 1902 1133 1928 an
1167 1886 1348 1937 ratione,
1379 1900 1433 1926 an
1469 1888 1573 1928 usu?

121 1939 260 1997 Cujus
287 1944 456 2001 generis
478 1953 578 1986 sunt
599 1959 764 1997 omneS,
786 1944 830 1986 in
852 1944 1024 2001 quibUS,
1046 1954 1095 1986 ut
1117 1944 1160 1986 in
1183 1944 1380 1986 obscuris
1401 1952 1616 1985 natura-b.

161 2097 204 2129 90
230 2103 376 2124 ‘causam
401 2093 541 2134 appello]
581 2094 634 2124 Sic
663 2093 713 2125 ed.
740 2093 825 2124 Ven.

120 2135 187 2167 Ms.
202 2136 243 2167 V.
267 2147 403 2167 causam
426 2138 698 2167 controversiam.-
724 2136 826 2167 Aldus

119 2186 155 2210 et
175 2179 283 2209 ‹lunta
304 2179 432 2209 edidere
455 2181 594 2216 inverse,
617 2180 827 2210 controversi-

121 2231 178 2252 am
201 2231 349 2251 causam.
394 2222 555 2252 Gruterus
579 2232 616 2252 ex
639 2222 689 2252 ed.
717 2227 826 2253 vetere

121 2268 362 2295 controversam
382 2274 544 2295 caussam.
590 2264 702 2295 Etiam
729 2274 829 2304 supra

123 2306 276 2343 vidimus,
302 2307 336 2336 in
363 2306 424 2336 hac
452 2317 485 2337 re
510 2307 638 2338 turbari
664 2308 699 2337 in
724 2307 826 2339 libris.

121 2350 272 2390 Fortasse
287 2348 351 2378 fuit
365 2351 618 2380 controversiam
632 2354 664 2380 et
678 2359 826 2382 causam.

120 2392 209 2424 Nam
231 2396 265 2421 et
281 2401 357 2421 mox
377 2397 556 2431 utrumque
572 2393 755 2433 conjungit,
771 2393 826 2422 ubi

121 2435 247 2476 pariter
258 2434 291 2464 in
308 2433 399 2463 libris
413 2435 605 2473 quibusdam
623 2441 660 2464 ut
671 2435 779 2465 Viteb.
795 2440 827 2466 et

122 2477 302 2508 omittitur.
349 2477 429 2506 Mox
446 2477 549 2507 delevi
564 2478 648 2518 quod
660 2482 738 2508 ante
747 2487 826 2518 pro-

114 2515 262 2560 ffiosz'tum
277 2530 317 2549 ex
331 2519 381 2549 ed.
398 2519 481 2549 Ven.

165 2565 202 2596 91
230 2562 286 2592 sed
307 2566 354 2592 est
379 2561 586 2601 consultatio]
629 2561 827 2593 Consultatio

123 2609 176 2635 est
194 2604 332 2644 quaestio
358 2604 503 2642 infinita,
525 2605 617 2635 locus
641 2606 826 2636 communis

127 2648 187 2677 &e.
210 2657 239 2677 v.
264 2658 291 2677 c.
314 2649 346 2677 4.
371 2647 533 2677 Gruterus
560 2647 594 2677 in
619 2648 682 2678 Ms.
706 2649 828 2688 reperit

117 2690 322 2730 propositum
353 2690 451 2720 latior
480 2700 565 2730 pars
593 2691 828 2727 controversiae,

123 2742 225 2772 quam
256 2741 372 2762 causoe.
416 2732 457 2762 In
493 2733 599 2773 primo
625 2734 829 2774 propositum

125 2784 194 2813 non
219 2775 372 2813 refrager,
397 2775 473 2813 quia
491 2780 565 2815 post
586 2777 631 2806 sic
654 2781 716 2812 est,
733 2775 829 2814 idque

124 2822 174 2849 est
189 2817 288 2855 idem,
302 2817 389 2858 quod
410 2817 504 2856 θέσις,
528 2820 666 2859 quaestio
685 2818 828 2849 infinita.

870 2103 898 2125 v.
917 2091 1009 2125 Clav.
1049 2093 1112 2125 Sed
1127 2098 1236 2124 cetera
1250 2103 1317 2124 non
1330 2092 1478 2134 placent.
1496 2101 1574 2122 nam

869 2138 1088 2167 controversia
1108 2142 1142 2167 et
1156 2146 1258 2167 causa
1275 2145 1459 2177 synonyma
1474 2141 1573 2165 sunt:

869 2185 904 2210 et
920 2180 1013 2215 Sim,
1030 2189 1102 2219 quae
1125 2180 1330 2209 immiscetur
1350 2176 1575 2218 amplificandi

870 2232 980 2260 causa,
1003 2232 1070 2253 non
1084 2225 1134 2252 est
1149 2223 1278 2262 proprie
1295 2231 1368 2262 pars
1385 2225 1573 2251 controver-

871 2265 948 2303 siae,
973 2275 1032 2295 nec
1049 2269 1099 2295 est
1122 2266 1228 2305 major
1243 2266 1312 2304 ejus
1336 2273 1410 2304 pars
1426 2263 1460 2294 in
1482 2262 1574 2293 θέσει.

871 2307 993 2338 Melius
1024 2307 1076 2338 ed.
1109 2307 1193 2338 Ven.
1223 2309 1426 2347 propositum
1461 2307 1574 2342 latim,

870 2352 964 2390 quasi
973 2360 1057 2390 pars
1071 2352 1292 2380 commum-:eice
1304 2354 1335 2380 et
1349 2358 1464 2379 causae.

912 2397 953 2427 92
975 2393 1199 2434 „Quamobrem
1217 2392 1329 2433 prius]
1355 2391 1462 2422 Priuc'
1483 2390 1576 2421 abest.

869 2435 934 2465 Ms.
946 2436 987 2467 V.

912 2481 953 2512 93
967 2476 1029 2519 jus
1044 2479 1079 2508 in
1099 2483 1223 2508 natura
1245 2477 1300 2513 sit,
1317 2475 1377 2515 an]
1402 2476 1467 2506 Ms.
1481 2475 1522 2507 V.
1539 2476 1576 2505 in

869 2525 1038 2551 naturane
1059 2521 1120 2550 sit.-
1143 2520 1231 2559 quod
1252 2518 1470 2560 praetulerim.
1487 2528 1576 2550 mar-

870 2572 911 2603 go
927 2562 977 2593 ed.
991 2563 1074 2593 Vcn.
1090 2562 1178 2593 delet
1192 2563 1336 2604 primum
1352 2562 1398 2592 in.

913 2607 954 2639 94
967 2604 1063 2644 juste
1086 2606 1206 2642 vivere,
1233 2605 1289 2641 sit,
1316 2614 1375 2634 nec
1399 2614 1452 2639 ne,
1475 2602 1572 2642 utile]

871 2647 937 2678 MS.
962 2647 1002 2678 V.
1026 2649 1110 2678 sitne
1131 2649 1224 2684 utile,
1240 2647 1370 2678 melius.
1412 2646 1500 2677 Ante
1524 2646 1576 2675 ed.

872 2691 954 2721 Ven.
977 2692 1073 2730 quale
1086 2700 1118 2720 a.
1135 2692 1190 2728 sit,
1204 2691 1267 2720 sic:
1297 2700 1365 2721 non
1377 2689 1474 2720 male.
1490 2698 1578 2728 saepe

872 2732 920 2762 ita
936 2733 1062 2765 Cicero.

915 2778 955 2809 95
981 2775 1115 2815 aliquod
1140 2775 1273 2815 comm]
1313 2774 1376 2806 Ed.
1404 2773 1487 2804 Ven.
1516 2773 1580 2802 ali·

872 2828 973 2861 quam
988 2819 1261 2861 comrtaoosieateqze.

1052 1597 1219 1639 Rursus
1252 1606 1395 1638 autem
1419 1611 1473 1637 ex
1497 1611 1570 1638 co-
1582 1610 1632 1644 64
