1945 3235
578 138 764 179 LIBER
799 135 1121 175 SECUNDUS.
1502 138 1576 177 197

144 243 286 287 munis
319 245 577 288 accusatoris
609 244 653 284 in
675 257 787 292 eum,
819 242 892 296 qui
923 255 1020 282 cum
1043 240 1102 290 id,
1132 238 1247 294 quod
1270 241 1478 296 arguitur,
1500 253 1574 279 ne-

145 317 246 358 gare
269 318 354 345 non
377 303 526 360 possit,
558 310 699 341 tamen
723 299 882 353 aliquid
915 298 995 338 sibi
1029 297 1118 352 spei
1140 306 1361 351 comparet
1382 311 1435 337 ex
1454 296 1573 351 judi-

141 360 307 401 ciorum
331 359 664 417 perturbatione.
723 356 867 410 Atque
899 355 969 396 hic
992 353 1187 395 utilitatis
1212 353 1478 407 judiciorum
1499 353 1572 393 de-

143 419 411 469 monstratio,
432 427 475 457 et
496 416 548 456 de
566 429 617 455 eo
637 413 904 468 conquestio,
927 413 998 467 qui
1033 410 1291 467 supplicium
1313 409 1477 450 dederit
1508 410 1572 450 in-

141 474 391 525 demnatus,
422 474 464 513 in
486 472 578 527 ejus
601 480 758 521 autem,
782 470 856 525 qui
879 469 1091 519 sumserit,
1113 467 1336 508 audaciam
1359 475 1401 507 et
1423 466 1572 507 crude-

141 531 321 583 litatem,
344 529 599 586 indignatio.
659 527 729 568 Ab
759 527 996 577 defensore,
1020 527 1062 566 in
1085 525 1192 581 ejuS,
1215 538 1342 579 quem
1366 523 1480 564 ultus
1503 523 1571 573 sit,
1584 531 1634 564 86

142 589 364 630 audaciam
387 589 449 628 sui
472 585 801 640 conquestione:
834 599 923 625 rem
946 599 1029 624 non
1055 598 1109 623 ex
1140 582 1313 622 nomine
1346 582 1479 637 ipsius
1501 594 1574 620 ne-

141 646 265 701 gotii,
299 645 367 686 sed
403 659 457 684 ex
484 643 665 684 consilio
698 642 806 697 ejus,
836 642 909 696 qui
946 640 1110 689 fecerit,
1142 649 1185 679 et
1222 653 1364 689 causa,
1395 648 1439 678 et.
1469 649 1576 678 tem—

142 717 246 758 pore
274 701 532 743 considerari
563 708 786 755 oportere:
818 699 921 754 quid
952 698 1051 738 mali
1087 697 1277 737 futurum
1311 696 1380 746 sit,
1414 704 1487 736 aut
1520 709 1575 735 ex

140 759 310 814 injuria,
332 769 406 800 aut
427 773 481 799 ex
504 757 660 798 scelere
681 755 876 810 alicujus,
899 756 980 796 nisi
1006 763 1138 805 tanta,
1160 762 1204 794 et
1233 762 1321 793 tam
1350 753 1577 809 perspicua

139 816 318 857 audacia
346 817 401 857 ab
431 830 496 866 eo,
527 815 580 855 ad
613 814 736 869 cujus
768 814 942 864 famam,
973 822 1047 853 aut
1077 812 1133 870 ad
1163 819 1375 867 parentes,
1413 819 1487 851 aut
1521 809 1576 850 ad

142 873 297 914 liberos
331 873 598 929 pertinuerit,
622 881 696 912 aut
729 871 782 911 ad
816 870 1001 926 aliquam
1036 884 1139 920 rem,
1162 883 1291 924 quam
1312 882 1455 908 caram
1483 881 1574 908 esse

137 931 354 982 omnibus,
383 939 457 971 aut
489 943 660 970 necesse
698 937 776 980 est,
810 937 884 968 aut
915 935 1088 983 oportet
1126 940 1230 977 esse,
1266 924 1396 966 fuerit
1437 924 1575 966 vindi-

136 999 246 1028 cata.

196 1044 401 1086 Remotio
431 1045 622 1095 criminis
654 1053 732 1095 est,
755 1059 853 1085 cum
883 1043 976 1099 ejus
1008 1042 1191 1083 intentio
1223 1041 1342 1092 facti,
1373 1040 1489 1096 quod
1519 1040 1573 1080 ab
1588 1026 1658 1080 29

137 1103 379 1144 adversario
403 1103 597 1153 infertur,
620 1102 663 1142 in
686 1102 831 1151 alium,
854 1110 927 1141 aut
958 1101 1001 1141 in
1025 1100 1140 1140 aliud
1164 1100 1461 1139 2demovetur.
1523 1097 1574 1138 Id

139 1160 190 1200 fit
213 1160 431 1215 bipertito.
454 1174 553 1200 nam
576 1168 665 1199 tum
689 1173 831 1209 causa,
855 1168 946 1198 tum
969 1172 1033 1198 res
1056 1157 1149 1212 ipsa
1170 1165 1427 1196 removetur.
1461 1154 1575 1196 Cau-
1586 1159 1637 1196 87

139 1232 198 1258 sae
230 1217 479 1258 remotionis
502 1216 585 1256 hoc
610 1215 734 1256 nobis
757 1215 957 1270 exemplo
981 1215 1059 1255 sit:
1095 1213 1257 1254 Rhodii
1288 1214 1497 1268 quosdam
1519 1213 1577 1252 le-

142 1284 299 1330 garunt
319 1275 525 1315 Athenas.
574 1273 746 1329 Legatis
769 1282 1004 1328 quaestores
1027 1281 1231 1321 sumtum,
1254 1285 1382 1325 quem
1406 1279 1578 1325 oporte-

144 1332 216 1372 bat
238 1332 343 1382 dari,
365 1346 450 1372 non
474 1330 698 1371 dederunt.
760 1330 913 1386 Legati
938 1328 1120 1385 profecti
1143 1342 1229 1368 non
1262 1337 1375 1368 sunt.
1436 1327 1579 1368 Accu-

137 1399 302 1429 santur.
338 1388 527 1429 Intentio
549 1397 627 1438 est,
652 1387 874 1428 Proficisci
898 1386 1105 1442 oportuit.
1139 1384 1350 1440 Depulsio
1372 1392 1451 1435 est,
1476 1384 1579 1425 Non

139 1447 345 1502 oportuit.
419 1445 616 1491 Qnaestio
640 1454 718 1494 est,
745 1444 1070 1500 Oportueritne.
1143 1442 1275 1483 Ratio
1298 1451 1376 1492 est,
1401 1442 1576 1482 Sumtus

137 1504 251 1544 enim
274 1504 346 1558 qui
370 1503 422 1543 de
445 1502 618 1558 publico
646 1502 735 1542 dari
760 1502 880 1553 solet,
904 1502 938 1542 is
970 1502 1024 1542 ab
1054 1508 1269 1555 quaestore
1300 1515 1385 1540 non
1409 1509 1473 1539 est
1503 1500 1577 1540 da-

139 1571 222 1611 tus.
282 1560 523 1601 infirmatio
546 1569 625 1610 est,
647 1559 737 1600 Vos
760 1569 903 1600 tamen
935 1558 993 1609 id,
1015 1558 1130 1614 quod
1161 1557 1334 1613 publice
1356 1557 1479 1597 vobis
1502 1557 1576 1597 da-

140 1627 231 1661 tum
254 1626 345 1659 erat
374 1617 554 1673 negotii,
578 1616 790 1657 conficere
813 1617 1056 1673 oportebat.
1116 1614 1338 1657 Judicatio
1361 1622 1439 1665 est,
1464 1613 1578 1655 Cum

138 1676 204 1726 iis,
228 1675 302 1731 qui
324 1675 452 1731 legati
478 1683 613 1725 erant,
636 1683 815 1725 sumtus,
838 1674 912 1729 qui
936 1674 987 1714 de
1019 1672 1194 1729 publico
1216 1672 1468 1724 debebatur,
1490 1686 1578 1712 non

136 1733 322 1782 daretur,
344 1732 639 1788 oportueritne
657 1746 729 1771 eos
753 1732 966 1772 conficere
998 1729 1577 1784 nihilominus.legationem.

138 1789 238 1831 Hoc
269 1790 312 1830 in
344 1803 498 1845 genere
530 1790 730 1844 primum,
765 1789 877 1829 sicut
914 1789 957 1828 in
997 1788 1174 1838 ceteris,
1207 1787 1240 1827 si
1272 1786 1376 1841 quid
1410 1796 1485 1827 aut
1523 1800 1578 1827 ex

137 1846 432 1902 conjecturali,
460 1856 533 1886 aut
564 1860 619 1886 ex
651 1846 732 1886 alia
754 1845 1065 1887 constitutione
1096 1844 1205 1885 suini
1237 1844 1388 1899 possit,
1412 1843 1577 1884 3videri

137 1905 370 1960 oportebit.
433 1903 602 1944 Deinde
633 1903 834 1958 pleraque
855 1912 899 1943 et
919 1918 974 1943 ex
997 1901 1334 1957 comparatione,
1358 1909 1401 1941 et
1425 1915 1479 1941 ex
1511 1915 1577 1941 re-

135 1961 294 2002 latione
313 1960 504 2002 criminis
523 1961 565 2001 in
590 1961 700 2001 hanc
719 1975 890 2016 quoquc
913 1975 1085 2000 causam
1105 1959 1335 2000 convenire
1355 1966 1573 2013 poterunt.

133 2018 374 2061 Accusator
404 2027 547 2058 autem
580 2017 713 2068 illum,
737 2018 860 2073 cujus
890 2017 1017 2072 culpa
1047 2017 1089 2057 id
1122 2016 1286 2056 factum
1316 2030 1411 2056 reus
1442 2015 1634 2066 dicet,88

133 2077 319 2132 primum
343 2075 558 2126 defendet,
582 2075 615 2115 si
639 2076 823 2130 poterit:
857 2075 921 2115 sin
943 2075 1084 2114 minus
1107 2073 1280 2129 poterit,
1304 2073 1496 2129 negabit,
1519 2073 1574 2113 ad.

135 2135 218 2175 hoc
241 2133 473 2189 judicium,
496 2132 622 2183 illius,
647 2132 719 2172 sed
749 2132 892 2187 hujus,
915 2146 1043 2187 quem
1072 2131 1162 2186 ipse
1192 2140 1378 2181 accuset,
1401 2130 1574 2186 culpam

133 2191 360 2248 pertinere.
421 2190 579 2230 Postea
619 2190 748 2240 dicet,
792 2204 868 2230 suo
911 2204 1124 2244 quemque
1166 2187 1312 2228 officio
1352 2188 1574 2228 consulere

78 2288 85 2294 ,
134 2258 356 2304 oportere:
389 2262 482 2299 nec,
518 2248 551 2288 si
586 2246 655 2288 ille
686 2255 918 2302 peccasset,
949 2246 1064 2287 hunc
1094 2245 1336 2301 oportuisse
1369 2259 1572 2300 peccare:

134 2306 288 2347 deinde
319 2305 353 2346 si
386 2305 454 2346 ille
484 2305 724 2359 deliquerit,
749 2305 976 2360 separatim
1000 2304 1133 2352 illum,
1158 2302 1269 2343 sicut
1291 2302 1420 2353 hunc,
1445 2318 1571 2342 accu-

135 2363 216 2404 sari
238 2371 450 2419 oportere,
470 2372 513 2402 et
543 2376 630 2402 non
651 2377 750 2402 cum
783 2362 910 2416 hujus
941 2360 1190 2402 defensione
1215 2359 1425 2415 conjungi
1457 2359 1570 2400 illius

133 2420 464 2461 accusationem.
526 2418 741 2460 Defensor
770 2428 914 2459 autem
937 2433 1035 2459 cum
1058 2427 1213 2467 cetera,
1237 2416 1270 2456 si
1293 2432 1378 2472 qua
1399 2431 1453 2457 ex
1476 2416 1570 2456 aliis

133 2477 323 2519 incident
355 2477 754 2527 constitutionibus,
792 2476 1078 2532 pertractarit,
1113 2475 1165 2515 de
1198 2474 1292 2529 ipsa
1330 2473 1613 2519 remotioneb.

135 2535 195 2575 sic
213 2534 596 2590 argumentabitur.
639 2533 833 2575 Primum
856 2534 923 2588 cuj
934 2548 978 2574 us
1002 2531 1206 2573 acciderit
1228 2531 1368 2587 culpa,
1391 2531 1568 2572 demon·
1580 2535 1630 2571 89

137 2592 312 2633 strabit:
343 2592 511 2643 deinde,
550 2605 648 2633 cum
688 2591 731 2632 id
769 2591 908 2631 aliena
935 2589 1062 2645 culpa
1098 2588 1339 2640 accidisset,
1374 2589 1574 2630 ostendet

175 2723 195 2753 2
209 2720 430 2761 Dimovetmn]
455 2722 577 2753 Omnes
597 2723 642 2753 sic
661 2721 746 2752 libri.
769 2731 831 2751 scr.
876 2721 1003 2761 opinor.
1047 2719 1128 2750 Mox
1149 2719 1256 2751 addidi
1280 2724 1310 2750 et
1327 2724 1401 2760 post
1418 2720 1576 2758 pleraque

2 2771 17 2805 g&
134 2764 333 2800 chnmuetur,
356 2770 393 2794 ut
411 2774 521 2805 supra,
535 2771 568 2795 et
584 2770 623 2795 ut
638 2764 746 2795 Sehol.
764 2765 832 2794 Ou-
875 2774 892 2794 e
920 2763 1000 2794 Mss.
1027 2763 1178 2793 Arbitror
1213 2763 1314 2792 etiam
1335 2762 1458 2801 poterit
1490 2761 1576 2791 infra

136 2805 305 2846 dendorpii
320 2806 461 2837 exhibet.
478 2807 635 2838 Similiter
651 2818 677 2837 e.
691 2810 742 2837 30.
758 2806 830 2837 init.
876 2813 950 2846 post
963 2807 1013 2836 sin
1033 2806 1152 2836 minus.
1196 2805 1298 2835 Abest
1312 2805 1414 2834 etiam
1429 2804 1523 2840 bene,
1537 2807 1577 2834 ut

136 2849 364 2879 denzovebtezcr.
876 2849 1005 2888 opinor,
1021 2849 1086 2888 ipse
1099 2852 1176 2878 ante
1193 2851 1332 2878 accuset.

176 2893 195 2921 3
212 2889 322 2921 theri
338 2890 514 2930 oportebit]
541 2891 643 2922 Scrib.
659 2891 778 2928 videre,
794 2894 833 2921 nt

817 2938 894 2974 03
