1945 3235
303 128 384 168 270
846 125 922 164 DE
958 122 1243 164 ORATORE

307 227 524 284 plicioque
545 230 862 286 constringere:
896 231 1092 285 idemque
1114 228 1273 286 ingenii
1307 226 1507 283 praesidiO
1538 226 1743 269 innocen·-

308 286 689 341 tiatujudiciorui11
711 303 842 343 poena
861 288 1058 329 liberare:
1084 288 1281 341 idemque
1304 286 1574 340 languentem
1598 285 1743 326 laben-

310 353 482 398 temque
506 345 708 400 populum
732 355 806 386 aut
828 347 878 387 ad
902 347 1030 387 decus
1053 345 1256 393 excitare,
1276 352 1348 383 aut
1371 342 1425 382 ab
1447 355 1587 383 errore
1609 341 1742 382 dedu-

309 415 419 450 cere,
437 412 511 442 aut
535 402 798 443 inflammare
829 404 869 443 111
892 403 1124 458 improbos,
1147 411 1221 442 aut
1254 400 1478 440 incitatum
1516 399 1555 439 in
1591 400 1742 450 bonos,

311 458 534 514 mitigare:
573 461 646 513 qui
680 460 878 514 (lenique,
908 472 1222 514 quemcumque
1260 457 1302 497 111
1335 456 1487 497 animis
1518 456 1743 497 hominum

312 525 475 556 motum
501 531 562 556 res
584 528 625 557 et
648 532 775 558 causa
799 518 996 572 postulet,
1023 531 1118 557 eum
1143 515 1324 556 dicendo
1349 514 1412 555 vel
1433 514 1623 554 excitare
1647 527 1744 568 pos-

221 576 298 610 203
313 573 381 623 sit,
405 573 467 613 vel
491 574 650 614 sedare.
714 574 840 614 Hunc
864 575 946 613 vim
973 574 1005 613 si
1031 573 1126 628 quis
1145 572 1379 622 existimat,
1401 581 1475 613 aut
1496 572 1549 612 ab
1580 570 1646 621 iis,
1669 569 1743 625 qui

311 630 363 670 de
395 630 563 670 dicendi
599 631 760 671 ratione
794 631 1068 686 seripserunt,
1104 630 1342 685 expositam
1377 643 1482 678 esse,
1512 638 1586 668 aut
1617 642 1642 668 a
1675 640 1746 668 me

312 703 435 743 posse
457 688 615 742 exponi
638 698 723 728 tam
750 688 880 737 brevi,
899 688 1172 728 vehementer
1193 696 1325 727 errat:
1359 700 1496 741 neque
1519 685 1654 726 solum
1678 684 1744 725 in-

312 744 533 785 scientium
560 759 711 795 meam,
735 746 804 785 sed
835 760 886 785 ne
910 759 1045 785 rerum
1079 743 1250 798 quidem
1285 743 1627 799 magnitudinem
1652 756 1749 798 per-

311 802 453 857 spicit.
516 801 724 855 Equidem
750 803 885 852 vobis,
908 802 1111 856 quoniam
1135 801 1194 841 ita
1225 800 1432 852 voluistis,
1454 799 1610 850 fontes,
1631 798 1746 840 unde

313 859 552 909 hauriretis,
575 870 702 914 atque
722 859 875 899 itinera
892 860 996 914 ipsa,
1025 858 1085 898 ita
1107 858 1252 913 putavi
1276 872 1366 897 esse
1387 856 1744 907 demonstranda;

312 930 399 955 non
419 926 465 956 ut
484 917 574 972 ipsc
594 917 681 956 dux
705 931 854 966 essem,
876 916 1009 971 (quod
1032 925 1075 955 et
1094 914 1359 955 ⁴6i11finitu1n
1389 924 1468 965 est,
1490 925 1532 955 et
1563 929 1648 955 non
1674 928 1746 954 ne-

315 974 578 1023 cessarium,)
613 973 683 1014 sed
714 983 759 1013 ut
795 984 1174 1014 commonstrarem
1197 980 1364 1012 tantum
1399 971 1523 1023 viam,
1543 980 1614 1022 et,
1644 974 1683 1005 47
1699 978 1748 1011 ut

231 1028 300 1082 47
318 1030 407 1070 fieri
443 1031 563 1081 solet,
595 1030 781 1086 digitum
815 1030 866 1071 ad
901 1029 1041 1070 fontes
1065 1029 1342 1069 intenderem.
1403 1028 1519 1069 Mihi
1545 1042 1658 1079 vero,
1681 1028 1747 1068 ina

225 1099 302 1132 204
316 1088 409 1143 quit
443 1087 633 1139 Mucius,
657 1088 758 1128 satis
782 1102 991 1144 superque
1016 1088 1091 1127 abs
1114 1096 1155 1126 te
1187 1086 1355 1126 videtur
1376 1086 1556 1126 istorum
1580 1085 1746 1136 studiis,

314 1147 346 1186 si
370 1146 497 1187 modo
521 1156 620 1186 sunt
642 1146 836 1196 studiosi,
859 1159 948 1185 esse
972 1144 1148 1185 factum.
1173 1158 1287 1193 nam,
1314 1152 1362 1183 111
1383 1143 1604 1184 Socratem
1628 1141 1747 1183 illum

313 1203 485 1243 solitum
508 1203 629 1243 aiunt
650 1203 805 1253 dicere,
830 1202 1065 1259 perfeetum
1095 1201 1175 1241 sibi
1199 1215 1306 1256 opus
1329 1215 1434 1251 esse,
1457 1201 1490 1240 si
1518 1200 1613 1256 quis
1645 1199 1746 1240 satis

310 1270 422 1301 esset
451 1261 692 1301 concitatus
726 1260 1025 1301 cohortatione
1048 1274 1123 1299 sua
1144 1257 1195 1298 ad
1224 1258 1410 1298 studium
1434 1257 1747 1313 cognoscendae

310 1318 684 1374 percipiendaeque
704 1317 894 1358 virtutis:
927 1317 1101 1371 (quibus
1134 1315 1246 1355 enim
1279 1316 1319 1356 id
1343 1329 1590 1371 persuasum
1622 1323 1747 1365 esset,

311 1386 359 1415 ut
381 1375 486 1415 nihil
510 1374 685 1415 mallent
717 1389 759 1414 se
781 1389 886 1425 esse,
916 1389 1044 1429 quam
1068 1374 1202 1414 bonos
1237 1372 1362 1423 viros,
1385 1372 1434 1412 iis
1458 1372 1663 1428 reliquam
1686 1371 1751 1413 fa-

311 1432 437 1473 cilem
457 1446 547 1473 esse
569 1432 808 1473 doctrinam
829 1434 858 1482 z)
882 1432 941 1472 sic
964 1446 1045 1487 ego
1070 1430 1279 1485 intelligo,
1302 1430 1334 1470 si
1360 1431 1401 1470 in
1424 1429 1535 1480 haec,
1557 1444 1654 1485 quae
1676 1443 1751 1486 pa-

312 1489 461 1531 tefecit
482 1490 675 1530 oratione
697 1504 772 1530 sua
792 1489 984 1540 Crassus,
1002 1489 1159 1529 intrare
1179 1487 1419 1539 volueriti53
1450 1486 1652 1528 facillime
1673 1499 1750 1528 vos

313 1548 365 1588 ad
388 1562 451 1597 ea,
475 1562 571 1602 quae
595 1547 768 1603 cupitis,
790 1558 1070 1602 perventuros
1092 1546 1146 1585 ab
1177 1545 1260 1586 hoc
1283 1544 1417 1595 aditu,
1433 1545 1653 1600 januaque
1675 1559 1752 1600 pa-

225 1610 300 1644 205
315 1604 487 1645 tefaeta.
549 1604 688 1645 Nobis
718 1618 831 1654 ver0,
863 1603 1003 1658 inquit
1039 1602 1270 1658 Sulpicius,
1310 1601 1390 1642 ista
1422 1611 1521 1642 sunt
1551 1610 1752 1658 pergrata

314 1676 473 1717 perque
496 1661 717 1717 jucunda:
751 1661 823 1702 sed
856 1675 991 1716 pauca
1017 1661 1146 1700 etiam
1177 1659 1446 1714 requirimus,
1469 1659 1751 1714 inprimisque

311 1734 375 1769 ea,
397 1734 494 1774 quae
530 1719 651 1760 valde
686 1719 870 1759 breviter
903 1734 927 1759 a
960 1727 1015 1768 te,
1040 1717 1207 1768 Crasse,
1229 1717 1282 1757 de
1314 1717 1407 1772 ipsa
1438 1725 1528 1757 arte
1553 1730 1754 1772 percursa

312 1786 426 1825 511111,
450 1791 548 1817 curn
568 1776 637 1816 illa
655 1785 697 1816 te
719 1786 761 1817 et
780 1790 864 1819 non
888 1784 1178 1825 contemnere,
1198 1784 1241 1814 et
1262 1774 1462 1815 didicisse
1484 1773 1752 1814 confiterere.

313 1848 362 1874 ea
392 1834 425 1873 si
450 1833 592 1889 paullo
615 1833 741 1874 latius
758 1828 937 1883 dixeris,
959 1832 1144 1888 expleris
1180 1846 1352 1872 omnem
1383 1831 1754 1887 exspectationem

312 1891 503 1932 diuturni
526 1891 722 1932 desiderii
746 1891 896 1931 nostri.
959 1890 1073 1931 Nam
1095 1890 1394 1944 nunc,quibus
1413 1888 1671 1929 studendum
1690 1902 1755 1928 re-

317 1949 396 1990 bus
425 1958 550 2000 esset,
572 1949 832 2004 accepimus,
855 1947 969 2003 quod
1004 1948 1143 2004 ipsum
1167 1957 1232 1987 est
1255 1957 1397 1987 tamen
1420 1960 1648 2002 magnum3
1679 1945 1753 1986 sed

225 2014 303 2049 206
319 2006 405 2046 vias
433 2021 575 2046 earum
599 2021 739 2047 rerum
761 2006 1058 2059 rationemque
1079 2004 1276 2060 cupimus
1298 2018 1574 2060 cognoscere.
1635 2001 1755 2049 Quid

316 2063 365 2114 si,
400 2063 539 2118 inquit
563 2063 755 2113 Crassus,
778 2062 982 2117 quoniam
1004 2077 1101 2118 ego,
1124 2077 1210 2117 quo
1241 2061 1408 2103 facilius
1444 2076 1520 2101 vos
1550 2060 1664 2116 apud
1686 2074 1756 2101 me

313 2130 518 2170 tenerem,
551 2129 704 2161 vestrae
727 2120 870 2175 potius
892 2120 1122 2160 obsecutus
1155 2133 1248 2159 sum
1281 2119 1506 2169 voluntati,
1529 2132 1657 2173 quam
1680 2125 1755 2158 aut

312 2177 629 2227 consuetudini,
652 2186 726 2218 aut
748 2187 911 2218 naturae
942 2191 1064 2227 meae,
1088 2175 1272 2232 petimus
1303 2176 1357 2217 ab
1389 2174 1598 2226 Antonio,
1622 2183 1669 2215 ut
1690 2189 1754 2226 ea,

312 2248 409 2290 quae
432 2235 641 2286 continet,
673 2249 811 2289 neque
832 2234 972 2275 adhuc
1007 2233 1197 2289 protulit,
1219 2248 1273 2274 ex
1301 2234 1456 2288 quibus
1480 2247 1612 2273 unum
1633 2231 1757 2272 libel-

312 2292 401 2333 lum
425 2293 505 2333 sibi
529 2291 1014 2346 excidissejamdudum
1038 2300 1212 2346 questus
1235 2300 1313 2341 est,
1335 2290 1524 2346 explicet
1548 2290 1687 2338 nobis,
1709 2298 1754 2330 et

313 2349 385 2390 illa
401 2349 571 2390 dicendi
594 2350 798 2404 mysteria
814 2349 1035 2390 enuntiet?
1078 2348 1139 2390 Ut
1161 2349 1342 2399 videtur,
1364 2348 1502 2403 inquit
1522 2347 1753 2402 Sulpicius.

313 2421 414 2447 nam
433 2406 627 2447 Antonio
643 2407 828 2455 dicente,
857 2409 897 2437 48
911 2407 1040 2447 etiam
1063 2406 1166 2461 quid
1189 2415 1234 2446 tu
1257 2406 1430 2456 sentias,
1449 2404 1752 2459 intelligemUS.

225 2469 302 2507 207
318 2463 426 2505 Peto
449 2464 594 2519 igitur,
617 2464 758 2519 inquit
778 2463 971 2514 Crassus,
994 2479 1018 2504 a
1040 2473 1095 2515 te,
1118 2464 1321 2518 quoniam
1345 2462 1387 2503 id
1411 2461 1550 2512 nobis,
1572 2460 1758 2511 Antoni,

270 2517 563 2562 ι)·11011111111)115
586 2521 628 2562 id
651 2521 806 2572 aetatis,
827 2521 967 2562 oneris
989 2522 1043 2562 ab
1067 2521 1220 2562 horum
1242 2519 1578 2562 adolescentium
1600 2518 1755 2559 studiis

356 2661 398 2692 46
420 2661 586 2702 infinitum
607 2661 681 2701 esa]
716 2660 856 2692 videtur
878 2670 945 2692 esse
966 2660 1013 2691 le·
1097 2662 1138 2691 48
1161 2662 1273 2696 etium,
1290 2659 1370 2700 quid
1383 2663 1419 2689 tu
1441 2659 1621 2696 intellesszsas,
1643 2659 1759 2688 sentie-

314 2703 459 2743 gendum
473 2708 561 2733 esset.
1057 2703 1159 2742 mum]
1188 2703 1292 2733 Immo
1307 2702 1386 2742 quid
1395 2711 1433 2731 su
1444 2702 1578 2737 sentias,
1593 2701 1759 2739 intellige-

356 2748 396 2779 47
421 2750 458 2775 ut
472 2746 555 2787 fieri
578 2745 682 2784 solet]
709 2746 787 2776 Non
813 2745 941 2782 dubito,
964 2755 1013 2775 re·
1056 2755 1143 2775 mm.
1189 2746 1240 2775 Sic
1257 2755 1344 2779 mox,
1359 2748 1397 2773 ut
1411 2752 1562 2783 carpana-5,
1577 2743 1657 2782 quid
1668 2743 1706 2772 de
1717 2743 1760 2773 iis

313 2787 521 2818 scribendum
534 2797 602 2818 esse
618 2788 681 2817 dici
692 2799 701 2816 :
724 2796 774 2818 est
789 2788 877 2818 enim
901 2787 1018 2817 modus
1059 2788 1154 2817 rebus
1166 2789 1297 2818 sentias.
1342 2786 1405 2816 Res
1420 2790 1469 2815 est
1491 2787 1538 2815 ita
1561 2784 1703 2822 evidens,
1718 2788 1758 2814 ut

313 2829 468 2869 loquendi
490 2829 724 2870 proverbialis3
761 2834 797 2860 et
824 2830 858 2860 in
883 2829 1017 2869 vulgato
1059 2830 1106 2860 sic
1121 2830 1294 2861 rescribere
1308 2838 1375 2860 non
1388 2827 1581 2858 dubitarim.

313 2881 427 2903 sensus
437 2871 628 2903 commodus
645 2881 714 2902 non
729 2876 790 2904 est.
