1945 3235
342 118 423 154 590
839 115 920 153 AD
951 113 1318 153 TREBATIUM

277 222 328 262 8‘8
344 220 677 276 perseverantia,
708 219 1037 262 delinitionibus
1062 220 1354 276 judicandum
1376 226 1456 259 est.
1520 216 1626 260 Loci
1647 226 1793 261 autem

340 278 604 319 convenient
626 278 670 319 in
693 278 786 335 ejus
809 279 978 335 generis
1003 278 1290 334 quaestionem
1322 285 1650 332 consequentes,
1671 286 1793 319 ante-

339 335 558 386 cedentes,
591 347 898 394 repugnantes,
921 336 1139 392 adjunctis
1171 335 1302 376 etiam
1334 334 1504 375 duobus
1536 333 1604 385 iis,
1625 334 1699 389 qui
1723 349 1794 375 su·

339 403 518 434 muntur
540 408 595 434 cx
619 395 759 435 causis
782 403 826 435 ct
847 393 1030 435 effectis.
1094 394 1207 435 Nam
1240 393 1273 434 si
1300 391 1410 433 hanc
1435 406 1524 432 rem
1556 391 1628 432 illa
1650 391 1792 447 sequi·
1900 439 1902 443 y

339 460 425 502 tur,
449 450 560 492 hanc
583 461 728 493 autem
751 467 838 493 non
863 452 1080 506 sequitur:
1114 460 1187 493 aut
1208 451 1241 492 si
1265 450 1367 491 huic
1387 450 1446 490 rei
1467 449 1539 491 illa
1557 449 1791 500 antecedit,
1898 446 1906 499 'J

339 507 443 549 huic
476 523 562 550 non
583 509 827 551 antecedit:
860 518 935 549 aut
958 510 991 550 si
1016 510 1117 551 huic
1137 509 1196 550 rei
1221 517 1449 565 repugnat,
1472 507 1531 548 illi
1554 521 1640 548 non
1664 521 1795 563 repu-
1902 503 1903 509 ¹

340 576 471 622 gnat:
505 577 594 618 aut,
618 568 651 607 si
675 567 804 622 liujus
837 566 895 607 rei
929 566 1039 619 haec,
1064 567 1175 608 illius
1197 566 1279 607 alia
1301 581 1430 607 causa
1451 573 1540 607 est:
1573 573 1648 606 aut
1667 564 1701 605 si
1732 579 1789 606 ex

339 624 424 665 alio
445 624 542 675 hoc,
565 640 619 664 cx
643 624 727 665 alio
751 624 852 665 illud
877 622 1080 666 effectum
1100 633 1191 665 est2
1223 639 1277 665 ex
1301 624 1455 679 quovis
1478 623 1634 665 horum
1657 622 1717 674 id,
1738 622 1792 663 de

276 692 426 738 89quo
459 682 683 737 quaeritur,
717 682 902 732 idemne,
930 696 984 723 an
1017 681 1133 723 aliud
1169 682 1238 734 sit,
1279 681 1463 723 inveniri
1501 689 1663 738 potest.
1721 678 1792 722 Ad

344 740 518 780 tertium
554 754 691 795 genus
721 740 992 796 quaestionis,
1024 740 1067 780 in
1097 754 1200 795 quo,
1232 739 1357 794 quale
1389 740 1459 791 sit,
1490 739 1715 794 quaeritur,
1746 737 1793 779 in

339 798 710 853 comparationem
743 813 793 839 ea
824 797 1000 849 cadunt,
1023 812 1120 852 quae
1145 797 1288 853 paullo
1311 806 1411 837 ante
1434 798 1476 838 in
1500 795 1793 853 comparatio-

339 855 405 895 nis
428 854 525 895 loco
544 866 796 897 enumerata
819 865 933 897 sunt.
996 854 1048 896 In
1071 855 1177 896 illud
1209 865 1355 895 autem
1386 869 1539 910 genus,
1562 855 1606 895 in
1629 869 1716 910 quo
1738 854 1793 895 de

339 913 588 969 expetendo
620 913 917 970 fugiendoque
940 913 1166 969 quaeritur,
1198 912 1462 953 adhibentur
1483 926 1548 963 ea,
1570 926 1668 968 quae
1693 921 1793 953 sunt

338 981 414 1011 aut
436 971 585 1023 animi,
608 981 682 1012 aut
704 972 913 1028 corporis,
937 980 1013 1012 aut
1041 980 1224 1012 externa
1255 969 1321 1010 vel
1354 969 1600 1021 commoda,
1627 969 1695 1010 vel
1725 969 1792 1010 in-

339 1028 584 1070 commoda.
646 1028 847 1086 Itemque
869 1043 969 1071 cum
987 1029 1041 1069 de
1062 1028 1247 1070 honesto
1271 1028 1474 1084 turpique
1490 1027 1715 1084 quaeritur,
1734 1027 1788 1069 ad

275 1087 472 1132 soanimi
504 1087 632 1139 bona,
657 1087 723 1129 vel
755 1087 882 1139 mala,
916 1086 1057 1129 omnis
1088 1087 1316 1143 dirigenda
1348 1086 1488 1127 oratio
1521 1094 1602 1126 est.
1674 1084 1791 1126 Cum

338 1153 484 1186 autem
499 1144 552 1186 de
566 1160 694 1201 aequo
707 1144 909 1201 etiniquo
923 1145 1161 1196 disseritur,
1177 1144 1395 1200 aequitatis
1409 1143 1492 1186 loci
1511 1142 1790 1199 colliguntur.

336 1201 381 1243 hi
399 1212 634 1244 cernuntur
654 1203 877 1259 bipartito,
895 1212 940 1244 et
957 1211 1126 1253 natura,
1146 1211 1189 1244 et
1208 1202 1425 1243 instituto.
1458 1201 1629 1243 Natura
1646 1210 1788 1258 partes

334 1260 469 1302 habet
491 1260 611 1311 duas,
636 1261 865 1302 tuitionem
886 1261 965 1312 sui,
985 1270 1029 1302 et
1060 1260 1293 1302 ulciscendi
1312 1259 1401 1315 juS.
1464 1258 1691 1301 Institutio
1714 1274 1791 1300 au-

335 1328 423 1359 tem
447 1319 682 1375 aequitatis,
707 1318 925 1376 tripartita
954 1327 1034 1359 est.
1064 1334 1150 1359 una
1183 1333 1297 1375 parS,
1328 1317 1525 1374 legitima
1554 1325 1635 1369 est,
1656 1316 1790 1358 altera

335 1377 613 1428 conveniens,
638 1378 765 1418 tertia
787 1377 918 1418 moris
940 1385 1157 1417 vetustate
1179 1376 1451 1417 confirmata.
1493 1374 1641 1430 Atque
1658 1375 1791 1417 etiam

335 1446 479 1475 rursus
505 1434 702 1490 aequitas,
722 1434 941 1491 tripartita
961 1434 1121 1475 dicitur
1141 1449 1255 1476 esse:
1287 1448 1374 1474 una
1395 1433 1448 1474 ad
1472 1447 1650 1488 superos
1671 1433 1791 1484 deos,

335 1491 469 1533 altera
500 1493 553 1533 ad
575 1507 738 1544 manes,
764 1493 892 1533 tertia
917 1491 969 1533 ad
999 1491 1198 1532 homines
1227 1491 1457 1548 pertinere.
1520 1490 1668 1531 Prima
1697 1491 1791 1547 pie-

337 1561 418 1600 tas,
442 1549 630 1591 secunda
652 1553 692 1581 83
706 1549 928 1600 sanctitas,
952 1548 1268 1604 tertiajustitia
1289 1558 1364 1589 aut
1387 1548 1570 1604 aequitas
1592 1549 1791 1589 nomina-

253 1611 324 1659 24
340 1617 421 1649 tur.
484 1607 552 1649 De
585 1608 811 1664 proposito
845 1607 949 1648 satis
978 1606 1140 1649 multa:
1183 1606 1388 1663 deinceps
1422 1606 1474 1647 de
1513 1620 1643 1647 causa
1682 1621 1790 1662 pau-

337 1665 455 1707 ciora
477 1665 660 1707 dicenda
682 1675 797 1707 sunt.
860 1665 1072 1720 Pleraque
1093 1665 1209 1706 enim
1232 1673 1334 1706 sunt
1361 1664 1401 1705 ei
1431 1678 1531 1708 cum
1562 1663 1790 1720 proposito

334 1738 599 1765 communia.

271 1788 319 1823 91
393 1781 495 1824 Tria
513 1790 613 1823 sunt
636 1781 771 1838 igitur
789 1795 949 1838 genera
969 1795 1222 1833 causarum3
1247 1779 1423 1836 judicii,
1446 1778 1787 1831 deliberationis,

333 1839 610 1881 laudationis.
673 1840 868 1886 Quarum
893 1839 999 1880 fines
1022 1839 1106 1895 ipsi
1129 1839 1364 1890 declarant,
1384 1838 1541 1894 quibus
1577 1837 1788 1879 utendum

333 1898 440 1939 locis
460 1898 530 1939 sit.
593 1897 882 1953 Namjudicii
918 1897 1015 1938 finis
1049 1897 1229 1953 estjus:
1262 1911 1318 1938 ex
1348 1911 1435 1952 quo
1456 1895 1589 1936 etiam
1612 1910 1787 1937 nomen.

333 1956 452 1999 Juris
475 1965 620 1998 autem
642 1964 786 2012 partes
809 1958 849 1987 84
865 1966 958 1997 tum
989 1956 1221 2012 expositae,
1245 1964 1335 1996 tum
1369 1953 1604 2009 aequitatis.
1666 1952 1790 1995 Deli-

199 2027 231 2059 1³-
247 2019 319 2052 0229.
335 2014 513 2055 beraudi
547 2014 661 2066 finis,
688 2013 877 2056 utilitas:
921 2013 1046 2069 cujus
1076 2013 1144 2055 hae
1178 2022 1336 2070 partes,
1357 2027 1455 2068 quae
1484 2011 1616 2053 modo
1648 2026 1787 2069 expo-

291 2072 320 2091 2·
335 2072 445 2123 sitae,
487 2087 628 2114 rerum
671 2072 1030 2127 expetendarum.
1093 2071 1377 2112 Laudationis
1414 2069 1526 2120 finis,
1556 2069 1785 2111 honestas:

271 2135 320 2171 92
334 2130 386 2171 de
408 2145 493 2185 qua
509 2130 612 2171 item
632 2138 696 2171 est
714 2138 814 2171 ante
836 2130 1018 2171 dictum.
1063 2129 1148 2171 Sed
1166 2129 1358 2170 definitae,
1373 2127 1636 2183 quaestiones
1655 2142 1681 2168 a
1698 2127 1788 2168 suis

332 2203 518 2243 quaeque
541 2188 661 2239 locis,
685 2187 806 2244 quasi
832 2188 1037 2244 propriis,
1060 2187 1363 2237 instituuntur,
1386 2187 1430 2227 in
1461 2185 1786 2227 accusationem

331 2245 715 2301 defensionemque
739 2245 926 2302 partitae.
988 2245 1041 2286 In
1064 2245 1221 2301 quibus
1244 2244 1462 2285 exsistunt
1493 2242 1588 2284 haec
1611 2257 1784 2300 genera,

331 2313 379 2344 ut
401 2313 627 2345 accusator
651 2318 878 2360 personam
901 2312 1057 2360 arguat
1082 2303 1209 2345 facti:
1242 2301 1442 2344 defensor
1465 2301 1627 2356 aliquid
1647 2315 1786 2357 oppo-

329 2371 406 2402 nat
429 2361 481 2403 de
504 2362 663 2403 tribus:
696 2372 771 2402 aut
794 2376 880 2402 non
904 2376 996 2402 esse
1016 2361 1196 2412 facturn,
1218 2369 1307 2412 aut,
1331 2360 1365 2400 si
1385 2359 1442 2401 sit
1464 2358 1644 2410 factum,
1666 2357 1783 2400 aliud

329 2418 423 2474 ejus
443 2419 548 2461 facti
567 2433 725 2461 nomen
749 2434 856 2470 esse,
879 2428 953 2460 aut
970 2419 1071 2475 jure
1089 2433 1180 2460 esse
1201 2418 1383 2460 factum.
1444 2416 1600 2472 Itaque
1621 2425 1696 2457 aut
1716 2416 1783 2457 in-

330 2477 492 2529 fitialis,
527 2487 602 2518 aut
635 2476 941 2532 conjecturalis
971 2477 1113 2533 prima
1144 2476 1407 2533 appelletur:
1452 2473 1691 2525 definitiva,
1722 2473 1782 2515 al-

330 2545 442 2576 tera:
477 2535 618 2585 tertia,
640 2534 838 2590 quamvis
871 2534 1102 2576 molestum
1137 2549 1296 2576 nomen
1330 2533 1414 2575 hoc
1437 2531 1782 2587 sit‚juridicialis

245 2584 317 2634 „⁶25
332 2601 524 2634 vocetur.
569 2591 738 2634 Harum
761 2606 985 2633 causarum
1005 2594 1181 2649 propria
1198 2600 1470 2648 argumenta,
1487 2605 1541 2631 ex
1565 2589 1617 2631 iis
1641 2598 1784 2631 sumta

328 2649 450 2703 locis,
491 2665 599 2706 quos
641 2650 939 2707 exposuimUS,
971 2650 1015 2691 in
1048 2651 1280 2707 praeceptis
1322 2647 1521 2690 oratoriis
1563 2646 1784 2704 explicata

367 2807 407 2835 83
429 2804 603 2844 sanctitas]
623 2804 689 2835 Ms.
709 2792 869 2835 lacunam
879 2803 980 2834 habet
995 2803 1030 2834 in
1072 2804 1202 2835 ster-iuri
1218 2807 1290 2834 tum
1307 2803 1340 2832 in
1355 2801 1406 2832 ed.
1422 2801 1505 2832 ven.
1517 2804 1552 2832 et
1566 2799 1709 2840 vulgatis
1732 2799 1781 2830 in—

323 2846 385 2877 hoc
402 2847 512 2877 verbo.
1073 2847 1112 2879 de
1126 2847 1167 2879 ab
1181 2845 1266 2879 Aldo
1281 2850 1315 2877 et
1329 2845 1426 2876 dunt.
1442 2849 1492 2876 est
1504 2853 1590 2875 cnm.

366 2892 406 2921 84
429 2894 501 2921 tum
515 2891 677 2932 expos-im,
701 2893 773 2921 tum
796 2887 866 2929 σῃ]
894 2889 956 2921 Pro
972 2899 1029 2930 po-
