1945 3235
570 98 757 155 LIBER
782 99 1106 152 SECUNDUS.
1470 104 1558 151 327

115 202 292 255 afficiat,
322 204 437 262 apud
466 218 572 260 quos
594 211 708 266 aget,
740 211 787 243 ut
820 217 907 253 eos,
938 217 1213 266 quocumque
1238 205 1352 255 velit,
1386 204 1449 246 vel
1472 214 1556 244 tra-

115 259 230 312 here,
264 261 327 302 vel
357 275 502 317 rapele
534 261 691 316 possit3
722 259 828 300 nihil
864 260 1058 315 proiecto
1092 270 1299 315 praeterea
1331 261 1381 302 ad
1411 262 1556 303 dicen-

115 318 220 359 dum
255 319 455 374 requiiffet
514 317 536 359 J
546 331 613 358 1111
647 316 750 358 illud
784 317 977 357 videmus
1012 331 1279 371 nequaquam
1315 319 1415 358 satis
1449 333 1554 368 6556,

116 377 301 432 leperire
321 375 424 431 quid
446 374 578 426 dicas,
608 373 689 414 nisi
716 373 757 414 id
789 373 1010 414 inventum
1035 384 1217 414 tractare
1241 375 1391 430 possis.
1451 374 1523 416 Tr
1512 382 1638 420 1-117

114 433 249 474 ctatio
271 442 414 474 autem
437 432 553 472 valia
585 445 675 471 6556
696 430 840 481 debet,
866 445 916 471 ne
949 441 1021 471 aut
1052 441 1289 486 cognoscat
1311 441 1460 480 a·,11e1n
1482 432 1553 487 qui

116 489 277 541 audiat,
320 498 394 530 aut
442 488 704 543 defatiwetur
755 488 1047 528 similitudinis
1091 488 1302 528 satietate.
1367 487 1555 543 Proponi

117 556 302 610 oportet,
334 545 436 600 quid
467 544 632 595 afferas,
664 553 707 584 et
730 544 771 584 id
801 560 824 599 q
834 559 930 585 une
959 545 1019 586 ita
1051 545 1120 596 sit,
1143 545 1388 586 ostenderze
1422 555 1464 584 et
1488 545 1557 586 115-

114 603 212 645 dem
233 603 313 645 illis
335 602 439 643 locis
466 602 680 642 interdum
702 562 971 653 concludere
992 601 1228 657 relinquere
1250 602 1367 653 alias,
1390 601 1559 657 alioque

114 660 314 703 transire:
347 673 461 714 saepe
497 673 583 699 non
619 673 874 715 proponere,
905 674 955 700 ac
994 659 1160 700 latione
1197 660 1291 715 ipsa
1327 659 1557 711 afferenda,

115 717 216 772 quid
240 715 566 780 proponendum
591 715 735 766 fuerit,
766 716 1002 757 declararze
1036 716 1069 756 si
1093 717 1162 757 cui
1193 717 1296 771 quid
1332 716 1469 758 simile
1495 716 1559 757 di-

113 789 198 831 caS,
221 788 338 830 prius
363 783 411 814 ut
437 774 575 814 simile
605 748 1043 815 consti-1nes;deiude
1073 774 1190 829 quod
1215 774 1373 831 aeritur,
1404 774 1559 829 adjun-

110 845 214 886 gas:
247 842 408 887 puncta
429 840 781 887 argumentorum
804 831 1055 887 plerumque
1090 843 1135 872 ut
1163 807 1348 883 OcculaS‚
1380 846 1433 872 ne
1463 831 1558 886 quis

112 901 162 929 ea
183 902 406 929 numerare
427 888 576 945 possit,
600 897 648 929 ut
669 902 714 929 re
737 888 1073 947 distinguantur,
1104 889 1245 930 verbis
1267 889 1448 948 confusa
1468 903 1559 930 esse

113 945 351 986 videantur.

172 1001 284 1044 Haec
306 1013 354 1044 ut
380 1012 423 1043 et
445 1017 692 1059 properanS,
719 1011 762 1043 et
784 1003 896 1058 apud
921 1002 1086 1053 doctos,
1119 1013 1161 1043 et
1184 1003 1476 1046 semidoctus
1467 1018 1558 1060 ipse
1569 996 1637 1044 4‘2

113 1072 330 1124 percurro,
362 1070 410 1100 ut
431 1060 660 1116 aliquando
683 1060 736 1101 ad
767 1059 838 1100 illa
866 1059 1031 1114 majora
1054 1061 1289 1102 veniamus.
1352 1061 1474 1102 Nihil
1495 1070 1560 1103 est
1568 1068 1646 1107 178

114 1116 230 1159 enim
253 1132 296 1157 in
318 1117 516 1169 dicendo,
549 1116 717 1168 Catule,
748 1117 902 1172 majus,
933 1132 1063 1172 quam
1087 1127 1133 1157 ut
1155 1117 1298 1159 faxeat
1328 1119 1486 1160 oratori
1510 1119 1559 1171 is,

113 1174 187 1238 qui
221 1175 382 1226 audiet,
416 1185 547 1230 utque
585 1176 675 1231 ipse
713 1174 774 1215 516
814 1187 1052 1225 moveatur,
1083 1184 1131 1215 ut
1166 1175 1331 1232 impetu
1371 1176 1560 1232 quodam

115 1232 248 1276 animi
282 1243 325 1274 et
354 1233 677 1296 pelMtuibatione
709 1232 862 1288 magis,
894 1247 1022 1286 quain
1049 1231 1235 1287 judicio,
1262 1242 1337 1274 aut
1365 1234 1561 1287 consilio,
1607 1260 1611 1263 -

113 1299 300 1345 legatur.
361 1289 491 1330 Phua
525 1304 639 1330 6111111
674 1289 810 1330 multo
853 1289 1050 1330 homines
1084 1289 1288 1345 judicant
1329 1291 1445 1343 odio,
1488 1301 1562 1332 aut

112 1361 270 1398 amore,
302 1357 377 1388 aut
411 1347 663 1403 cupiditate,
694 1357 768 1387 ant
808 1347 1043 1397 iracundia,
1076 1357 1150 1388 aut
1187 1347 1348 1400 (101016,
1379 1357 1454 1389 aut
1488 1348 1562 1390 lae·

115 1402 227 1467 titia,
257 1414 333 1445 aut
371 1419 459 1469 spe,
491 1414 564 1445 aut
604 1405 772 1455 tim01e‚
804 1415 879 1445 aut
911 1419 1067 1456 errme,
1098 1414 1171 1446 aut
1211 1405 1354 1461 aliqua
1392 1420 1561 1462 permo-

113 1454 233 1502 tione
253 1462 425 1514 mentis,
457 1477 585 1518 quam
608 1462 802 1513 veritate,
835 1472 908 1502 aut
931 1462 1200 1518 praescriptO,
1231 1472 1306 1504 aut
1328 1478 1440 1519 Juils
1462 1478 1560 1505 nor-

113 1533 185 1565 ma
217 1518 374 1575 aliqua,
407 1529 483 1560 aut
507 1519 664 1575 judicii
701 1519 900 1570 formula,
932 1529 1006 1560 aut
1040 1519 1223 1576 legibus.
1286 1521 1446 1574 Quare,
1477 1521 1648 1568 11151179

95 1575 217 1632 (111111
239 1577 364 1619 vobis
387 1576 498 1618 aliud
524 1577 678 1641 placet,
710 1577 761 1618 ad
786 1576 857 1618 illa
876 1591 1119 1633 pergarnus.

175 1632 386 1685 Paullum,
419 1634 560 1690 inquit
593 1633 789 1685 Catulus,
819 1635 948 1675 ctiam
979 1649 1094 1675 nunc
1127 1635 1273 1675 deesse
1306 1634 1474 1676 videtur
1510 1636 1561 1677 iis

116 1690 258 1742 rebus,
289 1689 470 1743 Antoni,
501 1707 605 1747 quas
641 1692 897 1748 exposuisti,
937 1692 1053 1748 quod
1091 1692 1146 1733 sit
1179 1692 1259 1733 tibi
1292 1703 1391 1734 ante
1424 1693 1562 1750 expli-

116 1748 315 1800 candum,
352 1763 480 1814 quam
515 1749 614 1791 illuc
653 1749 940 1805 proficiscare,
983 1765 1069 1805 quo
1109 1760 1150 1791 te
1183 1749 1290 1791 dicis
1327 1751 1561 1792 intendere.

119 1805 368 1852 Quidnam?
400 1807 555 1861 inquit.
603 1809 638 1837 3¹
656 1807 743 1853 Qui
766 1807 871 1848 ordo
895 1808 974 1849 tibi
999 1807 1178 1863 placeat,
1200 1807 1343 1868 inquit
1367 1808 1561 1859 Catulus,

116 1872 160 1903 et
192 1877 289 1918 quae
323 1864 550 1920 dispositio
585 1873 952 1920 argumentmum,
985 1865 1027 1905 in
1061 1880 1147 1920 qua
1175 1873 1222 1906 tu
1253 1865 1358 1906 mihi
1395 1880 1561 1922 semper

116 1919 219 1960 deus
254 1921 386 1962 videri
416 1921 539 1964 soles.
600 1922 709 1962 Vide
739 1936 864 1976 quam
896 1923 975 1962 sim
1009 1923 1051 1962 in
1086 1923 1167 1963 isto
1202 1936 1372 1978 genere,
1404 1923 1559 1986 inquit,
1574 1932 1649 1967 180

117 1976 286 2029 Catule,
316 1979 434 2021 deus.
457 1994 545 2020 non
577 1978 820 2020 mehercule
849 1979 970 2030 mihi,
1001 1980 1083 2020 nisi
1114 1980 1353 2044 admonito,
1376 1981 1562 2021 venisset

115 2034 159 2075 in
182 2044 396 2078 mentem:
428 2045 476 2078 ut
500 2036 650 2092 possis
664 2037 927 2088 existimare,
958 2052 1026 2078 me
1048 2037 1090 2077 in
1114 2052 1177 2088 ea,
1210 2038 1251 2078 in
1275 2037 1431 2093 quibus
1455 2052 1561 2079 non-

86 2148 89 2149 7
113 2106 352 2158 numquam
373 2093 534 2150 aliquid
556 2094 726 2136 efficere
749 2094 911 2144 videor,
943 2109 1021 2135 usu
1052 2094 1217 2136 solere
1208 2109 1252 2135 m
1274 2095 1474 2146 dicendo,
1496 2094 1563 2137 vel

115 2164 217 2194 casu
238 2151 384 2207 potius
407 2151 635 2193 incurrere.
697 2150 764 2192 Ac
786 2165 851 2191 res
873 2151 1046 2206 quidem
1071 2152 1167 2202 ista,
1189 2167 1319 2208 quam
1341 2167 1439 2209 ego,
1462 2153 1564 2208 quia

114 2221 202 2248 non
231 2222 396 2260 noram,
428 2209 518 2273 sic,
534 2218 740 2265 tanquam
770 2209 970 2265 ignotum
1003 2209 1238 2261 hominem,
1270 2211 1562 2266 praeteribam,

116 2273 286 2306 tantum
323 2274 467 2322 potest
508 2265 552 2307 in
593 2242 813 2317 dicendo?
834 2275 883 2307 ut
923 2266 976 2307 ad
1016 2267 1274 2309 vincendum
1314 2267 1430 2309 nulla
1466 2268 1562 2324 plus

115 2321 276 2378 possit:
309 2323 383 2365 sed
412 2332 552 2365 tamen
577 2324 682 2364 mihi
709 2324 864 2365 videris
895 2334 994 2365 ante
1020 2335 1188 2381 teinpus
1213 2340 1238 2366 a
1258 2339 1328 2365 me
1349 2325 1560 2366 rationem
1577 2338 1646 2372 181

117 2379 278 2421 ordinis
311 2389 356 2421 et
390 2380 752 2446 disponendarum
783 2395 924 2422 rerum
958 2382 1198 2437 requisrsse.
1261 2382 1375 2423 Nam
1411 2382 1446 2423 si
1478 2397 1562 2440 ego

117 2451 289 2482 omnem
327 2438 412 2478 vim
448 2439 630 2480 oratoris
660 2453 703 2479 m
737 2439 1018 2495 argumentis,
1050 2448 1093 2480 et
1126 2440 1170 2480 in
1209 2454 1254 2480 re
1287 2440 1379 2496 ipsa
1412 2454 1487 2496 per
1520 2455 1564 2481 se

116 2494 439 2550 comprobanda
461 2496 714 2552 posuissem,
746 2505 914 2552 tempus
937 2506 1049 2536 esset
1064 2496 1155 2551 jam
1180 2497 1233 2538 de
1264 2497 1415 2538 ordine
1436 2512 1564 2553 argu—

118 2562 376 2603 mentorum,
406 2563 450 2594 et
473 2554 526 2594 de
554 2553 841 2595 collocatione
870 2553 1033 2608 aliquid
1063 2554 1226 2596 dicerze
1259 2555 1331 2595 sed
1354 2569 1453 2597 cuin
1485 2556 1607 2608 triap
1629 2569 1705 2599 195..

112 2606 247 2650 sima
275 2623 343 2650 me
371 2611 608 2668 proposita,
631 2611 683 2652 de
711 2625 798 2652 uno
832 2610 1021 2663 dictum,
1053 2625 1151 2653 cum
1182 2612 1235 2652 de
1267 2613 1436 2653 duobus
1469 2613 1594 2653 reli-a
1599 2634 1605 2641 ·

160 2772 198 2801 31
222 2771 294 2813 ‚Qui
322 2773 398 2804 ordo
426 2775 484 2805 mn·
502 2773 629 2815 placet]
653 2773 688 2804 Si
711 2774 824 2813 placet
867 2772 954 2812 quod
976 2777 1010 2804 et
1033 2773 1151 2804 melius
1174 2773 1318 2811 videtur,
1343 2773 1570 2814 recepitquee

118 2820 232 2844 verum
257 2820 320 2853 est,
345 2815 580 2857 interrogative
604 2816 693 2847 istud
707 2821 757 2846 est
772 2826 824 2846 ca·
867 2815 1570 2856 Μες.51611116.515ρ11.1..ωυι).1ἐωε1υ5.

120 2855 288 2895 piendum.
335 2857 415 2889 alias
457 2860 591 2901 placeat
633 2858 824 2900 legendum,
869 2868 914 2888 sic
928 2863 961 2888 et
977 2858 1055 2889 Erl.

809 2906 885 2942 Υ4
