1945 3235
650 161 836 200 LIBER
864 160 1108 201 PRIMUS.
1522 166 1591 200 151

155 265 322 323 indiget
352 267 702 324 approbationis3
733 266 932 323 quaedam
962 274 1121 316 autem,
1154 265 1198 305 in
1229 281 1314 320 qua
1342 265 1450 307 nihil
1482 266 1593 308 valet

154 323 245 365 sine
286 326 612 381 approbatione,
645 334 695 366 ut
723 324 1011 366 ostendemus.
1045 330 1240 378 separata
1270 330 1334 363 est
1373 323 1504 378 igitur
1536 325 1591 365 ab

153 383 416 423 assumtione
439 383 710 439 approbatio.
771 381 1060 424 Ostendemus
1081 388 1225 420 autem
1248 379 1306 428 id,
1328 381 1443 433 quod
1465 381 1590 435 polli-

152 438 229 479 citi
252 454 412 491 sumus,
433 440 516 481 hoc
538 441 692 483 modo:
718 439 829 487 Quae
852 438 1122 495 perspicuam
1140 436 1342 477 omnibus
1366 436 1587 478 veritatem
1599 440 1648 473 65

153 497 349 538 continet
370 497 590 549 assumtio,
610 497 720 538 nihil
738 497 906 553 indiget
926 493 1266 551 approbationis.
1285 507 1335 534 ea
1356 502 1421 533 est
1441 493 1590 548 hujus·-

151 554 295 595 modi:
329 554 375 595 Si
400 563 570 610 oportet
604 569 764 610 sapere,
787 554 887 594 dare
917 567 1093 610 operam
1124 550 1411 608 philosophiae.
1434 565 1591 591 eonve-

152 610 233 651 nit.
292 611 405 653 Haec
427 611 665 667 propositio
689 612 856 668 indiget
886 609 1226 667 approbationis.
1248 622 1335 649 non
1358 608 1473 648 enim
1496 622 1591 663 per-

152 668 302 723 spicua
321 677 400 720 est,
418 682 557 724 neque
575 677 746 710 constat
768 669 878 710 inter
896 682 1059 719 omneS,
1082 676 1309 723 propterea
1330 664 1445 721 quod
1464 665 1589 706 multi

149 725 259 766 nihil
275 726 476 782 prodesse
498 726 834 783 philosophiam,
853 726 1044 782 plerique
1060 725 1191 765 etiam
1210 725 1360 764 obesse
1378 722 1590 763 arbitran-

150 791 234 824 tur.
293 782 517 824 Assumtio
540 785 768 841 perspicua
787 793 853 825 est
882 783 1002 825 haec:
1037 782 1223 838 Oportet
1253 790 1397 822 autem
1427 794 1588 836 sapere.

146 842 168 871 4
192 839 293 882 Hoc
323 851 467 882 autem
497 841 600 897 quia
629 843 771 898 ipsum
793 855 848 882 ex
880 855 924 881 re
954 839 1225 897 perspicitur,
1247 848 1291 879 et
1322 852 1468 879 verum
1498 852 1590 879 esse

148 896 417 954 intelligitur,
439 898 547 940 nihil
577 900 733 941 attinet
763 898 1007 956 approbari.
1068 898 1214 944 Quare
1245 896 1391 937 statim
1414 895 1587 936 conclu-

149 954 290 996 denda
310 966 376 997 est
405 958 739 1013 argumentatio.
799 957 878 998 Est
898 970 1001 1012 ergo
1024 956 1230 996 assumtio
1252 953 1466 1009 quaedam,
1489 968 1586 1007 quae

148 1013 474 1069 approbationis
505 1029 592 1056 non
623 1015 802 1071 indiget.
832 1029 932 1056 nam
954 1013 1170 1068 quandam
1199 1012 1393 1068 indigere
1422 1011 1587 1066 perspi-

147 1084 278 1111 cuum
312 1081 391 1112 est.
425 1081 621 1128 separata
652 1082 716 1113 est
748 1072 881 1129 igitur
913 1072 967 1112 ab
1010 1070 1271 1111 assumtione
1312 1067 1585 1126 approbatio.

150 1126 322 1170 Falsum
345 1143 448 1186 ergo
471 1138 549 1181 est,
571 1145 659 1171 non
680 1144 771 1171 esse
800 1129 894 1185 plus
914 1142 1045 1184 quam
1068 1127 1326 1183 tripertitam
1357 1140 1585 1181 argumen-

148 1185 371 1228 tationem.
430 1186 576 1242 Atque
616 1201 672 1228 ex
714 1187 781 1227 his
822 1186 926 1227 illud
956 1186 1051 1241 jam
1082 1185 1355 1241 perspicuum
1386 1192 1465 1234 est,
1494 1180 1667 1235 esse37

146 1244 361 1297 quandam
383 1244 816 1301 argumentationem,
836 1244 878 1285 in
901 1259 986 1299 qua
1007 1257 1145 1297 neque
1167 1241 1421 1298 propositio,
1443 1252 1643 1296 neque66

146 1301 352 1342 assumtio
391 1302 584 1358 indigeat
624 1302 964 1359 approbationis,
1006 1299 1280 1355 hujusmodi3
1329 1307 1378 1338 ut
1417 1307 1584 1338 certum

146 1358 365 1413 quiddam,
403 1369 448 1401 et
491 1361 631 1412 breve,
664 1359 852 1415 exempli
882 1374 1025 1409 causa,
1058 1371 1293 1414 ponamus:
1327 1355 1372 1396 Si
1416 1369 1584 1396 summo

145 1429 274 1471 opere
305 1417 516 1472 sapientia
545 1418 731 1473 petenda
752 1426 830 1469 est,
853 1430 1021 1458 summo
1048 1429 1177 1472 opere
1208 1413 1391 1455 stultitia
1410 1412 1586 1453 vitanda

141 1482 230 1514 est:
263 1488 430 1516 summo
461 1484 605 1516 autem
647 1489 776 1531 opere
809 1474 1019 1531 sapientia
1059 1471 1245 1529 petenda
1281 1479 1370 1512 est:
1415 1485 1583 1511 summo

141 1529 275 1586 igitur
315 1546 444 1588 opere
487 1532 670 1574 stultitia
706 1532 883 1574 vitanda
914 1541 993 1573 est.
1070 1530 1160 1572 Hic
1197 1539 1242 1570 et
1277 1528 1498 1579 assumtio,
1537 1537 1582 1568 et

136 1589 377 1644 propositio
401 1591 628 1647 perspicua
650 1601 728 1631 est.
759 1605 890 1646 quare
919 1598 1074 1630 neutra
1103 1601 1277 1644 quoque
1308 1586 1475 1641 indiget
1505 1600 1580 1641 ap-

136 1647 407 1700 probatione.
460 1646 562 1689 ssEx
594 1648 713 1690 hisce
735 1648 936 1689 omnibus
969 1646 1074 1688 illud
1104 1644 1381 1702 perspicuum
1403 1652 1482 1694 est,
1504 1657 1580 1698 ap-

135 1703 436 1758 probationem
467 1715 560 1746 tum
591 1705 786 1762 adjungi,
810 1715 900 1746 tum
931 1719 1019 1746 non
1050 1702 1244 1759 adjungi.
1307 1700 1374 1741 Ex
1397 1715 1484 1755 quo
1505 1715 1579 1740 co-

136 1762 373 1815 gnoscitur,
394 1777 534 1818 neque
556 1764 598 1804 in
622 1763 931 1820 propositione,
953 1776 1092 1817 neque
1114 1761 1157 1801 in
1189 1758 1452 1801 assumtione
1474 1772 1576 1798 con-

136 1817 261 1859 tineri
292 1820 665 1876 approbationem,
687 1821 759 1863 sed
789 1829 1016 1875 utramque
1047 1833 1122 1859 suo
1146 1817 1241 1858 loco
1264 1816 1465 1872 positam,
1490 1815 1573 1857 vim

135 1888 269 1927 Suam,
301 1886 504 1932 tanquam
543 1887 702 1919 certam
736 1886 779 1919 et
813 1878 1045 1934 propriam,
1078 1875 1288 1917 obtinere.
1367 1872 1497 1919 Quod
1541 1873 1575 1912 si

133 1931 194 1973 ita
215 1942 293 1985 est,
316 1935 542 1977 commode
572 1935 720 1991 partiti
752 1944 851 1976 sunt
871 1935 946 1986 illi,
969 1934 1042 1990 qui
1066 1933 1109 1974 in
1131 1932 1322 1988 quinque
1343 1940 1486 1986 partes
1509 1929 1575 1970 di-

132 1990 397 2033 stribuerunt
417 1993 851 2049 argumentationem.

190 2048 395 2105 Quinque
433 2059 533 2091 sunt
570 2051 704 2107 igitur
736 2060 876 2106 partes
909 2049 1001 2105 ejus
1039 2045 1440 2104 argumentationiS,
1472 2059 1569 2100 quae
1583 2046 1633 2085 67

129 2119 206 2160 per
236 2107 610 2149 ratiocinationem
634 2117 865 2150 tractatur:
900 2106 1162 2162 Propositio,
1188 2118 1263 2160 per
1293 2117 1423 2158 quam
1452 2101 1572 2143 locus

129 2162 165 2202 is
198 2164 384 2206 breviter
404 2166 652 2222 exponitur,
674 2180 729 2207 ex
752 2180 838 2221 quo
861 2165 925 2206 vis
952 2164 1090 2205 omnis
1113 2170 1285 2218 oportet
1306 2168 1477 2201 emanet
1507 2174 1572 2200 ra-

128 2220 448 2265 tiocinationis:
481 2223 789 2279 propositionis
820 2221 1091 2279 approbatio,
1117 2234 1193 2276 per
1224 2232 1352 2274 quam
1375 2218 1433 2268 id,
1455 2217 1573 2273 quod

128 2277 316 2320 breviter
343 2282 590 2337 expositum
618 2290 696 2332 est,
727 2281 966 2322 rationibus
998 2278 1273 2328 affirmatum,
1306 2275 1571 2331 probabilius

127 2343 171 2376 et
202 2338 389 2393 apertius
422 2338 496 2380 fit:
529 2339 750 2390 assumtio,
784 2352 859 2394 per
888 2351 1018 2393 quam
1048 2337 1106 2386 id,
1142 2334 1258 2390 quod
1289 2347 1343 2374 ex
1375 2333 1572 2389 proposi·
1620 2382 1623 2383 ⁷

129 2392 245 2435 tione
284 2395 337 2436 ad
376 2396 690 2437 ostendendum
740 2396 940 2452 pertinet,
983 2393 1243 2439 assumitur:
1296 2390 1571 2436 assumtionis

127 2452 399 2511 approbatio,
429 2468 506 2510 per
537 2468 667 2509 quam
705 2454 763 2505 id,
796 2453 913 2509 quod
946 2461 1182 2494 assumtum
1211 2457 1290 2499 est,
1330 2447 1570 2488 rationibus

127 2506 344 2553 firmatur:
377 2511 638 2567 complexio,
661 2525 736 2567 per
756 2525 886 2567 quam
908 2509 966 2560 id,
989 2508 1106 2564 quod
1127 2506 1356 2548 conficitur
1377 2519 1431 2546 ex
1451 2503 1569 2545 omni

125 2568 513 2621 argumentatione,
537 2568 722 2610 breviter
748 2567 997 2625 exponitur.
1058 2565 1170 2612 Quae
1202 2563 1405 2620 plurimas
1438 2562 1569 2603 habet
1581 2582 1613 2611 b.

126 2626 441 2678 argumentatio
472 2636 627 2682 parteS,
662 2641 712 2667 ea
741 2634 912 2667 constat
942 2639 996 2665 ex
1029 2622 1097 2664 his
1130 2622 1320 2677 quinque
1347 2620 1566 2676 partibus:

125 2681 311 2722 secunda
331 2691 394 2723 est
416 2684 752 2740 quadripertita:
785 2683 912 2724 tertia
934 2681 1162 2738 tripertita.
1200 2677 1313 2719 Dein
1337 2676 1568 2734 bipe1·tita;

159 2794 186 2840 *4
208 2792 282 2824 Hoc
308 2797 410 2836 quim]
441 2797 557 2829 Delevi
579 2802 712 2837 autem3
736 2797 823 2838 quod
865 2796 991 2827 duobus
1006 2794 1097 2826 Leid.
1113 2794 1202 2826 Cass.
1215 2793 1278 2823 Gu.
1298 2795 1324 2823 1.

125 2834 269 2866 ahenum
281 2847 360 2876 esse,
371 2849 483 2870 sensus
497 2850 625 2880 quoque
637 2846 671 2872 et
686 2851 823 2871 consue·
909 2842 927 2870 5
950 2839 1009 2870 Ex
1055 2839 1139 2868 hisee
1174 2834 1347 2874 omnibus]
1387 2833 1439 2863 Sic
1487 2832 1568 2868 MSS.

122 2878 203 2926 tudp
218 2885 376 2920 perpetua
390 2881 555 2913 Ciceronis
577 2884 613 2913 in
634 2883 696 2914 hac
713 2883 823 2923 dispu-
866 2881 965 2913 multi
978 2885 1011 2913 et
1026 2880 1098 2913 edd.
1113 2889 1162 2922 pr.
1177 2888 1279 2919 usque
1295 2877 1335 2909 ad
1350 2875 1481 2908 Aldum.

124 2922 312 2953 tatnuncula
338 2923 443 2954 docet.
501 2925 546 2956 Et
576 2925 668 2956 abest
694 2937 715 2957 a
740 2926 822 2957 Mss.

825 2973 901 3010 1.4
