1945 3235
343 174 413 207 128
800 167 879 205 DE
913 166 1293 205 INVENTIONE

342 273 398 313 sit
419 287 474 314 ex
492 272 684 329 pluribus
703 273 1014 328 quaestionibus
1039 272 1208 327 juncta,
1231 287 1284 312 an
1307 285 1359 311 ex
1379 268 1521 325 aliqua
1537 285 1758 328 compara-

342 330 472 370 tione.
535 330 726 386 Simplex
757 339 835 381 cst,
869 345 964 385 quae
995 329 1232 370 absolutam
1267 329 1308 369 in
1333 343 1376 368 se
1405 328 1596 369 continet
1629 343 1757 370 unam

339 387 638 442 quaestionem,
670 388 751 428 hoc
785 387 938 427 modo:
973 385 1210 427 Corinthiis
1242 385 1398 426 bellum
1431 384 1682 437 indicamus,
1703 401 1758 427 an

340 459 441 485 non.
496 444 742 499 Conjuncta
774 458 826 483 ex
862 443 1055 498 pluribus
1086 443 1412 499 quaestionibus,
1450 442 1493 483 in
1523 457 1607 498 qua
1639 442 1761 498 plura

340 513 606 556 quaeruntur‚
631 502 716 541 ho(-
736 510 888 555 pacto:
927 500 1079 541 Utrum
1100 500 1323 555 Karthago
1348 500 1554 551 diruatur,
1577 514 1629 540 an
1651 499 1761 540 Kar-

342 559 683 615 thaginiensilms
705 558 915 606 reddatur,
936 572 988 597 an
1008 572 1058 597 eo
1080 558 1249 599 colonia
1269 557 1518 598 deducatur.
1562 555 1627 597 Ex
1643 570 1761 598 com-

341 617 574 672 paratione,
599 616 640 655 in
660 630 745 669 qua
766 628 841 670 per
863 615 1198 666 contentionem,
1221 624 1362 656 utrum
1384 613 1540 670 potius,
1563 621 1637 654 aut
1657 613 1762 669 quid

344 674 614 728 potissimum
631 672 699 722 sit,
715 672 935 726 quaeritur,
955 671 1006 712 ad
1022 671 1135 713 hunc
1153 672 1350 713 modum:
1377 672 1531 713 Utrum
1549 671 1762 712 exercitus

340 731 384 770 in
422 729 726 770 Macedoniam
762 738 912 769 contra
936 728 1187 785 Philippum
1218 730 1428 780 mittatur,
1451 729 1524 784 qui
1554 729 1680 770 sociis
1708 727 1763 768 sit

342 786 519 837 auxilio,
533 801 586 826 an
604 795 798 827 teneatur
812 787 854 826 in
876 785 1015 836 Italia,
1035 797 1083 826 ut
1103 801 1230 841 quam
1249 787 1451 828 maximae
1472 795 1620 827 contra
1640 784 1764 826 Han-

340 843 527 883 nibalem
549 844 687 899 copiae
711 843 810 883 sint.
872 842 1040 884 Deinde
1062 844 1416 885 considerandum
1435 851 1513 894 est,
1537 843 1580 884 in
1599 843 1764 884 ratione

343 915 396 940 an
421 900 461 940 in
486 901 646 957 scripto
671 901 727 940 sit
748 900 1053 941 controversia.
1079 915 1180 942 nam
1215 901 1361 956 scripti
1381 901 1672 942 controversia
1700 909 1765 940 est

265 949 327 995 13
342 972 405 1008 ea,
424 972 520 1012 quae
540 972 593 998 ex
615 957 860 1013 scriptionis
879 971 1034 1012 genere
1051 958 1254 998 nascitur.
1303 957 1407 1013 Ejus
1429 967 1571 999 autem
1593 970 1764 1013 genera,

343 1029 438 1069 quae
474 1024 570 1055 sunt
603 1023 794 1070 separata
825 1030 850 1054 a
878 1014 1275 1066 constitutionibus,
1303 1016 1492 1070 quinque
1522 1025 1634 1056 sunt.
1663 1028 1764 1055 nam

344 1085 442 1111 cum
474 1072 605 1112 verba
627 1071 720 1128 ipsa
743 1072 939 1112 videntur
958 1085 1055 1111 cum
1079 1072 1289 1112 sententia
1311 1072 1530 1128 scriptoris
1548 1071 1766 1122 dissidere,

344 1138 433 1169 tum
459 1129 569 1169 inter
591 1144 633 1170 se
656 1129 751 1170 duae
776 1129 902 1184 leges,
923 1138 996 1169 aut
1019 1129 1158 1184 plures
1177 1129 1430 1185 discrepare,
1453 1137 1544 1170 tum
1569 1129 1628 1180 id,
1649 1128 1767 1185 quod

236 1202 266 1232 p.
281 1192 330 1222 46.
345 1186 552 1241 scriptum
582 1195 659 1237 est,
682 1187 785 1227 duas
820 1195 894 1227 aut
926 1186 1066 1241 plures
1097 1201 1161 1227 res
1194 1186 1458 1242 significare:
1493 1195 1583 1227 tum
1615 1200 1670 1227 ex
1699 1199 1766 1236 eo,

302 1244 330 1265 ³·
343 1243 458 1298 quod
493 1244 701 1300 scriptum
733 1253 811 1294 est,
845 1243 959 1283 aliud
981 1257 1167 1299 quoquc,
1188 1243 1303 1298 quod
1333 1258 1420 1285 non
1451 1244 1657 1300 scriptum
1689 1251 1769 1294 est,

344 1301 552 1342 inveniri:
586 1311 676 1341 tum
707 1301 770 1341 vis
798 1301 930 1351 verbi,
962 1301 1081 1355 quasi
1114 1301 1157 1341 in
1185 1301 1408 1342 definitiva
1442 1299 1767 1351 constitutione,

346 1359 388 1398 in
411 1373 496 1413 quo
520 1359 660 1414 posita
683 1358 751 1409 sit,
774 1359 924 1413 quaeri.
986 1359 1131 1404 Quare
1153 1358 1338 1414 primum
1361 1373 1512 1414 geum,
1533 1358 1586 1399 de
1608 1358 1768 1413 scripto

344 1424 387 1454 et
420 1416 655 1467 sententia3
705 1416 954 1466 secundum,
993 1429 1046 1456 cx
1086 1416 1310 1456 contrariis
1344 1415 1536 1471 legibus:
1580 1415 1768 1466 tertium,

345 1473 618 1529 ambiguum3
641 1482 854 1528 quartum,
878 1472 1244 1524 ratiocinativum;
1267 1473 1480 1528 quintum,
1499 1472 1769 1514 definitivum

286 1535 332 1568 18
348 1531 631 1570 nominamus,
693 1529 824 1569 Ratio
858 1539 999 1570 autem
1021 1539 1099 1580 est,
1121 1545 1220 1571 cum
1242 1530 1381 1570 omnis
1402 1529 1585 1585 quaestio
1607 1544 1694 1571 non
1725 1530 1768 1570 in

347 1587 593 1642 scriptione,
617 1587 688 1627 sed
713 1587 754 1627 in
777 1587 920 1641 aliqua
937 1587 1309 1643 argumentatione
1329 1587 1541 1629 consistit.

398 1643 512 1684 ³³6At
535 1654 641 1695 tum,
663 1644 935 1685 considerato
969 1658 1124 1700 genere
1155 1659 1309 1696 causae,
1333 1655 1376 1685 et
1404 1644 1581 1701 cognita
1609 1643 1771 1685 consti-

339 1700 522 1751 tutione,
553 1716 668 1751 cum,
700 1701 938 1757 simplexne
968 1716 1022 1742 an
1053 1701 1287 1756 conjuncta
1316 1702 1385 1753 sit,
1417 1701 1690 1752 intellexeris,
1712 1709 1770 1752 et,

341 1758 491 1814 scripti
515 1773 568 1799 an
601 1759 778 1799 rationis
805 1759 962 1799 habeat
989 1760 1340 1811 controversiam,
1370 1758 1549 1812 videris;
1570 1758 1773 1814 deinceps

340 1815 421 1856 erit
439 1815 686 1866 videndum,
710 1831 806 1870 quae
821 1816 1019 1870 quaestio,
1039 1831 1135 1871 quae
1156 1817 1279 1866 ratio,
1298 1815 1638 1872 quaejUdicatio,
1655 1815 1776 1871 quod

341 1872 658 1913 firmamentum
681 1888 820 1914 causae
846 1874 923 1915 sit:
947 1888 1044 1928 quae
1072 1874 1217 1914 onmia
1249 1889 1274 1914 a
1302 1873 1612 1915 constitutione
1643 1871 1774 1929 profi-

340 1929 557 1971 ciscantur
587 1939 772 1986 oportet.
834 1931 1033 1977 Quaestio
1074 1940 1139 1971 est
1169 1946 1232 1982 ea,
1264 1946 1361 1986 quae
1403 1946 1458 1973 ex
1496 1930 1774 1972 conflictione

340 2002 565 2028 causarum
597 1988 792 2043 gignitur
826 1989 1131 2039 controversia,
1162 1987 1246 2029 hoc
1280 1989 1435 2031 modo:
1460 1988 1561 2029 Non
1579 1988 1679 2043 jure
1712 1986 1773 2027 fe-

339 2044 462 2086 cisti:
489 2044 590 2099 jure
621 2045 718 2085 feci.
781 2045 1017 2085 Causarum
1059 2055 1202 2086 autem
1238 2045 1332 2086 haec
1363 2055 1428 2086 est
1456 2044 1694 2094 conflictio,
1729 2043 1774 2084 in

340 2115 425 2155 qua
455 2102 709 2143 constitutio
733 2111 916 2142 constat.
939 2117 993 2143 ex
1016 2116 1066 2142 ea
1087 2102 1221 2157 igitur
1250 2104 1440 2143 nascitur
1465 2101 1772 2152 controversia,

339 2173 470 2213 quam
510 2160 793 2213 quaestionein
833 2159 1031 2209 dicimus,
1073 2158 1156 2199 hoc
1195 2159 1351 2202 modo:
1393 2159 1555 2202 Jurene
1595 2157 1778 2199 fecerit?

340 2219 379 2249 37
397 2215 528 2256 Ratio
550 2224 627 2266 est,
651 2231 747 2271 quae
771 2216 966 2257 continet
987 2230 1174 2267 causam,
1198 2232 1294 2272 quae
1319 2217 1352 2257 si
1381 2216 1549 2258 sublata
1575 2216 1644 2267 sit,
1667 2214 1777 2256 nihil

341 2271 385 2312 in
419 2288 549 2313 causa
580 2274 883 2314 controversiae
919 2273 1196 2329 relinquetur,
1231 2273 1314 2315 hoc
1344 2275 1488 2326 modo,
1513 2282 1562 2314 ut
1591 2271 1774 2315 docendi

338 2343 470 2370 causa
493 2330 535 2370 in
559 2329 675 2371 facili
705 2339 748 2371 et
770 2330 1024 2386 pervulgato
1047 2330 1248 2386 exemplo
1271 2332 1578 2383 consistamus3
1601 2330 1776 2372 Orestes

340 2386 373 2426 si
397 2396 622 2428 accusetur
654 2388 900 2439 matricidii,
925 2388 1006 2434 nisi
1037 2387 1121 2429 hoc
1151 2387 1282 2440 dicat,
1304 2388 1410 2430 Jure
1433 2389 1538 2439 feci3
1570 2387 1640 2428 illa
1661 2387 1777 2428 enim

340 2453 504 2498 patrem
536 2458 681 2486 meum
721 2445 965 2486 occiderat:
997 2460 1083 2486 non
1121 2445 1254 2486 habet
1291 2445 1600 2487 defensionem.
1638 2448 1678 2477 38
1693 2458 1781 2500 qua

1082 2574 1224 2605 refertur
1236 2575 1276 2606 ad
1291 2574 1517 2606 controversia.
1553 2574 1616 2605 Sed
1627 2574 1682 2605 hic
1694 2571 1778 2605 nihil

1081 2622 1144 2654 est,
1159 2627 1300 2656 quocum
1309 2619 1479 2657 jungatur.
1522 2616 1623 2647 Abest
1644 2616 1685 2647 ab
1705 2616 1780 2648 edd.

1084 2670 1131 2700 pr.
1177 2660 1323 2690 Primum
1339 2659 1441 2699 reperi
1457 2668 1509 2698 ap.
1523 2659 1597 2690 Ald,

380 2572 422 2602 36
446 2573 490 2603 Ac
516 2578 717 2612 tum—cum,
744 2574 944 2615 simplesne]
971 2574 1038 2604 Ou-

338 2613 433 2644 dend.
460 2617 649 2656 transponit
676 2621 747 2647 tum
776 2623 810 2647 et
837 2627 921 2647 cum.
977 2616 1039 2647 Sed

338 2657 383 2686 sic
408 2666 482 2687 cum
505 2657 601 2697 plane
626 2659 775 2699 ineptum
791 2660 887 2690 foret.
935 2659 1039 2689 Credo

337 2699 544 2729 scribendum
571 2710 639 2730 esse
664 2706 699 2731 αι
723 2711 807 2731 cum.
837 2707 871 2732 et
897 2701 1040 2732 alterum

339 2750 414 2771 cum
437 2740 625 2779 delendum,
643 2743 729 2782 quod
750 2744 953 2774 inculcatum
976 2750 1039 2782 est,

339 2792 414 2812 cum
438 2794 456 2814 e
479 2793 554 2814 cum
570 2784 694 2815 factum
711 2791 796 2815 esset
812 2790 895 2816 tum.

350 2827 421 2858 „37
451 2825 550 2856 Ratio
575 2831 634 2863 est,
661 2827 756 2867 qum]
787 2828 976 2858 uelox-imus
1002 2839 1041 2858 ea

340 2873 413 2905 post
429 2872 488 2902 em,
506 2868 591 2906 quod
614 2870 749 2899 verbum
773 2869 920 2900 additum
937 2873 986 2899 est
1001 2881 1040 2900 cx

339 2908 524 2941 imitatione
538 2911 669 2953 prioris:
695 2912 823 2953 questio
836 2913 890 2943 est'
904 2922 961 2945 θα,-
985 2912 1042 2943 ubi

1125 2705 1165 2733 38
1182 2702 1262 2742 >Qua
1276 2701 1432 2740 sublata]
1464 2700 1546 2732 Mss.
1572 2700 1703 2741 quidam
1727 2710 1780 2741 ap.

1084 2744 1191 2774 Graev.
1207 2754 1320 2783 quare,
1344 2753 1410 2774 uno
1434 2744 1545 2781 verbo,
1563 2743 1650 2783 quod
1663 2743 1783 2784 probat

1074 2786 1344 2826 Oudendorpius.
1389 2786 1435 2816 At
1447 2784 1518 2816 edd.
1543 2795 1590 2826 pr.
1603 2785 1702 2816 divise
1716 2793 1785 2825 qum

1083 2838 1129 2858 re.
1143 2828 1245 2858 Aldus
1260 2828 1338 2859 fecit
1350 2837 1423 2868 qua.
1440 2827 1557 2859 melius
1573 2838 1637 2868 qua
1651 2837 1699 2864 re,
1715 2827 1736 2857 i.
1750 2837 1782 2857 e.

1084 2869 1282 2900 defensione.
1318 2870 1380 2901 Sed
1397 2869 1476 2901 mihi
1492 2875 1602 2901 totum
1619 2870 1680 2900 hoc
1702 2869 1786 2900 insi--

1085 2913 1200 2944 titium
1227 2913 1368 2951 videtur,
1391 2917 1425 2944 et
1446 2923 1464 2943 e
1492 2911 1715 2954 superioribus
1732 2911 1786 2942 {a-
