1945 3235
667 159 853 200 LIBER
879 159 1175 201 QUARTUS.
1563 167 1639 210 117

208 266 290 308 sita
312 266 470 309 virtute
491 264 683 308 concidit
703 264 875 306 tacitus.
936 263 1024 305 Iste
1042 265 1122 305 viri
1142 263 1365 306 fortissimi
1394 267 1636 309 miserando

207 325 415 381 sanguine
447 324 685 379 adsperSUS,
707 322 829 377 quasi
860 321 1026 363 facinus
1049 321 1426 377 praeclarissimum
1445 324 1632 375 fecisset,

203 381 567 439 circumspectans
597 388 641 421 et
671 379 815 420 hilaris
838 379 1086 420 sceleratam
1117 379 1432 435 gratulantibus
1454 395 1629 422 manum

204 440 442 496 porrigens,
466 439 509 478 in
529 437 736 494 templum
754 436 879 479 Jovis
901 436 1088 478 contulit
1109 450 1214 478 sese.
1267 435 1380 478 Haec
1403 439 1628 479 exornatio
1641 443 1691 478 69

204 495 436 559 plurimum
459 495 632 552 prodest
653 495 697 535 in
720 494 1023 550 amplificanda
1040 503 1083 534 et
1110 493 1450 536 commiseranda
1471 508 1529 545 re,
1550 495 1630 535 hu-

196 554 390 608 jusmodi
423 553 779 594 enarrationibus,
810 552 961 593 statuit
990 552 1105 592 enim
1136 560 1273 593 totam
1303 565 1408 602 rem,
1431 560 1475 591 et
1495 566 1630 607 prope

201 612 327 668 ponit
347 620 445 652 ante
463 610 625 652 oculos.

261 668 422 710 Omnes
450 667 635 709 rationes
665 667 949 708 honestandae
982 665 1239 708 elocutionis
1278 665 1470 708 studiose
1501 665 1627 706 colle-
1643 659 1713 714 56

202 726 358 782 gimus,
385 725 429 766 in
463 725 635 780 quibus,
671 723 882 775 Herenni,
909 723 944 764 si
975 733 1018 765 te
1050 724 1280 780 diligenter
1308 724 1565 774 exercueris,
1587 733 1631 764 et

200 784 471 839 gravitatem,
494 792 537 823 et
559 782 831 840 dignitatem,
853 791 898 823 et
920 781 1176 823 suavitatem
1198 782 1357 822 habere
1379 781 1424 822 in
1446 780 1629 822 dicendo

197 840 373 905 poteriS‚
392 848 441 881 ut
462 841 647 882 oratorie
677 839 801 896 plane
819 839 1031 895 loquaris:
1065 855 1118 881 ne
1142 839 1257 880 nuda
1279 848 1407 894 atque
1430 839 1630 879 inornata

196 899 390 939 luventio
412 897 579 954 vulgari
610 913 805 939 sermone
826 897 1042 938 efferatur.
1103 897 1232 938 Nunc
1263 896 1498 937 identidem
1528 911 1628 937 nos-

195 964 285 996 met
306 955 388 1011 ipsi
410 956 536 997 nobis
559 956 780 997 instemus.
803 969 868 996 res
891 955 1006 996 enim
1028 954 1269 996 communis
1292 954 1450 1009 agitur,
1473 962 1519 994 ut
1540 953 1624 994 fre-

196 1021 377 1068 quenter
406 1021 450 1054 et
482 1014 650 1054 assidue
678 1026 990 1068 consequamur
1022 1013 1124 1053 artis
1157 1012 1369 1053 rationem
1403 1011 1546 1051 studio
1582 1022 1627 1051 et

195 1070 532 1112 exercitatione:
565 1071 680 1126 quod
703 1071 773 1112 alii
796 1084 894 1111 cum
913 1069 1112 1110 molestia
1139 1070 1277 1110 tribus
1298 1069 1350 1109 de
1373 1069 1512 1109 causis
1534 1083 1626 1109 ma-

195 1128 314 1169 xime
336 1128 526 1180 faciunt3
550 1137 625 1171 aut
646 1128 696 1180 si,
717 1143 817 1170 cum
839 1127 996 1183 quibus
1019 1127 1202 1167 libenter
1222 1135 1520 1177 exerceantur,
1538 1141 1626 1167 non

194 1185 381 1237 habent;
413 1195 486 1226 aut
519 1186 553 1227 si
588 1185 669 1226 sibi
699 1185 926 1237 diffidunt3
958 1192 1032 1225 aut
1061 1184 1094 1225 si
1119 1184 1332 1234 nesciunt,
1354 1198 1484 1238 quam
1512 1183 1626 1224 viam

195 1243 315 1299 sequi
344 1243 552 1285 debeant:
595 1258 692 1299 quae
732 1259 758 1284 a
793 1242 919 1283 nobis
961 1242 1120 1283 absunt
1152 1256 1301 1283 omnes
1332 1240 1624 1282 difficultates.

194 1300 311 1342 Nam
331 1309 376 1342 et
397 1301 522 1341 simul
542 1300 725 1342 libenter
746 1314 996 1341 exercemur
1026 1308 1202 1356 propter
1224 1298 1476 1349 amicitiam,
1500 1298 1624 1353 cujus

193 1358 367 1400 initium
395 1358 600 1414 cognatio
622 1357 742 1409 fecit,
764 1367 906 1399 cetera
931 1357 1222 1414 philosophiae
1255 1356 1366 1397 ratio
1397 1355 1626 1396 confirma-

192 1416 279 1458 vit:
311 1423 355 1457 et
384 1416 510 1456 nobis
536 1431 623 1457 non
650 1416 901 1466 diffidimus,
923 1423 1152 1471 propterea
1179 1414 1295 1470 quod
1318 1422 1361 1454 et
1379 1413 1623 1468 aliquantu-

188 1473 278 1514 lum
298 1474 597 1530 processimus,
625 1483 669 1515 et
690 1474 773 1515 alia
801 1473 979 1514 meliora
998 1482 1112 1524 sunt,
1131 1487 1229 1528 quae
1252 1471 1390 1513 multo
1414 1471 1623 1511 intentius

189 1531 376 1587 petimus
407 1531 451 1572 in
476 1532 576 1583 vita,
604 1543 666 1584 ut,
689 1531 856 1573 etiamsi
884 1545 972 1572 non
1002 1530 1323 1587 pervenerimus
1354 1529 1399 1569 in
1422 1528 1622 1579 dicendo,

188 1604 276 1644 quo
298 1588 511 1640 volumus,
543 1603 676 1646 parva
708 1603 806 1646 pars
835 1588 937 1630 vitae
969 1587 1297 1644 perfectissimae
1328 1586 1619 1628 desideretur:

186 1656 231 1687 et
250 1647 378 1698 viam,
400 1662 531 1703 quam
561 1661 802 1703 sequamur,
823 1647 1048 1698 habemus,
1070 1654 1300 1702 propterea
1330 1643 1447 1699 quod
1478 1643 1523 1684 in
1554 1643 1623 1684 his

188 1703 307 1745 libris
330 1704 438 1745 nihil
452 1706 720 1761 praeteritum
738 1712 803 1745 est
821 1703 1048 1745 rhetoricae
1068 1702 1391 1760 praeceptionis.
1428 1700 1622 1742 Demon-

188 1770 368 1802 stratum
387 1772 452 1803 est
472 1763 602 1813 enim,
625 1762 844 1818 quomodo
867 1777 932 1802 res
962 1762 1007 1802 in
1039 1762 1241 1802 omnibus
1265 1759 1495 1816 generibus
1517 1773 1620 1800 cau-

188 1832 330 1860 sarum
360 1820 542 1860 inveniri
564 1822 603 1850 53
614 1827 858 1876 oporteret:
890 1819 1055 1859 dictum
1082 1828 1162 1870 est,
1182 1833 1268 1874 quo
1290 1825 1420 1873 pacto
1441 1830 1512 1857 eas
1535 1816 1621 1856 dis-

185 1891 345 1933 ponere
366 1877 639 1920 conveniret:
672 1877 877 1918 traditum
895 1885 974 1928 est,
998 1891 1084 1931 qua
1104 1876 1270 1917 ratione
1291 1883 1403 1915 esset
1431 1887 1622 1929 pronun-

185 1933 413 1976 ciandum:
454 1944 721 1993 praeceptum
755 1942 832 1986 est,
866 1949 951 1990 qua
975 1934 1047 1975 via
1079 1933 1327 1974 meminisse
1365 1945 1619 1987 possemus:

184 1990 526 2034 demonstratum
545 2003 623 2045 est,
646 1993 802 2048 quibus
822 1992 960 2033 modis
980 1990 1172 2047 perfecta
1190 1989 1378 2031 elocutio
1393 2003 1619 2044 compara-

184 2058 314 2091 retur.
378 2051 490 2098 Quae
521 2052 554 2092 si
586 2051 876 2106 exsequimur,
899 2059 1024 2090 acute
1057 2057 1100 2089 et
1133 2048 1222 2089 cito
1254 2046 1530 2103 reperiemus,
1553 2045 1619 2087 di-

185 2106 340 2149 stincte
362 2119 406 2149 et
427 2111 466 2142 59
484 2109 678 2150 ordinate
712 2108 1004 2164 disponemUS,
1035 2106 1222 2162 graviter
1252 2115 1296 2147 et
1317 2112 1495 2145 venuste
1517 2117 1616 2158 pro-

181 2165 500 2217 nunciabimus,
539 2167 660 2207 firme
693 2174 736 2207 et
774 2173 982 2222 perpetuo
1014 2163 1355 2214 meminerimus,
1387 2169 1538 2203 ornate
1574 2171 1619 2202 et

182 2223 371 2265 suaviter
391 2224 654 2280 eloquemur.
719 2223 833 2279 Ergo
865 2221 1047 2278 amplius
1078 2222 1124 2262 in
1154 2231 1244 2262 arte
1266 2219 1485 2261 rhetorica
1505 2217 1617 2263 nihil

181 2289 260 2321 est.
324 2280 436 2323 Haec
477 2282 623 2323 omnia
659 2280 960 2338 adipiscemur,
999 2279 1034 2320 si
1077 2279 1264 2319 rationes
1306 2275 1616 2334 praeceptionis

180 2338 223 2368 60
235 2337 462 2395 diligentia
482 2353 793 2396 consequemur
815 2336 1154 2379 exercitationis.

223 2454 262 2483 58
296 2454 490 2495 ΟΡονιενει.]
529 2455 581 2485 Sic
615 2454 814 2485 correximus
839 2464 880 2484 ex
922 2451 1039 2482 verbiis
1051 2452 1086 2482 in
1098 2450 1251 2481 omnibus
1265 2449 1421 2482 membris
1434 2447 1553 2478 utitur.
1584 2447 1618 2478 Si

177 2500 333 2534 oporteat,
346 2502 385 2527 ut
394 2507 470 2528 mox
478 2499 660 2528 conveniret
670 2507 688 2527 e
700 2497 879 2532 conveniat,
924 2495 1058 2525 verbum
1083 2503 1151 2524 non
1175 2493 1297 2534 placet,
1323 2493 1472 2531 legamus
1486 2490 1619 2520 ardina-

177 2538 257 2576 quia
282 2540 453 2578 sequentia
480 2541 578 2571 verba
602 2540 698 2578 hujus
722 2539 881 2579 temporis
924 2538 996 2568 tim.

177 2584 275 2610 sunt:
299 2591 359 2611 nec
372 2583 490 2613 variari
502 2583 706 2623 temporibus
719 2582 788 2611 sine
801 2581 882 2611 vitio
965 2581 1006 2610 60
1021 2579 1211 2618 Diligentia
1237 2586 1321 2609 cons.
1350 2574 1616 2614 etet-citationis]

178 2621 355 2654 latinitatis
374 2629 496 2664 potest,
516 2625 603 2665 quod
616 2626 735 2655 vitium
761 2624 801 2654 ab
825 2633 881 2654 au·
924 2623 977 2653 Sic
989 2632 1006 2653 e
1022 2622 1102 2652 Mss.
1117 2621 1218 2651 etiam
1234 2626 1346 2651 nostro
1360 2618 1450 2658 LiPS.
1472 2617 1619 2648 dedimus

179 2668 270 2695 ctore
283 2670 396 2697 nostro
408 2677 477 2698 esse
492 2677 559 2698 non
573 2671 694 2707 potest.
924 2674 1000 2695 cum
1014 2665 1157 2701 Graevio,
1172 2673 1232 2704 pro
1254 2663 1348 2701 dilig.
1371 2665 1402 2690 et
1415 2669 1519 2691 arere.
1534 2659 1621 2699 quod

222 2709 262 2741 59
281 2708 465 2749 Ordz‘nate.]
494 2710 546 2740 Sic
570 2710 715 2750 plerique
737 2709 818 2740 Mss.
840 2713 874 2739 et
917 2707 1072 2748 explicari
1088 2711 1196 2748 potest
1208 2716 1266 2746 per
1278 2701 1541 2743 hendiadyn‚sed
1553 2710 1623 2732 non

178 2749 250 2780 edd.
267 2750 329 2780 nisi
342 2751 429 2789 quod
441 2752 490 2782 ed.
513 2754 600 2785 1474.
622 2752 737 2782 vitiose
751 2755 876 2783 ornate.
920 2750 1076 2781 convenit
1102 2749 1163 2780 tali
1191 2748 1353 2789 scriptori.
1398 2745 1623 2775 Consentiunt

178 2792 325 2823 Graevius
339 2792 429 2824 dedit
447 2795 558 2825 ordine
571 2804 589 2824 e
604 2794 668 2825 Ms.
692 2794 759 2824 Erf.
804 2794 877 2832 Ego
919 2793 990 2823 edd.
1009 2794 1100 2827 1474.
1128 2794 1217 2826 1475.
1240 2791 1358 2823 Venet.
1379 2789 1467 2818 1485.
1483 2786 1620 2820 Mediol-

178 2835 326 2865 ordinate
340 2836 475 2874 servavi,
488 2837 566 2876 quia
580 2841 696 2881 auctor
708 2837 806 2867 meris
820 2835 876 2868 ad-
918 2836 1014 2867 Junt.

921 2973 988 3009 13
