1945 3235
625 138 809 178 MBER
840 137 1077 177 PRIMUS.
1497 139 1570 175 159

168 245 294 287 ueris.
352 247 392 280 27
408 244 509 288 Hoc
543 244 771 287 commode
802 241 1152 298 reprehendetur,
1182 240 1216 280 si
1239 240 1325 281 dici
1350 240 1486 296 possit
1510 255 1565 281 ex
1577 245 1628 279 85

132 259 332 344 iiostibus
354 316 488 358 equus
517 317 607 344 esse
639 312 806 358 captuS,
839 299 1013 355 28cujus
1044 296 1203 354 praedae
1233 298 1365 337 sectio
1388 313 1474 338 non
1499 313 1568 338 ve-

131 359 281 402 nierit:
315 376 402 417 quo
422 360 554 411 illato,
574 360 815 401 infirmatur
831 356 1124 407 enumerati03
1157 356 1197 389 99
1218 355 1423 409 quoniam
1452 355 1494 395 id
1514 355 1570 395 sit

132 417 374 470 inductum,
405 417 520 473 quod
558 417 826 474 praeteritum
857 415 912 455 sit
942 415 986 454 in
1023 412 1361 454 enumeratione.
1420 410 1568 452 Altero
1582 407 1654 461 46

132 484 276 517 autem
305 475 436 516 modo
467 474 815 531 reprehendetur,
846 472 880 512 si
914 481 989 512 aut
1021 479 1172 512 contra
1198 468 1359 524 aliquid
1382 468 1568 510 dicetur:

133 532 218 574 hoc
239 541 317 585 est,
353 533 402 584 si,
432 532 620 589 exempli
654 546 796 582 causa,
824 539 874 571 ut
906 529 950 570 in
973 529 1125 570 eodem
1160 540 1390 576 versemur,
1413 527 1573 581 poterit

133 591 303 632 ostendi
332 589 570 630 hereditate
599 589 781 630 venisse.
808 595 884 628 aut
913 587 947 627 si
980 595 1222 627 extremum
1256 583 1360 624 illud.
1382 597 1468 623 non
1491 583 1573 623 erit

132 656 258 704 turpe
287 647 548 689 concedere:
580 655 629 688 ut
651 646 684 687 si
716 646 826 702 quis,
859 659 958 686 cum
988 643 1178 685 dixerint
1211 640 1463 683 adversarii:
1497 650 1572 681 aut

131 705 308 746 insidias
330 703 471 745 facere
500 703 688 755 voluisti,
708 712 782 744 aut
805 703 944 743 amico
967 715 1130 742 morem
1151 699 1336 756 gessisti,
1351 707 1425 739 aut
1447 698 1569 753 cupi-

130 763 267 803 ditate
287 762 421 803 elatus
444 776 513 813 es;
545 762 685 803 amico
717 775 760 802 se
781 775 945 801 morem
979 759 1160 815 gessisse
1194 756 1394 797 fateatur.
1457 755 1568 796 Sim-
1581 758 1658 792 86-

130 820 232 876 plex
260 828 405 860 autem
437 819 658 860 conclusio
690 818 1040 874 reprehendetur,
1076 816 1109 856 si
1142 815 1199 867 id,
1222 814 1337 870 quod
1366 813 1571 868 sequitur,

132 892 219 918 non
242 876 437 918 videatur
458 876 698 918 necessario
721 891 820 918 cum
843 890 909 926 eo,
932 874 1047 930 quod
1071 873 1315 923 antecessit,
1339 871 1570 913 cohaerere.

131 934 248 976 Nam
268 934 352 980 hoc
374 934 564 990 quidem,
579 934 625 975 Si
644 934 842 991 spiritum
863 933 998 983 ducit,
1013 932 1142 982 vivit3
1167 930 1212 971 Si
1231 930 1320 971 dies
1339 938 1417 980 est,
1437 928 1574 980 lucet;

131 991 344 1047 ejusmodi
373 1001 452 1042 est,
475 1001 524 1033 ut
545 1006 645 1034 cum
667 992 810 1048 priore
843 990 1083 1032 necessario
1118 989 1330 1044 posterius
1353 987 1571 1028 coh-serere

135 1049 344 1091 videatur.
407 1049 508 1092 Hoc
538 1058 697 1100 autem,
729 1050 775 1090 Si
808 1057 946 1089 mater
970 1056 1048 1098 est,
1072 1046 1242 1102 diligit3
1274 1045 1319 1086 Si
1343 1044 1573 1099 aliquando

130 1108 345 1164 peccavit,
376 1121 613 1163 numquam
646 1106 907 1163 corrigetur;
953 1105 1013 1146 sic
1039 1104 1269 1146 conveniet
1303 1101 1574 1157 reprehendi,

132 1172 181 1206 ut
203 1165 521 1206 demonstretur
541 1179 629 1205 non
650 1164 890 1206 necessario
913 1177 1012 1203 cum
1034 1162 1175 1218 priore
1199 1160 1410 1216 posterius
1430 1159 1574 1200 cohae-

131 1237 237 1263 rere.
301 1221 400 1264 Hoc
432 1236 583 1278 genus,
623 1230 666 1263 et
704 1230 847 1263 cetera
879 1219 1133 1269 necessaria,
1161 1227 1203 1258 et
1234 1217 1411 1258 omnino
1434 1216 1574 1257 omnis

133 1280 468 1337 argumentatio,
499 1288 543 1320 et
575 1278 670 1334 ejus
703 1277 980 1335 reprehensio
1010 1276 1219 1332 majorem
1249 1275 1465 1331 quandam
1488 1274 1575 1314 vim

134 1338 342 1389 continet,
366 1345 409 1378 et
432 1337 559 1378 latius
592 1348 726 1392 patet,
754 1350 884 1391 quam
906 1335 978 1376 hic
1001 1334 1257 1390 exponitur:
1292 1332 1362 1373 sed
1395 1332 1487 1387 ejus
1511 1346 1576 1372 ar-

134 1395 257 1436 tificii
275 1394 475 1451 cognitio
496 1394 748 1449 hujusmodi
771 1402 849 1445 est,
872 1401 920 1434 ut
939 1408 1025 1433 non
1047 1392 1100 1433 ad
1132 1390 1261 1446 hujus
1284 1390 1386 1430 artis
1411 1397 1577 1445 partem

132 1452 319 1508 aliquam
350 1451 531 1508 adjungi
563 1452 714 1508 possit,
749 1452 821 1492 sed
845 1451 937 1507 ipsa
960 1449 1190 1507 separatim
1213 1448 1331 1504 longi
1356 1446 1576 1502 temporis,

130 1519 175 1550 et
197 1524 368 1566 magnae
391 1518 520 1566 atque
541 1510 686 1551 arduae
710 1509 990 1565 cogitationis
1023 1507 1230 1563 indigeat.
1253 1519 1385 1560 quare
1408 1504 1479 1545 illa
1500 1519 1578 1545 no-

130 1567 196 1608 bis
219 1567 303 1608 alio
340 1577 533 1624 tempore
563 1577 692 1622 atque
722 1567 775 1607 ad
798 1566 913 1608 aliud
936 1566 1198 1615 institutum,
1223 1563 1257 1603 si
1279 1562 1460 1603 facultas
1482 1562 1579 1613 erit,

129 1624 477 1681 explicabuntur.
522 1625 651 1666 Nunc
667 1624 732 1665 his
746 1623 1114 1680 praeceptionibus
1137 1622 1358 1663 rhetorum
1379 1620 1428 1660 ad
1455 1634 1576 1660 usum

130 1682 367 1724 oratorium
385 1692 614 1724 contentos
633 1697 711 1723 nos
734 1697 824 1723 esse
844 1681 1078 1738 oportebit.
1141 1679 1254 1721 Cum
1277 1678 1410 1734 igitur
1432 1692 1487 1717 ex
1508 1677 1616 1728 iis,b.

129 1754 228 1795 quae
263 1750 503 1791 sumuntur,
535 1740 697 1796 aliquid
735 1755 823 1781 non
865 1738 1133 1789 conceditur,
1170 1737 1230 1778 sic
1270 1735 1572 1776 infirmabitur.
1625 1784 1658 1794 ..

132 1797 281 1843 Quum
314 1807 471 1849 autem,
495 1797 562 1838 his
583 1798 814 1849 concessis,
837 1796 1085 1853 complexio
1108 1810 1163 1836 cx
1195 1794 1261 1834 his
1283 1808 1370 1834 non
1394 1786 1649 1837 confici-4(

132 1865 216 1906 tur,
240 1855 335 1896 haec
358 1864 484 1896 erunt
513 1855 849 1907 consideranda3
879 1869 985 1896 num
1017 1853 1132 1894 aliud
1155 1851 1426 1900 conficiatur,
1458 1849 1572 1891 aliud
1585 1856 1636 1893 87

130 1912 314 1963 dicatur,
348 1912 433 1954 hoc
465 1912 621 1954 modo:
655 1912 716 1964 Si,
751 1926 886 1968 quum
919 1911 1073 1966 aliquis
1104 1910 1221 1951 dicat
1255 1923 1298 1949 se
1328 1908 1574 1964 profectum

132 1984 223 2010 esse
245 1970 298 2010 ad
329 1970 585 2021 exercitum,
607 1980 844 2025 contraque
877 1984 976 2010 eum
999 1968 1095 2024 quis
1119 1966 1223 2009 velit
1241 1966 1322 2006 hac
1346 1980 1575 2021 argumen-

128 2027 295 2068 tatione
318 2028 406 2070 uti:
440 2028 486 2068 Si
514 2028 698 2068 venisses
716 2028 769 2068 ad
791 2027 1047 2077 exercitum,
1070 2041 1096 2066 a
1114 2024 1297 2065 tribunis
1316 2022 1576 2064 militaribus

130 2085 245 2125 visus
264 2099 401 2128 esses:
435 2100 523 2126 non
545 2100 589 2126 es
608 2093 753 2126 autem
772 2085 827 2126 ab
846 2084 912 2125 his
935 2085 1073 2136 visus3
1099 2098 1186 2123 non
1208 2096 1252 2122 es
1276 2081 1410 2136 igitur
1431 2079 1576 2136 profe-

130 2151 227 2183 ctus
247 2143 299 2183 ad
319 2143 577 2184 exercitum.
640 2142 729 2185 Hic
760 2157 861 2183 cum
883 2140 1145 2183 concesseris
1168 2138 1511 2196 propositionem
1533 2147 1578 2179 et

130 2200 454 2252 assumtionem,
473 2199 720 2257 complexio
743 2209 808 2241 est
830 2199 1101 2241 infirmanda.
1145 2197 1275 2239 Aliud
1298 2197 1428 2246 enim,
1447 2210 1577 2251 quam

131 2258 383 2313 cogebatur,
403 2257 568 2300 illatum
582 2266 661 2300 est.
721 2278 762 2307 30
777 2258 843 2299 Ac
865 2273 980 2299 nunc
1003 2256 1193 2312 quidem,
1213 2269 1299 2310 quo
1323 2252 1492 2294 facilius
1511 2268 1575 2294 res
1589 2261 1639 2293 88

131 2324 480 2371 cognosceretur,
512 2316 740 2374 perspicuo
771 2324 815 2356 et
842 2314 995 2371 grandi
1031 2314 1136 2355 vitio
1168 2312 1403 2369 praeditum
1432 2311 1577 2367 posui-

131 2386 225 2413 mus
259 2373 532 2430 excmplum:
566 2373 638 2415 sed
669 2388 783 2430 saepe
818 2373 1043 2417 obscurius
1083 2372 1274 2428 positum
1307 2369 1456 2410 vitium
1501 2383 1578 2425 pro

173 2537 211 2570 27
228 2536 301 2568 Hoc
313 2536 761 2577 commodereprehendetur]
779 2537 832 2575 Sic
876 2546 943 2567 non
966 2541 1016 2567 est
1042 2546 1100 2576 pro
1127 2536 1272 2566 sectione
1295 2534 1439 2570 vendita,
1462 2542 1522 2573 ego
1548 2545 1579 2564 e-

130 2580 254 2609 eorrexi
278 2579 368 2619 vulg.
389 2580 655 2619 reprehenditur:
681 2589 757 2610 nam
784 2590 831 2610 se·
876 2589 978 2618 quum
1002 2579 1090 2609 hunc
1116 2589 1155 2608 ex
1181 2578 1275 2608 hoste
1293 2582 1428 2616 captum
1456 2576 1579 2606 sci-»avi

132 2621 267 2659 quentia.
285 2622 332 2652 ita
354 2623 525 2662 postulant
542 2634 548 2652 ι
575 2626 610 2652 et
636 2623 764 2653 variant
794 2623 832 2652 li-
876 2622 927 2653 vel
942 2622 1019 2658 emi,
1036 2620 1178 2660 adeoque
1186 2622 1263 2659 jure
1277 2618 1436 2660 possideo.

132 2663 181 2692 bri
205 2672 266 2693 scr.
287 2666 562 2704 reprehendatur,
584 2665 832 2704 reprehendere—
918 2667 958 2698 99
982 2664 1150 2705 Quoniam
1170 2663 1204 2693 z'cl
1220 2664 1263 2693 sit
1280 2661 1478 2700 inductam]
1508 2660 1580 2690 Hoc

132 2709 200 2742 tur,
215 2705 276 2735 Gu-
296 2709 322 2736 1.
338 2712 449 2737 autem
465 2707 551 2737 clare
566 2708 828 2747 reprehendetur.
875 2707 996 2737 ditinu-
1011 2705 1141 2745 oblique
1155 2712 1188 2736 et
1200 2716 1239 2736 ex
1254 2714 1392 2745 persona
1407 2703 1584 2744 repre-lien«

175 2749 214 2778 28
233 2746 332 2789 Cujus
334 2750 454 2788 proedoe
466 2750 560 2780 sectio
574 2760 604 2780 n.
621 2750 708 2789 vem]
735 2750 833 2790 Cujus
876 2749 984 2780 dentis
999 2761 1008 2786 ;
1027 2748 1102 2778 inde
1116 2747 1335 2787 coniunctive.

126 2790 247 2837 proedoe
262 2790 401 2822 refertur
423 2792 463 2822 ad
478 2794 577 2822 hostes
592 2794 702 2829 victos,
718 2793 752 2822 in
768 2803 832 2832 quo
919 2792 1016 2822 30Ac
1029 2801 1116 2820 nune
1127 2791 1170 2830 9.]
1188 2791 1285 2830 Vulg.
1299 2795 1344 2820 ac.
1356 2789 1484 2819 Sentiat
1497 2789 1583 2826 quis*

131 2836 217 2863 mest
230 2832 357 2875 ipraedae
372 2834 529 2873 cogitatio
552 2845 591 2865 ex
618 2834 765 2865 hostibus
782 2846 833 2865 ea·
877 2845 938 2874 que
961 2844 1020 2864 Sua
1046 2839 1176 2874 sponte,
1201 2833 1253 2863 hic
1273 2832 1394 2872 requiri
1415 2842 1470 2861 ac:
1487 2830 1581 2869 idque

131 2879 208 2914 ptae.
253 2875 371 2905 Sensus
387 2886 464 2915 ergo
479 2881 542 2907 est:
566 2878 640 2916 quia
655 2876 711 2908 illa
728 2877 839 2917 preida
882 2877 1004 2907 liabent
1020 2876 1099 2906 Mss.
1118 2877 1206 2907 (fass.
1222 2875 1315 2906 Voss.
1329 2873 1400 2905 edd.
1415 2878 1492 2903 vett.
