1945 3235
649 138 921 176 BRUTUS.
1416 140 1492 176 451

57 241 329 294 iiberalitate,
353 252 400 286 ut
421 242 507 295 alii,
529 242 600 284 sed
624 242 717 298 ipsa
739 241 913 282 tristitia
934 248 976 280 et
999 241 1224 281 severitate
1251 241 1493 298 popularis:

59 300 184 355 cujus
222 302 394 355 quidem
432 301 515 359 legi
555 300 800 350 tabellariae,
835 298 900 338 M.
932 297 1089 337 Antius
1124 298 1263 348 Briso,
1300 300 1496 340 tribunus

90 356 196 398 lebis
218 359 291 399 diu
314 359 484 409 restitit,
509 358 576 398 Μ.
600 357 763 412 Lepido
786 355 960 395 consule
989 354 1246 408 adjuvante,
1277 370 1411 411 eaque
1432 371 1497 396 res

58 371 111 457 g.
152 414 359 457 Africano
394 414 696 471 vituperationi
736 413 831 462 fuit,
872 412 986 467 quod
1024 413 1116 466 ejus
1152 413 1409 452 auctoritate
1445 413 1500 453 de

58 474 272 513 sententia
303 473 510 514 deductus
542 472 666 512 Briso
700 471 946 526 putabatur.
1005 468 1116 510 Tum
1150 468 1235 508 duo
1268 468 1498 524 Caepiones

56 529 242 571 multum
271 531 445 571 clientes
477 529 655 570 consilio
677 539 719 568 et
750 527 912 583 lingua,
946 526 1037 582 plus
1066 527 1322 567 auctoritate
1356 536 1499 566 tamen

57 595 101 626 et
122 588 262 643 gratia
283 587 577 628 sublevabant.
639 585 722 626 Sed
748 584 944 640 Pompeii
968 594 1067 625 sunt
1089 583 1248 640 scripta
1270 597 1347 623 nec
1370 583 1498 622 nimis

57 654 304 694 extenuata,
333 648 611 699 (quamquam
645 652 835 683 veterum
866 653 930 682 est
961 641 1145 692 similis,)
1167 652 1209 682 et
1241 640 1366 696 plena
1397 654 1496 696 pru-

56 700 230 743 dentiae.
292 701 342 741 P.
365 701 566 741 Crassum
591 700 711 741 valde
740 701 968 756 probatum
991 709 1204 740 oratorem
1236 698 1386 738 iisdem
1408 689 1537 739 fereQ

58 759 321 814 temporibus
352 759 612 814 accepimus,
643 758 716 813 qui
747 767 791 798 et
823 757 997 813 ingenio
1030 756 1175 806 valuit,
1197 766 1240 796 et
1271 756 1429 806 studio,
1452 761 1558 797 et98

55 814 209 856 habuit
229 816 435 870 quasdam
458 817 587 856 etiam
610 815 866 856 domesticas
888 814 1151 870 disciplinas.
1196 813 1308 853 Nam
1331 826 1374 853 et
1395 827 1496 854 cum

54 886 224 913 summo
252 873 324 914 illo
355 883 538 924 oratore,
571 874 660 914 Ser.
685 872 841 922 Galba,
863 871 987 927 cujus
1020 871 1071 912 C.
1095 871 1182 912 filio
1215 870 1345 911 filiam
1375 885 1495 912 suam

54 928 354 981 collocaverat,
388 931 598 972 affinitate
637 945 725 971 sese
760 929 1038 970 devinxerat:
1070 938 1128 980 et,
1157 943 1256 970 cum
1294 937 1405 969 esset
1444 927 1538 968 P.b.

56 984 198 1028 Mucii
239 988 367 1039 filius,
401 988 660 1044 fratremque
699 988 875 1028 haberet
910 987 958 1028 P.
991 986 1245 1036 Scaevolam,
1276 985 1393 1027 domi
1421 984 1496 1039 jus

54 1043 181 1086 civile
202 1055 480 1102 cognoverat.
543 1046 593 1088 ln
623 1061 673 1087 eo
703 1045 957 1086 industriam
984 1053 1155 1085 constat
1187 1058 1398 1084 summam
1429 1043 1497 1084 fu·

53 1100 151 1152 isse,
174 1104 495 1159 maximamque
526 1105 723 1160 gratiam,
741 1117 840 1143 cum
863 1113 907 1143 et
927 1102 1220 1143 consuleretur
1252 1101 1497 1156 plurimum,

53 1167 98 1199 et
118 1159 294 1202 diceret.
355 1161 526 1202 Horum
558 1161 758 1203 aetatibus
789 1159 980 1215 adjuncti
1014 1160 1099 1201 duo
1123 1159 1174 1200 C.
1200 1159 1367 1210 Fannii,
1390 1161 1427 1193 57
1444 1158 1559 1205 C-99

53 1223 99 1256 et
142 1216 209 1259 M.
244 1219 336 1269 filii,
375 1218 571 1261 fuerunt:
604 1233 786 1274 quorum
821 1218 917 1259 Caii
953 1217 1079 1267 filius,
1108 1217 1180 1272 qui
1214 1216 1363 1257 consul
1399 1231 1499 1257 cum

56 1271 257 1316 Domitio
280 1276 376 1326 fuit,
401 1291 527 1317 unam
550 1277 789 1317 orationem
816 1275 868 1317 de
900 1275 1026 1316 sociis
1048 1284 1091 1315 et
1122 1274 1295 1315 nomine
1328 1274 1499 1323 Latino,

53 1342 207 1373 contra
249 1333 496 1375 Gracchum
538 1334 734 1389 reliquit;
775 1347 875 1374 sane
916 1341 958 1373 et
1001 1334 1172 1383 bonam,
1211 1342 1254 1372 et
1294 1331 1499 1372 nobilem.

53 1386 164 1429 Tum
201 1389 390 1441 Atticus,
426 1392 541 1438 Quid
581 1393 714 1447 ergo?
743 1400 864 1432 estne
903 1391 986 1431 ista
1026 1390 1207 1431 Fannii?
1247 1404 1345 1430 nam
1383 1389 1502 1429 varia

52 1445 202 1501 opinio
225 1449 366 1503 pueris
398 1450 523 1490 nobis
545 1458 650 1489 erat.
682 1448 754 1489 alii
786 1463 810 1488 a
833 1448 884 1489 C.
910 1448 1073 1498 Persio,
1096 1448 1285 1488 litterato
1308 1447 1499 1496 homine,

52 1504 257 1560 scriptam
287 1520 378 1547 esse
414 1507 601 1556 aiebant,
634 1506 720 1556 illo,
755 1519 884 1561 quenl
916 1505 1134 1561 significat
1168 1505 1288 1545 valde
1318 1505 1496 1545 doctum

50 1574 142 1602 esse
179 1562 393 1605 Lucilius:
426 1564 497 1604 alii
529 1563 685 1604 multos
718 1562 898 1612 nobiles,
920 1563 1036 1618 quod
1058 1563 1239 1618 quisque
1271 1561 1495 1617 potuisset,

52 1616 95 1658 in
128 1618 244 1660 illam
275 1621 515 1661 orationem
547 1620 793 1661 contulisse.
852 1619 964 1660 Tum
985 1634 1083 1676 ego,
1105 1619 1264 1660 Audivi
1296 1619 1495 1674 equidem
1510 1626 1584 1660 100

52 1674 150 1727 ista,
173 1677 364 1732 inquam,
386 1678 439 1719 (le
469 1678 705 1733 majoribus
737 1687 856 1727 natu,
879 1677 951 1718 sed
973 1692 1208 1732 numquam
1240 1691 1334 1717 sum
1364 1676 1499 1717 addu-

51 1742 162 1783 ctUS,
186 1743 233 1774 ut
255 1735 497 1787 crederem3
529 1749 708 1790 eamque
739 1735 1027 1791 suspicionem
1060 1744 1237 1791 propter
1266 1734 1375 1775 lianc
1397 1749 1498 1774 cau-

53 1804 144 1830 sam
175 1792 303 1832 credo
329 1792 472 1844 fuisse,
494 1793 608 1848 quod
643 1792 829 1833 Fannius
862 1792 905 1833 in
937 1793 1224 1833 mediocribus
1255 1792 1499 1832 oratoribus

55 1845 229 1889 habitus
263 1862 396 1892 esset:
430 1850 567 1891 oratio
600 1859 743 1891 autem
780 1850 845 1892 vel
880 1850 1045 1906 optima
1076 1859 1186 1890 esset
1221 1849 1291 1889 illo
1323 1849 1499 1904 quidem

53 1913 249 1961 tempore
279 1908 523 1948 orationum
553 1908 762 1948 omnium.
794 1907 866 1948 sed
896 1922 975 1948 uec
1006 1907 1217 1962 ejusmodi
1241 1919 1319 1957 est,
1342 1909 1381 1937 58
1399 1917 1447 1947 ut
1476 1922 1502 1947 a

55 1960 250 2017 pluribus
285 1964 465 2006 confusa
497 1965 716 2007 videatur:
749 1968 927 2018 59(unus
960 1966 1075 2005 enim
1109 1979 1236 2005 sonus
1269 1973 1333 2004 est
1368 1964 1499 2004 totius

55 2020 278 2072 orationis,
311 2033 355 2063 et
388 2023 502 2063 idem
532 2023 678 2064 stilus:
710 2037 790 2063 nec
822 2022 875 2063 de
910 2022 1057 2063 Persio
1091 2022 1333 2062 reticuisset
1364 2021 1502 2062 Grac·

55 2076 177 2129 chus,
198 2094 298 2120 cum
320 2089 363 2120 et
388 2079 575 2121 Fannius
598 2080 650 2121 de
683 2079 885 2120 Menelao
909 2079 1186 2130 Maratheno,
1208 2087 1251 2119 et
1272 2079 1325 2119 de
1347 2078 1501 2119 ceteris

54 2134 287 2190 objecisset
303 2139 333 2188 z)
364 2138 404 2168 60
419 2138 656 2193 praesertim
680 2152 779 2178 cum
795 2137 983 2178 Fannius
1006 2151 1239 2192 numquam
1256 2136 1497 2178 sithabitus

53 2191 253 2249 elinguis.
286 2209 385 2236 nam
408 2205 451 2236 et
472 2210 619 2236 causas
651 2194 942 2245 defensitavit,
963 2204 1007 2236 et
1038 2195 1280 2236 tribunatus
1302 2194 1410 2250 ejus,
1433 2208 1499 2234 ar-

54 2347 159 2384 patet,
175 2344 352 2384 legendum
377 2355 445 2376 esse
470 2347 652 2377 hilaritate.
697 2346 753 2377 Vi·
796 2356 856 2377 nee
871 2347 961 2377 enini
979 2347 1095 2377 Cicero
1111 2347 1247 2376 verbum
1264 2346 1326 2376 hoc
1338 2345 1383 2375 sic
1399 2345 1474 2376 dicit
1490 2356 1497 2374 ε

55 2385 152 2417 detur
164 2389 324 2418 correctio
339 2393 413 2418 orta
427 2399 465 2418 ex
481 2398 532 2426 ρο,
548 2389 634 2428 quod
652 2399 755 2429 popu·
796 2389 851 2419 sed
866 2394 999 2420 tantum
1015 2389 1054 2419 de
1076 2389 1311 2419 exet-citatione
1326 2387 1500 2420 scribendi.

56 2426 140 2459 lares
156 2430 301 2461 solerent
323 2431 554 2470 largitionibus
570 2431 609 2461 de
625 2431 755 2472 publico
803 2431 971 2462 Orationis
991 2433 1086 2461 stilus
1107 2431 1204 2471 plane
1228 2431 1338 2470 inepte
1367 2430 1498 2461 dicitur.

60 2470 122 2501 uti.
799 2473 906 2505 Credo
932 2475 1125 2505 Ciceronem
1150 2473 1313 2512 scripsisse
1343 2473 1429 2502 idem
1449 2472 1500 2513 fi-

100 2515 138 2546 57
166 2513 201 2544 C.
222 2519 254 2545 et
270 2515 320 2546 M.
332 2515 405 2557 fil]
432 2516 512 2545 Mss.
535 2515 621 2555 apud
637 2515 758 2545 Grute-
801 2517 872 2546 lum
883 2528 891 2544 :
914 2526 978 2555 quo
994 2517 1090 2545 verbo
1106 2515 1247 2545 libenter
1263 2515 1371 2545 utitur
1386 2514 1500 2545 Cicero

59 2563 145 2591 rum,
160 2556 232 2588 edd.
255 2557 342 2588 Med.
358 2557 431 2588 Ald.
454 2558 565 2588 delent
581 2562 632 2587 et:
654 2562 692 2588 ut
714 2557 758 2587 sit
802 2559 834 2587 in
859 2558 1069 2598 exprimenda
1085 2558 1243 2587 orationis
1265 2558 1382 2593 forma,
1398 2567 1462 2596 qua
1481 2567 1500 2586 e

63 2595 133 2627 Caii
156 2597 338 2639 Marcique,
360 2600 445 2630 sicut
466 2606 517 2631 est
539 2601 573 2629 in
594 2599 644 2630 ed.
659 2600 755 2630 Junt.
799 2601 939 2631 materia
953 2604 1012 2630 est.
1038 2600 1188 2638 Demque
1219 2610 1276 2640 pro
1301 2604 1332 2630 et
1355 2599 1501 2630 Fannius

60 2648 258 2679 expressum.
799 2643 983 2672 Gronovius
998 2643 1143 2672 malebat
1157 2643 1186 2672 ei
1198 2654 1206 2671 .·
1230 2642 1350 2682 placet.

101 2683 140 2712 58
163 2686 237 2712 uta
245 2684 397 2722 pluribus
411 2682 562 2724 confusa]
588 2685 657 2715 Ser.
674 2687 756 2724 puto
841 2685 882 2715 60
911 2686 1095 2724 proesertz'm
1129 2694 1202 2714 cum
1237 2684 1286 2723 Ε]
1326 2684 1400 2714 Hoc
1430 2691 1499 2713 non

56 2732 75 2753 e
103 2724 274 2762 pluribus.-
292 2732 352 2756 lsc.
384 2726 556 2765 generibus
585 2726 754 2758 orationis.
799 2726 881 2757 bene
897 2728 962 2757 coit
977 2737 1051 2757 cum
1068 2726 1347 2757 antecedentibus.
1393 2725 1500 2756 Debe-

57 2765 112 2795 Sic
126 2775 253 2806 semper
267 2767 380 2797 dicunt
397 2769 517 2799 Latini.
800 2769 857 2799 bat
869 2779 937 2799 esse
949 2781 955 2798 ε
981 2779 1038 2799 nec
1050 2769 1198 2801 Fannius
1209 2779 1356 2808 unquam
1371 2768 1500 2798 habitus

100 2811 140 2842 59
162 2815 248 2838 unus
270 2811 355 2839 enim
389 2811 461 2849 δια]
483 2811 576 2847 Haee,
600 2811 758 2850 primum,
801 2816 847 2841 ese
869 2813 1018 2850 elinguis.
1063 2811 1125 2842 Sed
1149 2812 1290 2842 mutavit
1306 2811 1420 2842 Cicero
1434 2810 1501 2840 for-

61 2858 161 2889 usque
184 2851 224 2881 ad
242 2850 414 2892 objecisset,
428 2859 505 2883 sunt
522 2854 555 2883 in
572 2853 758 2892 parenthesi
803 2864 891 2883 mam
905 2854 1075 2890 orationis,
1092 2860 1165 2894 post
1178 2853 1401 2895 parenthesin,
1416 2856 1454 2891 ut
1465 2857 1501 2895 et

59 2893 259 2933 accipienda.
289 2893 403 2925 deinde
425 2895 519 2925 stitus
541 2905 608 2926 non
630 2895 757 2936 placet:
802 2896 879 2926 alibi
895 2896 1062 2928 interdum
1074 2896 1165 2927 fecit.

712 2944 848 2997 Gg2
