1945 3235
311 128 387 164 526
894 125 1179 165 ORATOR.

308 245 407 273 cum
429 227 544 286 apud
567 243 699 270 unum
715 229 911 285 judicem
934 231 1066 283 dicas,
1089 230 1364 287 amplissimis
1396 230 1538 272 verbis
1569 239 1613 272 et
1642 231 1749 274 locis

310 289 372 329 uti
392 288 721 330 communibus:
753 288 806 329 de
829 289 1056 344 majestate
1080 288 1226 345 populi
1253 288 1439 328 Romani
1464 289 1688 331 summisse
1705 299 1750 331 et

228 346 295 394 20
312 346 549 387 subtiliter!
587 345 673 387 Hic
696 360 851 401 genere
884 357 991 388 toto.
1057 347 1113 387 At
1144 361 1326 403 persona
1356 345 1426 386 alii
1461 356 1657 402 peccant,
1679 357 1753 388 aut

312 418 402 454 sua,
424 403 730 459 autjudicum,
753 414 828 444 aut
848 405 977 445 etiam
1011 404 1378 446 3ἀνοι5ειι·ἰοι·;ιιι11
1412 418 1490 445 nec
1523 418 1566 445 re
1599 404 1754 456 solum,

313 462 384 502 sed
418 476 533 518 saepe
561 462 761 501 ‘mv-mbo.
793 461 872 501 etsi
907 462 998 502 sine
1031 477 1074 503 re
1109 461 1224 502 nulla
1254 462 1315 502 vis
1351 461 1467 502 verbi
1496 471 1575 512 est,
1610 472 1754 503 tamen

312 520 459 560 eadem
484 534 548 560 res
571 533 686 574 saepe
708 528 782 558 aut
805 519 1025 574 probatur,
1057 529 1131 561 aut
1160 519 1368 575 rejicitur,
1390 519 1474 560 alio
1508 529 1637 575 atque
1670 519 1754 561 alio

249 592 299 631 73
313 577 424 618 elata
444 578 588 617 verbo.
643 576 693 616 [n
718 577 1006 631 omnibusque
1028 578 1153 618 rebus
1178 577 1408 618 videndum
1433 585 1754 632 est,quatenus.

311 635 390 676 etsi
415 634 527 675 enim
561 648 660 674 suus
682 633 836 688 cuique
869 635 1021 674 modus
1056 644 1133 685 est,
1158 645 1300 676 tamen
1324 635 1463 690 magis
1485 635 1668 676 offendit
1690 635 1756 676 ni-

312 693 461 742 mium,
497 706 624 746 quam
650 705 816 755 parum.
879 690 928 731 ln
950 705 1035 746 quo
1057 691 1228 747 Apelles
1258 694 1444 748 pictores
1477 707 1650 749 quoque
1681 706 1754 734 eos

311 763 489 806 peccare
507 749 647 790 diceb·
649 759 694 799 it,
718 749 789 804 qui
815 763 900 789 uon
925 749 1147 799 sentirent,
1169 750 1273 804 quid
1295 760 1406 791 esset
1429 753 1546 791 satis,
1598 753 1639 781 ⁵0
1654 750 1755 792 Ma-

310 822 420 862 gnus
443 816 508 847 est
538 806 658 847 loeus
692 807 776 857 hic,
810 807 958 857 Brute,
981 807 1097 861 quod
1132 816 1173 847 te
1203 822 1289 847 non
1320 807 1449 863 fugit,
1474 818 1516 849 et
1546 823 1755 865 magnum

314 864 513 905 volumen
531 864 644 905 aliud
665 864 902 905 desideiwat
937 865 1008 905 sed
1028 865 1079 906 ad
1101 865 1159 915 id,
1182 865 1297 920 quod
1328 866 1486 930 agitur,
1509 842 1645 906 illudD
1635 867 1754 907 satis.

311 924 347 952 51
367 921 477 963 Cum
513 922 594 963 hoc
625 922 789 972 decer‚e
821 923 956 977 (quod
991 936 1158 979 semper
1190 937 1445 986 usurpamus
1478 923 1522 963 in
1552 924 1754 965 omnibus

311 979 454 1031 dictis,
487 990 531 1020 et
561 979 702 1030 factis,
737 980 925 1020 minimis
956 989 1000 1020 et
1032 980 1269 1030 maximis)
1300 994 1398 1021 cum
1432 980 1530 1032 hoc,
1561 981 1753 1036 inquam,

310 1038 460 1079 decere
482 1038 691 1088 dicamus,
714 1038 816 1078 illud
841 1053 924 1078 non
948 1038 1113 1088 decere,
1133 1047 1175 1078 et
1198 1038 1242 1079 id
1273 1053 1595 1094 usquequaque,
1617 1054 1753 1093 quan-

310 1105 403 1136 tum
422 1096 492 1146 sit,
514 1106 742 1151 appareat3
777 1096 817 1136 in
841 1095 1010 1150 alioque
1044 1104 1242 1152 ponatur,
1274 1096 1476 1151 aliudque
1508 1106 1649 1137 totum
1682 1097 1752 1148 sit,

245 1163 295 1202 74
311 1163 452 1194 utrum
475 1153 641 1204 decere,
655 1169 706 1194 an
731 1163 932 1210 oportere
953 1153 1095 1205 dicas,
1127 1158 1346 1210 (oportere
1368 1154 1499 1204 enim,
1521 1153 1754 1210 perfectio-

309 1226 406 1252 nem
430 1210 620 1252 declarat
650 1212 799 1263 officii,
821 1226 907 1266 quo
931 1221 974 1252 et
1005 1226 1174 1267 semper
1198 1212 1404 1252 utendum
1439 1221 1518 1264 est,
1541 1221 1585 1253 et
1613 1213 1755 1253 omni-

308 1269 412 1311 bus:
444 1269 609 1320 decere,
642 1270 763 1325 quasi
797 1280 946 1325 aptum
980 1283 1085 1320 esse,
1109 1279 1533 1334 consentaneumque
1569 1270 1754 1327 tempori

304 1337 348 1368 et
368 1342 588 1392 personae3
620 1328 735 1382 quod
752 1343 850 1368 cum
876 1327 918 1367 in
938 1326 1063 1367 factis
1084 1342 1336 1383 saepissime,
1352 1338 1442 1368 tum
1468 1342 1508 1368 m
1531 1328 1660 1369 (lictis
1683 1343 1755 1369 va-

303 1384 377 1436 let,
402 1400 444 1425 in
468 1361 588 1426 vultii
625 1386 826 1449 denique,
850 1395 892 1425 et
916 1395 1055 1441 gestu,
1078 1395 1122 1425 et
1147 1400 1314 1425 incessu
1332 1388 1361 1437 3)
1385 1395 1621 1450 contraque
1638 1386 1754 1428 item

302 1442 533 1484 dedecere:
578 1444 713 1498 (quod
747 1458 781 1483 5ι
816 1443 948 1498 po'e'ta
978 1442 1092 1498 fugit
1125 1453 1172 1483 ut
1205 1444 1446 1483 maximum
1480 1444 1648 1497 vitium,
1679 1443 1754 1500 qui

293 1511 457 1556 -peccat
478 1501 625 1551 etiam,
645 1515 743 1542 cum
767 1501 943 1556 probam
967 1501 1207 1541 orationem
1227 1501 1399 1557 affingit
1422 1501 1635 1556 improbo,
1650 1501 1756 1542 stul-

294 1569 403 1599 -tove
426 1558 658 1614 sapientis·
691 1558 725 1598 si
744 1558 931 1613 denique
956 1557 1095 1613 pictor
1116 1557 1186 1598 ille
1210 1558 1334 1609 vidit,
1357 1573 1455 1599 cum
1490 1559 1756 1600 immolanda

304 1615 537 1672 Iphigenia
568 1615 701 1656 tristis
735 1615 918 1656 Calchas
950 1625 1076 1666 esset,
1100 1615 1301 1656 moestior
1335 1615 1523 1671 UlysseS,
1546 1626 1752 1658 moereret

303 1673 546 1724 Menelaus,
592 1672 912 1714 obvolvendum
953 1682 1085 1728 caput
1121 1672 1467 1729 Aoamemnonis
1498 1688 1604 1739 esse,
1645 1689 1754 1740 quo-

297 1732 418 1772 niam
442 1745 658 1772 summum
676 1730 794 1772 illum
818 1731 982 1772 luctum
1007 1731 1210 1795 penicillo
1234 1746 1319 1772 non
1340 1741 1485 1787 posset
1508 1732 1695 1784 imitari;
1718 1732 1754 1773 si

301 1789 488 1854 denique
520 1788 688 1840 histrio,
711 1789 816 1844 quid
849 1789 1014 1838 deceat,
1046 1789 1229 1843 quaerit:
1261 1790 1366 1845 quid
1390 1789 1636 1831 laciendum
1659 1805 1756 1831 ora-

302 1847 386 1888 tori
419 1856 619 1903 putemus
635 1849 667 1895 Ρ)
700 1847 788 1898 sed,
816 1862 915 1888 cum
951 1845 1034 1888 hoc
1069 1856 1237 1887 tantum
1264 1848 1345 1899 sit3
1377 1847 1480 1903 quid
1518 1848 1562 1888 in
1597 1848 1753 1899 causis,

302 1919 535 1960 earumque
559 1904 688 1970 quasi
712 1905 917 1946 membris
942 1903 1087 1956 faciat,
1110 1914 1255 1945 orator
1280 1881 1450 1946 viderit.
1514 1904 1625 1947 Illud
1656 1906 1753 1971 qui-

304 1962 400 2003 dem
426 1963 704 2026 pelspicuum
727 1972 805 2012 est,
825 1977 912 2003 non
943 1962 1074 2003 modo
1108 1973 1248 2019 partes
1280 1963 1504 2014 orationis,
1527 1964 1600 2004 sed
1621 1966 1754 2006 etiam

222 2048 290 2095 23
304 2036 453 2061 causas
476 2031 610 2072 totas,
628 2019 730 2060 alias
753 2020 837 2061 alia
858 2020 997 2061 forma
1018 2020 1189 2061 dicendi
1213 2035 1303 2062 esse
1323 2021 1583 2062 tractandas.

240 2120 291 2158 75
363 2078 581 2134 Sequitur,
604 2088 652 2119 ut
673 2078 883 2134 cujusque
906 2078 1075 2135 generis
1098 2088 1203 2119 nota
1224 2089 1457 2135 quaeratur,
1479 2087 1523 2120 et
1552 2078 1752 2120 formula.

341 2218 383 2250 49
405 2217 508 2246 verbo.
526 2215 599 2256 etsi]
625 2215 763 2246 Videtur
774 2215 928 2247 excidisse
941 2220 1004 2247 ele-

300 2260 369 2288 nim
384 2265 462 2289 ante
477 2261 547 2296 etsi,
563 2259 613 2288 vel
628 2260 714 2289 enim
730 2264 812 2298 post.

343 2304 383 2332 50
406 2301 554 2340 filagrius·
575 2306 621 2331 est
644 2302 695 2331 hic
722 2301 822 2341 loeus]
850 2301 902 2331 Sic
918 2301 1004 2332 edidi

299 2353 358 2383 pro
374 2349 465 2380 esset,
482 2354 560 2374 nam
575 2344 724 2383 sequitur
739 2344 914 2374 desiderat.
960 2344 1005 2374 Et

298 2387 344 2416 sic
380 2387 478 2417 habet
507 2387 672 2418 Strebaeus
708 2387 742 2416 in
780 2387 911 2417 Comm.
951 2386 1003 2416 Fr.

299 2429 426 2469 Gry-ph.
453 2435 500 2460 est
519 2435 550 2460 et
572 2431 604 2461 h.
628 2431 649 2460 l.
677 2429 733 2460 sed
755 2434 787 2460 et
809 2429 918 2460 locum
936 2439 1004 2459 non

299 2470 411 2502 habet.

342 2516 376 2544 51
409 2514 491 2545 Cum
508 2516 565 2544 hoe
588 2515 697 2545 decere
713 2515 786 2554 &c.]
814 2514 920 2545 Locus
937 2513 1004 2551 hie,

296 2565 397 2595 usque
420 2556 461 2586 ad
484 2557 583 2587 finem
599 2558 729 2597 capitis,
745 2562 795 2588 est
808 2557 948 2588 difficilis
964 2557 1003 2587 ad

298 2598 565 2638 intelligendum,
580 2608 715 2640 propter
727 2601 867 2637 crebras,
876 2599 1005 2639 longio-

299 2650 349 2671 res
363 2642 464 2672 etiam
489 2642 713 2682 parenthcses‚
730 2642 828 2682 vulgo
852 2652 919 2672 non
935 2642 1005 2672 ani-

298 2683 496 2721 madversas,
511 2694 572 2714 nec
587 2685 620 2714 in
634 2685 725 2715 libris
740 2690 883 2716 notatas.
919 2685 1006 2714 Sunt

298 2732 412 2756 autem
431 2733 509 2759 tres.
535 2727 639 2767 prima
661 2727 695 2757 in
722 2727 897 2767 principio:
922 2727 1006 2766 quod

297 2770 659 2808 :emper—mammis.-
704 2770 822 2806 altera,
859 2774 1005 2810 oportere

297 2812 553 2842 euim—incessu
565 2824 574 2841 :
595 2812 709 2848 tertia,
725 2813 809 2851 quod
828 2813 1005 2852 ,ri—puce-

299 2864 388 2884 nms:
411 2864 484 2894 quae
500 2854 642 2885 maxime
663 2854 794 2885 fefellit.
819 2865 893 2885 eam
920 2854 1004 2884 indi-

297 2901 352 2926 cat
365 2898 431 2935 sed,
455 2897 543 2938 quod
557 2902 632 2938 post
647 2897 858 2938 parentheses
879 2902 931 2928 est
945 2907 1004 2938 pro

1047 2216 1162 2256 igitur,
1178 2217 1323 2256 inquam.
1358 2216 1398 2246 In
1411 2216 1481 2255 ejus
1496 2215 1657 2256 principio
1671 2215 1758 2256 quod

1046 2261 1086 2295 si,
1113 2270 1180 2290 non
1211 2266 1262 2290 est
1290 2259 1570 2298 argumentantis,
1599 2259 1654 2289 sed
1681 2269 1754 2299 pro,

1048 2303 1134 2342 quod
1149 2302 1333 2342 negotium,
1349 2312 1393 2332 sc.
1410 2301 1444 2332 τὸ
1459 2302 1619 2332 dedecere.
1649 2302 1754 2333 Series

1047 2346 1222 2375 sententiae
1237 2351 1303 2375 est:
1335 2345 1416 2375 Cum
1431 2347 1488 2374 lwe
1506 2343 1622 2384 (aliud)
1641 2345 1753 2375 decere

1049 2388 1197 2418 dic-amus
1223 2388 1282 2427 (sic
1309 2389 1399 2418 enim
1428 2386 1648 2422 scribendum,
1675 2387 1754 2426 quia

1047 2432 1197 2469 sequitur
1206 2433 1451 2470 et-—apflareatss
1464 2431 1520 2460 hoc
1533 2429 1648 2467 (aliud)
1661 2429 1754 2460 dede-

1047 2483 1131 2511 cere,
1147 2474 1244 2512 idque
1259 2483 1416 2512 magnum
1440 2473 1483 2502 sit
1499 2481 1751 2511 usquequaque;

1048 2515 1137 2545 aliud
1161 2526 1259 2556 porro
1284 2516 1396 2545 decere
1422 2520 1456 2545 et
1482 2518 1639 2554 oportere,
1668 2515 1750 2546 item

1049 2564 1166 2589 contra
1187 2559 1338 2589 dedecere
1357 2557 1466 2596 (idque
1487 2557 1618 2593 fugiant
1635 2567 1751 2588 omnes

1047 2601 1227 2640 artifices).
1264 2601 1426 2648 sequitur
1445 2607 1610 2630 oratorem
1643 2605 1678 2630 et
1715 2600 1751 2631 in

1048 2643 1153 2673 causis
1176 2644 1256 2674 totis
1282 2650 1316 2673 et
1343 2643 1377 2672 in
1400 2637 1547 2682 p'artibus
1569 2642 1675 2672 videre
1695 2641 1751 2672 de·

1049 2686 1137 2723 bere,
1151 2686 1230 2725 quid
1251 2685 1376 2720 deceat,
1392 2689 1426 2715 et
1440 2694 1543 2724 genus
1559 2684 1686 2715 dicendi
1702 2695 1752 2715 re·-

1048 2728 1108 2758 bus
1123 2727 1381 2759 accommodare.
1427 2727 1607 2758 Ceterum
1600 2737 1633 2757 in
1656 2728 1684 2757 εἰ
1697 2728 1752 2758 de-

1047 2772 1144 2810 nique
1160 2772 1279 2810 pictor,
1294 2769 1501 2800 scribendum
1523 2770 1648 2806 deinde,
1673 2779 1751 2801 nam

1048 2819 1123 2854 post
1144 2819 1205 2851 est,
1222 2814 1250 2843 si
1275 2813 1410 2853 denique
1434 2813 1559 2843 histrio.
1581 2814 1659 2843 item
1675 2822 1752 2844 cum

1047 2856 1250 2887 immolanda
1264 2856 1336 2897 Iph.
1351 2855 1481 2887 videtur
1494 2854 1648 2886 excidisse
1661 2855 1710 2886 in.
