1945 3235
357 178 430 214 116
826 176 906 216 AD
940 176 1316 215 HERENNIUM

300 292 348 325 63
420 280 615 322 Brevitas
635 290 701 323 est
731 296 794 323 rcs
814 281 916 339 ipsis
948 281 1246 323 tantummodo
1265 281 1405 323 verbis
1430 281 1677 323 necessariis
1698 296 1775 324 ex-

360 338 520 393 pedita,
543 337 626 379 hoc
657 339 812 380 modo:
847 339 1056 380 Lemnum
1087 339 1334 394 praeteriens
1356 338 1496 394 cepit:
1528 338 1626 380 inde
1643 338 1773 381 Thasi

359 395 606 451 praesidium
625 396 819 451 reliquit:
851 403 951 452 post
984 395 1133 436 urbem
1156 395 1199 436 in
1223 389 1431 451 Bithynia
1451 395 1644 438 sustulit:
1675 397 1775 438 inde

356 454 396 484 52
410 452 553 508 pulsus
584 453 624 493 in
658 453 1005 508 Hellespontum,
1039 452 1184 494 statim
1223 453 1386 509 potitur
1414 451 1588 508 Abydo.
1647 451 1774 506 Item,

355 507 494 551 Modo
536 510 699 561 consul,
729 510 946 565 quondam
977 509 1187 561 tribunus,
1216 510 1370 551 deinde
1398 510 1561 565 primus
1592 518 1684 550 erat
1714 511 1776 552 ci-

355 566 513 607 vitatis.
574 567 752 618 53Tum,
790 566 1078 623 proficiscitur
1107 566 1151 608 in
1182 566 1346 618 Asiam,
1381 566 1535 608 deinde
1572 566 1694 608 exsul
1731 578 1775 610 et

353 622 488 665 hostis
515 634 579 664 est
607 624 762 674 dictus,
802 632 902 680 post
931 624 1176 680 imperator,
1209 633 1426 680 postremo
1456 623 1606 666 consul
1635 623 1775 667 factus

352 691 431 722 est.
492 681 640 721 Habet
661 681 807 737 paucis
826 681 1136 738 comprehensa
1169 682 1352 723 brevitas
1373 681 1603 723 multarum
1633 695 1776 724 rerum

352 739 690 794 expeditionem.
752 739 897 785 Quare
931 738 1174 780 adhibenda
1203 754 1318 795 saepe
1350 748 1429 789 est,
1464 753 1563 781 cum
1597 748 1672 780 aut
1707 753 1774 782 res

352 809 436 836 non
467 805 596 851 egent
628 795 770 852 longae
801 796 1022 847 orationis,
1053 803 1128 837 aut
1160 804 1328 852 tempus
1349 799 1488 838 5411011
1522 795 1625 837 sinit
1655 810 1775 838 com-

350 866 520 892 morari.

269 904 337 952 55
408 909 732 950 Demonstratio
756 919 834 961 est,
865 925 963 952 cum
997 911 1059 951 ita
1076 924 1142 951 res
1161 910 1300 951 verbis
1322 911 1593 966 exprimitur,
1615 919 1665 952 ut
1682 912 1774 968 geri

352 967 590 1022 negotium,
608 976 652 1007 et
674 981 738 1008 res
760 977 859 1008 ante
876 967 1024 1008 oculos
1045 981 1137 1008 esse
1156 967 1363 1008 videatur.
1416 967 1467 1009 Id
1486 968 1576 1010 fieri
1599 969 1777 1025 poterit,

352 1024 401 1074 si,
431 1039 528 1079 quae
556 1033 668 1075 ante,
698 1034 742 1065 et
764 1037 876 1080 post,
906 1033 951 1065 et
980 1025 1024 1065 in
1063 1024 1157 1080 ipsa
1188 1037 1232 1064 re
1262 1023 1379 1065 facta
1405 1034 1545 1077 erunt,
1577 1040 1774 1082 eompre-

350 1080 599 1132 hendemuS,
618 1090 693 1122 aut
706 1082 739 1122 si
759 1096 784 1122 a
797 1082 921 1123 rebus
940 1080 1317 1136 consequentibus,
1336 1083 1776 1124 autacircumstanti-

353 1139 429 1178 bus
456 1153 543 1179 non
574 1139 835 1190 recedemus,
859 1139 941 1180 hoc
974 1139 1130 1180 modo:
1165 1138 1296 1184 Quod
1329 1138 1456 1179 simul
1478 1147 1607 1194 atque
1636 1140 1775 1182 Grac-

349 1194 456 1236 chus
479 1196 718 1252 prospexit,
746 1195 954 1238 fluctuare
985 1195 1208 1252 populum,
1231 1204 1464 1247 verentem,
1493 1210 1548 1237 ne
1576 1196 1668 1253 ipse
1699 1212 1774 1239 au·

348 1253 549 1294 ctoritate
571 1262 741 1294 senatus
763 1263 1004 1295 commotus
1027 1269 1053 1294 a
1074 1253 1286 1294 sententia
1305 1253 1542 1305 desisteret,
1557 1253 1687 1308 jubet
1699 1255 1774 1296 ad·

349 1311 492 1351 vocari
515 1310 784 1352 concionem.
845 1314 883 1342 55
897 1311 983 1352 [ste
1004 1311 1167 1352 interea
1188 1310 1344 1351 scelere
1365 1319 1410 1351 et
1429 1311 1553 1353 malis
1571 1311 1772 1369 cogitati-

348 1367 503 1408 onibus
527 1368 780 1419 redundans,
803 1369 944 1409 evolat
962 1382 1020 1409 ex
1043 1367 1204 1423 templo
1226 1367 1253 1409 J
1259 1367 1367 1418 ovis,
1389 1377 1433 1408 et
1454 1369 1625 1420 sudans,
1639 1369 1774 1416 oculis

349 1425 614 1476 ardentibus,
636 1436 779 1466 erecto
802 1426 973 1481 capillo,
991 1434 1192 1466 contorta
1209 1433 1326 1480 toga,
1346 1439 1446 1465 cum
1468 1425 1662 1481 pluribus
1681 1426 1774 1469 aliis

346 1482 407 1522 ire
436 1482 612 1524 celerius
645 1483 798 1538 coepit.
861 1482 927 1523 Illi
963 1497 1106 1538 praeco
1149 1481 1336 1523 faciebat
1373 1481 1660 1524 audientiam:
1700 1484 1773 1526 hic

349 1539 595 1580 subsellium
618 1541 835 1595 quoddam
864 1539 979 1581 calce
1009 1553 1220 1596 premens,
1242 1539 1397 1579 dextra
1427 1540 1580 1594 pedem
1612 1540 1778 1582 defrin2

305 1597 427 1650 ugit,
449 1606 493 1636 et
513 1596 618 1637 alios
652 1597 734 1638 hoc
764 1597 876 1638 idem
903 1597 1032 1651 jubet
1061 1596 1216 1637 facere.
1277 1594 1390 1637 Cum
1413 1596 1640 1639 Gracchus
1669 1598 1773 1640 deos

348 1653 556 1709 inciperet
585 1654 763 1709 precari,
785 1655 943 1695 cursim
976 1654 1045 1695 isti
1081 1654 1290 1709 impetum
1321 1653 1511 1696 faciunt:
1543 1656 1650 1697 ⁵Gex
1679 1655 1774 1697 aliis

346 1710 524 1765 aliisque
559 1711 752 1766 partibus
793 1711 1049 1752 convolant:
1084 1720 1212 1767 atque
1241 1725 1265 1751 e
1307 1711 1468 1766 populo
1499 1726 1623 1762 unus,
1654 1711 1773 1769 fuge,

350 1768 507 1823 inquit,
525 1767 687 1819 Tiberi,
711 1768 829 1825 fuge.
847 1783 933 1810 non
952 1769 1100 1809 vides?
1131 1768 1310 1824 respice,
1335 1767 1526 1823 inquam.
1587 1768 1776 1822 Deinde,

348 1840 458 1881 vaga
498 1825 745 1877 multitudo,
789 1826 933 1867 subito
971 1827 1124 1866 timore
1156 1825 1396 1881 perterrita,
1430 1824 1580 1881 fugere
1618 1827 1780 1884 coepit„

345 1881 405 1923 At
423 1883 503 1923 iste
525 1897 726 1939 spumans
757 1897 811 1924 ex
834 1898 906 1924 ore
931 1883 1081 1933 scelus,
1103 1882 1306 1923 anhelans
1336 1896 1390 1923 ex
1414 1882 1568 1924 intimo
1597 1892 1773 1939 pectore

346 1940 660 1992 crudelitatem,
679 1950 937 1996 contorquet
969 1940 1218 1990 brachium3
1251 1948 1296 1980 et
1315 1939 1533 1981 dubitanti
1554 1940 1772 1994 Graccho,

342 1996 447 2051 quid
487 2007 611 2048 esset,
642 2012 782 2053 neque
823 2008 967 2040 tamen
1008 1998 1165 2048 locum,
1205 1997 1249 2038 in
1287 2011 1374 2052 quo
1407 1997 1675 2050 constiterat,
1706 2013 1773 2040 re-

344 2052 568 2109 linquenti,
591 2055 778 2110 percutit
797 2065 980 2111 tempus.
1041 2054 1118 2096 Ille
1140 2057 1178 2088 57
1192 2053 1309 2094 nulla
1326 2067 1433 2095 voce
1461 2053 1678 2107 delabens,
1705 2056 1771 2096 in·-

382 2168 422 2197 553
437 2166 562 2198 Pulsus
574 2169 610 2198 in
631 2167 902 2208 Hellespontum]
928 2169 1033 2199 Probo
1078 2168 1152 2198 aliis
1178 2168 1238 2197 alii
1251 2167 1418 2207 partibus,
1442 2167 1529 2207 quod
1549 2167 1683 2208 praefert
1703 2168 1772 2200 Ou-

339 2207 456 2239 Aurati
497 2211 733 2250 conjecturam,
775 2221 871 2250 quam
910 2212 1032 2251 recepit
1076 2209 1280 2249 ‹london-pius.

339 2248 532 2288 Lambinus,
554 2254 728 2292 appulsus:
756 2254 927 2284 manifeste
942 2254 1030 2284 enim
1117 2255 1155 2285 57
1173 2252 1283 2282 Nulla
1303 2261 1377 2283 voce
1392 2251 1566 2291 delabens]
1598 2252 1652 2283 Sic
1665 2251 1771 2284 voluit

339 2292 377 2324 de
393 2293 488 2324 rebus
500 2293 648 2324 secundis
661 2303 768 2325 sermo
781 2303 840 2325 est.
1073 2294 1166 2325 edere
1187 2294 1359 2332 Gruterus,
1375 2303 1454 2330 non,
1480 2298 1520 2324 ut
1536 2298 1587 2325 est
1607 2295 1643 2326 in
1663 2304 1774 2326 exem-

381 2337 420 2366 53
440 2335 537 2372 Tum,
555 2336 799 2377 prtficiscitur]
827 2337 1032 2377 Inter-punxi,
1075 2337 1150 2377 plis,
1176 2337 1344 2370 delabans.·
1368 2336 1454 2376 quod
1474 2340 1588 2368 tamen
1614 2341 1649 2368 et
1663 2338 1771 2378 ipsum

338 2382 375 2406 ut
399 2377 582 2409 Gronovius
605 2378 731 2417 voluit;
755 2380 832 2418 quia
861 2379 1033 2410 manifeste
1076 2379 1109 2409 in
1140 2378 1228 2409 libris
1264 2381 1437 2419 reperitur.
1480 2377 1645 2410 Victorius
1680 2378 1773 2411 dedit

337 2425 388 2449 est
408 2419 498 2451 aliud
520 2421 717 2461 exemplum.
761 2421 841 2451 Mox
854 2421 973 2460 flaccus
987 2426 1034 2451 est
1076 2422 1219 2452 delibans
1251 2422 1387 2452 insitam
1420 2421 1576 2451 virtutem
1609 2431 1628 2452 e
1662 2423 1771 2462 conje-

337 2460 436 2492 dcleri
458 2462 530 2493 vult
549 2462 698 2493 Oudend.
729 2473 805 2494 cum
828 2464 907 2494 Mss.
930 2463 1034 2494 tribus
1077 2470 1182 2499 ctura,
1214 2463 1301 2502 quod
1334 2463 1481 2503 sequitur
1517 2462 1676 2494 Graevius.
1723 2463 1770 2497 Et

336 2505 413 2540 tuis,
437 2506 554 2544 quibus
579 2506 745 2536 consentit
768 2506 832 2536 Ms.
857 2506 948 2536 Cort.
963 2515 1031 2536 non
1073 2506 1161 2537 favet
1176 2504 1240 2536 Ms.
1254 2505 1346 2536 Leid.
1361 2508 1390 2536 3.
1405 2505 1461 2544 qui
1474 2510 1587 2536 tamen
1601 2504 1702 2536 habet
1714 2507 1769 2538 in—

335 2543 429 2582 bene‚
444 2554 481 2576 ut
495 2547 621 2587 opinor-2
1072 2549 1138 2578 sita
1157 2549 1289 2579 virtute.
1332 2546 1417 2578 Mihi
1436 2547 1579 2578 delibans
1602 2548 1771 2588 poeticum

378 2591 418 2618 54
445 2589 523 2618 Non
542 2590 620 2621 sinit
642 2590 861 2630 commorari]
889 2589 951 2620 Pro
971 2590 1031 2620 im-
1073 2597 1108 2620 et
1122 2599 1190 2620 non
1211 2590 1290 2621 satis
1303 2589 1499 2620 conveniens
1511 2588 1572 2619 tali
1586 2590 1771 2630 narrationi

336 2631 472 2667 morari,
487 2637 525 2661 ut
545 2641 643 2672 supra
658 2639 693 2663 et
716 2634 924 2663 commoratio
945 2632 1038 2671 dicta,
1075 2632 1214 2663 videtur.
1256 2632 1428 2662 Sententia
1441 2631 1511 2662 haec
1525 2631 1697 2671 aliquoties
1718 2638 1776 2669 esu

333 2677 394 2702 est.
439 2672 555 2711 Itaque
578 2683 644 2702 non
660 2675 874 2704 necessarium
889 2680 940 2704 est
954 2684 1029 2703 cum
1071 2674 1159 2714 apud
1181 2673 1336 2705 Tacitum
1364 2674 1400 2703 in
1420 2678 1527 2703 morte
1553 2674 1768 2706 morientium

335 2713 773 2756 OudendorpioeMsN'oss.
788 2717 960 2746 rescribere
970 2717 1029 2746 im—
1066 2717 1161 2755 jussu
1186 2721 1414 2756 tyrannorum.
1455 2715 1543 2745 Ann.
1574 2718 1624 2753 15,
1650 2717 1701 2747 63.
1727 2716 1769 2748 de

333 2758 467 2787 morari.
1073 2759 1207 2789 Seneca:
1224 2766 1264 2787 ne
1274 2758 1400 2788 visendo
1411 2757 1457 2787 ad
1466 2758 1770 2797 impatientiam&-

374 2801 414 2829 55
437 2799 505 2830 Iste
525 2798 676 2838 interea]
703 2799 769 2830 Int.
789 2800 951 2840 Opimius,
975 2801 1031 2840 qui
1073 2801 1248 2831 laberetur.
1271 2800 1358 2839 Ergo
1367 2804 1402 2830 et
1415 2810 1434 2829 a
1447 2799 1619 2839 patientia,
1632 2800 1769 2838 virtute,

333 2839 517 2872 Gracchum
530 2842 706 2872 interfecit.
1073 2842 1179 2873 delabi
1203 2851 1384 2883 possumus.
1408 2840 1532 2882 ltaque
1543 2842 1692 2878 delabens
1713 2851 1766 2872 ve—

374 2883 414 2912 56
436 2883 494 2914 Et
516 2885 592 2914 aliis
609 2885 746 2924 aliisque
763 2883 938 2923 partibus]
966 2883 1031 2915 Ms.
1075 2894 1149 2916 rum
1162 2889 1258 2926 puto-

334 2924 401 2958 Erf.
416 2935 456 2955 ez·
478 2926 554 2957 aliis
575 2927 650 2957 aliis
667 2936 704 2966 p.
739 2926 800 2957 lid.
814 2926 901 2957 Med.
925 2936 975 2967 pr.
988 2937 1029 2957 ez·

1935 474 1945 721 *wx⁷„.2,.
1934 416 1936 425 v
