1945 3235
672 127 954 166 BRUTUS.
1466 132 1541 168 44³

90 242 296 285 erratum,
319 233 541 288 vitamque
564 230 709 272 Naevii
740 229 943 287 producit
961 228 1160 283 longius.
1221 231 1335 273 Nam
1360 232 1539 274 Plautus

95 291 148 333 Ρ.
171 291 370 342 Claudio,
395 291 444 332 L.
468 289 640 339 ΡοιὉίο,
674 288 831 344 viginti
867 285 989 327 annis
1021 295 1119 341 post
1155 285 1265 338 illos,
1303 304 1411 345 quos
1439 299 1540 332 ante

94 349 203 398 dixi,
226 348 420 390 consules
443 359 636 389 mortuus
658 356 737 397 est,
762 344 930 386 Catone
948 357 1138 384 censore.

155 405 287 447 Hunc
323 406 457 461 igitur
487 404 733 460 Cethegum
767 411 1024 443 consecutus
1055 410 1121 442 est
1151 408 1280 441 aetate
1315 400 1441 454 Cato,
1464 405 1537 459 qui
1551 409 1596 444 61

96 464 219 505 annis
249 478 302 505 rx
326 472 424 518 post
445 477 542 503 eum
566 460 649 501 fuit
678 460 842 500 consul.
873 472 972 498 eum
1001 472 1079 498 nos
1111 468 1159 499 ut
1180 467 1443 514 perveterem
1464 459 1538 501 ha-

97 521 262 571 bemus,
284 521 354 575 qui
380 520 425 560 L.
449 518 636 567 Marcio,
660 516 741 557 M’.
765 516 952 556 Manilio
976 516 1225 556 consulibus
1242 526 1437 557 mortuus
1459 527 1537 568 est,

95 579 219 619 annis
255 590 456 619 Lxxxru
487 576 590 630 ipsis
620 584 720 614 ante
748 587 817 614 me
851 572 1086 614 consulem.
1148 573 1241 614 Nec
1275 588 1375 613 vero
1399 574 1537 615 habeo
1556 562 1626 617 16

94 648 354 690 quemquam
384 632 686 687 antiquiorem,
720 631 844 686 cujus
878 630 1051 686 quidem
1089 631 1251 686 scripta
1285 630 1539 686 proferenda

96 702 260 748 putem,
282 691 363 731 nisi
386 704 513 744 quem
535 688 670 745 Appii
694 688 812 730 Caeci
836 689 974 729 oratio
996 688 1091 729 haec
1109 689 1200 743 ipsa
1220 688 1273 728 de
1291 688 1474 744 Pyrrho,
1496 698 1541 730 et

94 749 312 791 nonnullae
343 757 612 787 mortuorum
645 746 912 787 laudationes
937 745 1046 786 forte
1067 746 1297 787 delectant.
1359 744 1413 786 Et
1443 746 1538 787 her-

94 806 210 848 cules
232 805 300 847 hae
324 805 496 859 quidem
525 814 723 845 exstant:
757 804 861 859 ipsae
884 803 999 843 enim
1021 802 1197 844 familiae
1221 818 1296 843 sua
1326 804 1447 858 quasi
1470 818 1537 845 or·
1549 807 1601 842 62

93 873 298 905 namenta
319 877 368 903 ae
390 871 670 903 monumenta
691 862 934 911 servabant,
957 870 1000 901 et
1018 860 1068 901 ad
1091 874 1229 910 usum,
1252 864 1285 900 si
1308 861 1404 915 quis
1426 861 1540 916 ejus-

93 921 192 962 dem
215 920 384 977 generis
405 919 649 970 occidisset,
670 928 713 958 et
736 918 788 959 ad
818 919 1068 959 memoriam
1088 917 1260 958 laudum
1283 918 1542 960 domestica-

95 993 207 1029 rum,
229 988 271 1019 et
296 977 349 1018 ad
374 977 667 1018 illustrandam
688 976 958 1016 nobilitatem
983 990 1117 1017 suam.
1181 975 1455 1031 Quamquam
1477 976 1549 1018 his.

95 1035 417 1078 laudationibus
433 1035 613 1075 historia
634 1048 772 1075 rerum
799 1043 1038 1074 nostrarum
1061 1042 1125 1074 est
1144 1032 1260 1073 facta
1283 1034 1541 1075 mendosior.

97 1092 247 1134 Multa
267 1092 383 1134 enim
412 1093 571 1148 scripta
602 1100 701 1132 sunt
733 1093 775 1131 in
807 1093 882 1141 eis,
905 1105 1002 1146 quae
1036 1090 1152 1131 facta
1186 1105 1272 1131 non
1308 1101 1421 1142 sunt,
1446 1090 1543 1133 falsi

96 1150 322 1207 triumphi,
347 1150 487 1206 plures
511 1148 771 1198 consulatus,
792 1163 948 1204 genera
963 1149 1092 1189 etiam
1112 1147 1232 1198 falsa,
1255 1151 1348 1189 3Oet
1371 1164 1396 1189 a
1418 1147 1544 1205 plebe

96 1209 387 1258 transitiones,
418 1222 516 1249 cum
551 1207 746 1247 homines
780 1206 1026 1247 humiliores
1057 1206 1100 1246 in
1131 1205 1316 1247 alienum
1348 1207 1542 1262 ejusdem

96 1267 286 1308 nominis
315 1265 641 1306 infunderentur
674 1278 834 1320 genus:
869 1273 928 1314 ut,
963 1265 996 1304 si
1028 1278 1110 1320 ego
1145 1277 1210 1303 me
1241 1278 1266 1304 a
1301 1263 1381 1305 Μ’.
1401 1262 1544 1306 Tullio

98 1338 190 1366 esse
219 1324 420 1374 dicerem,
455 1324 528 1378 qui
567 1322 773 1378 patricius
803 1336 900 1362 cunr
934 1320 1084 1362 Servio
1124 1321 1316 1376 Sulpicio
1352 1322 1543 1374 consule,

98 1396 212 1424 anno
236 1395 267 1422 x
296 1390 394 1437 post
423 1389 599 1420 exactos
628 1393 748 1435 reges
779 1378 876 1419 fuit.
935 1377 1115 1420 Catonis
1153 1392 1296 1419 autem
1326 1380 1542 1422 orationes
1554 1385 1606 1420 63

97 1453 186 1480 non
206 1439 348 1480 minus
379 1438 523 1478 muitae
553 1451 660 1477 verae
685 1449 797 1488 sunt,
819 1451 948 1492 quam
971 1436 1109 1477 Attici
1133 1436 1302 1492 Lysiae;
1332 1438 1456 1493 cujus
1478 1452 1545 1479 ar-

98 1497 238 1538 bitror
251 1495 455 1553 plurimas
475 1509 580 1536 esse.
616 1493 692 1534 Est
713 1494 829 1535 enim
848 1493 1037 1545 Atticus,
1059 1494 1263 1549 quoniam
1284 1509 1398 1536 certe
1410 1495 1548 1536 Athe-

97 1554 166 1595 nis
198 1564 264 1595 est
296 1563 340 1593 et
362 1566 503 1602 natus,
538 1562 577 1592 et
603 1563 812 1602 mortuus,
834 1561 878 1592 et
906 1552 1079 1592 functus
1110 1551 1228 1592 omni
1257 1552 1419 1594 civium
1452 1567 1549 1593 mu-

99 1626 226 1654 nere:
258 1625 518 1667 quamquam
532 1609 723 1649 Timaeus
745 1609 993 1664 eum,quasi
1016 1609 1184 1650 Licinia
1200 1618 1244 1650 et
1263 1608 1417 1651 Mucia
1438 1610 1548 1667 lege,

98 1670 256 1725 repetit
281 1669 528 1723 Syracusas.
591 1666 646 1707 Et
669 1667 906 1722 ”quodam
937 1666 1066 1707 modo
1097 1677 1161 1708 est
1196 1668 1399 1708 nonnulla
1422 1668 1464 1709 in
1493 1669 1546 1709 iis

98 1728 230 1768 etiam
267 1726 378 1766 inter
408 1727 520 1781 ipsos
552 1723 803 1765 similitudo.
840 1725 956 1765 acuti
992 1734 1106 1775 sunt,
1135 1724 1367 1780 eleganteS,
1399 1724 1545 1777 faceti,

100 1785 278 1825 breves:
323 1783 395 1823 sed
432 1782 500 1822 ille
531 1781 712 1824 Graecus
754 1783 808 1823 ab
842 1782 959 1822 omni
991 1782 1116 1822 laude
1155 1781 1335 1823 felicior.
1396 1782 1609 1825 Habet64

99 1842 214 1883 enim
244 1850 383 1882 certos
416 1840 479 1880 sui
519 1840 748 1891 studiosos,
786 1840 858 1895 qui
893 1854 980 1880 non
1017 1850 1106 1881 tam
1149 1839 1321 1881 habitus
1354 1841 1547 1897 corporis

100 1899 285 1956 opimos,
308 1913 435 1954 quam
456 1897 716 1953 gracilitates
739 1907 1067 1949 consectentur3
1099 1912 1221 1952 qu08,
1246 1897 1435 1939 valitudo
1456 1913 1549 1940 mo-

99 1957 156 1998 do
193 1958 305 1998 bona
335 1956 404 2006 sit,
437 1955 622 1995 tenuitas
655 1955 748 2011 ipsa
767 1957 808 1985 3⁴2
821 1954 1019 1995 delectet.
1052 1969 1312 2010 quamquam
1347 1956 1391 1997 in
1418 1955 1550 2012 Lysia

98 2029 215 2071 saepe
238 2022 338 2054 sunt
369 2013 498 2054 etiam
529 2012 691 2064 lacerti,
723 2012 784 2053 sic
815 2023 863 2053 ut
897 2013 985 2053 fieri
1021 2012 1129 2053 nihil
1151 2012 1287 2068 possit
1310 2013 1546 2057 valentius:

98 2086 247 2114 verum
279 2081 344 2112 est
373 2080 489 2112 certe
520 2084 675 2126 genere
714 2080 807 2111 toto
850 2070 1089 2126 strigosior,
1128 2070 1200 2111 sed
1237 2069 1369 2112 habet
1402 2080 1547 2113 tamen

100 2144 199 2170 suos
221 2129 477 2178 laudatores,
495 2128 569 2183 qui
593 2127 673 2168 bac
696 2128 789 2184 ipsa
810 2128 902 2183 ejus
926 2128 1165 2168 subtilitate
1182 2127 1415 2171 admodum
1439 2143 1545 2185 gau-

100 2187 243 2228 deant.
305 2186 518 2227 Catonem
542 2199 643 2226 vero
677 2186 772 2240 quis
804 2197 1048 2226 nostrorum
1083 2194 1318 2236 oratorum,
1340 2188 1415 2242 qui
1448 2187 1543 2242 qui·
1562 2179 1628 2235 17

100 2244 199 2287 dem
219 2258 333 2285 nunc
355 2253 469 2293 sunt,
491 2242 625 2298 legit?
656 2252 731 2284 aut
752 2244 848 2298 quis
868 2245 990 2284 novit
1007 2243 1185 2284 omnino
1206 2245 1219 2284 ?
1251 2243 1310 2284 At
1328 2259 1459 2302 quem
1482 2245 1545 2286 vi·
1557 2253 1606 2288 65

99 2304 230 2344 rum?
260 2301 319 2342 dii
359 2301 483 2342 boni!
517 2300 643 2341 mitto
682 2300 837 2350 civem,
868 2311 943 2342 aut
977 2311 1233 2353 senatorem,
1257 2311 1331 2343 aut
1363 2302 1548 2358 impera-

102 2369 266 2401 torem:
299 2368 512 2399 oratorem
545 2357 659 2398 enim
690 2358 774 2399 hoc
803 2358 899 2399 loco
935 2359 1192 2414 quaerimus:
1226 2360 1321 2413 quis
1352 2359 1425 2400 illo
1453 2374 1551 2415 gra-

104 2417 198 2459 vior
220 2418 263 2457 in
283 2415 526 2457 laudando?
558 2415 753 2456 acerbior
774 2415 816 2456 in
833 2416 1144 2472 vituperando?
1176 2416 1219 2456 in
1239 2417 1462 2458 sententiis
1485 2433 1552 2459 ar·

104 2475 277 2532 gutior?
310 2474 354 2515 in
377 2473 573 2515 docendo
595 2473 954 2529 edisserendoque
977 2473 1203 2515 subtilior?
1237 2473 1427 2516 Refertae
1451 2486 1553 2518 sunt

143 2628 186 2657 30
206 2632 237 2657 et
249 2628 374 2667 aplebe
385 2626 606 2666 transitiones]
625 2626 678 2656 Sic
693 2626 805 2667 scripsi
848 2627 978 2666 frigide,
995 2633 1033 2658 ut
1050 2628 1201 2658 arbitror.
1246 2628 1386 2659 Divisim
1410 2630 1552 2669 quodam

99 2678 161 2710 pro
173 2670 219 2699 ad
226 2671 364 2710 plebem,
378 2670 462 2709 quod
477 2675 568 2698 totus
583 2675 757 2699 contextus
771 2674 805 2699 et
848 2670 940 2700 niodo
962 2678 1010 2699 cst
1040 2671 1151 2710 paullo
1180 2670 1309 2707 melius,
1326 2681 1385 2709 pro
1408 2672 1551 2710 quodam

102 2720 154 2742 res
167 2716 201 2741 et
214 2711 399 2751 exemplum
417 2711 563 2750 requirit.
602 2711 805 2742 Huiniliores
847 2712 882 2742 in
898 2722 1029 2750 genero.
1047 2723 1163 2753 nempe
1178 2715 1270 2744 tenui
1291 2724 1328 2743 ac
1341 2714 1466 2744 subtili,

101 2753 143 2784 de
168 2753 274 2794 plebe,
294 2753 507 2784 similitudine
532 2754 675 2784 nominis
698 2755 802 2791 abusi,
889 2757 930 2786 32
952 2755 1098 2796 delectet]
1127 2757 1180 2787 Sic
1205 2756 1289 2786 edidi
1316 2767 1376 2797 pro
1400 2757 1551 2788 delectat.

102 2805 137 2826 se
159 2805 219 2835 pro
233 2796 378 2836 patriciis
392 2796 559 2835 gerebant.
846 2796 934 2828 Nam
963 2802 1041 2828 ante
1070 2804 1121 2830 est
1151 2803 1386 2837 consectentur,
1414 2805 1449 2830 et
1475 2803 1551 2842 post

143 2841 181 2869 31
207 2839 347 2878 quodam·
382 2837 688 2876 modo—nonnulla]
727 2838 805 2868 Non
844 2841 1028 2879 gaudeant.

99 2879 210 2922 placet
248 2881 490 2922 quodammodo.
522 2881 684 2912 redundat
715 2882 805 2913 enim
