1945 3235
579 92 764 133 LIBER
804 94 1094 134 QUARTUS„
1503 97 1554 138 73

118 209 164 242 et
183 213 331 241 eorum
344 199 593 256 exemplum
611 213 760 255 pugno
781 213 870 239 non
890 198 1095 249 habeant,
1110 199 1226 253 quod
1240 199 1494 242 ostendant:
1518 200 1556 242 si

120 256 426 314 Triptolemus,
447 271 547 299 cum
567 256 818 297 hominibus
841 270 987 296 semen
1008 255 1251 311 largiretur,
1274 257 1365 313 ipse
1387 258 1440 298 ab
1460 258 1555 300 aliis

119 315 163 356 id
186 315 435 356 hominibus
456 322 750 355 mutuaretur:
774 322 848 353 aut
870 313 905 353 si
922 311 1221 364 Prometheus,
1240 328 1340 354 cum
1361 315 1554 355 mortali-

120 372 199 413 bus
222 373 367 428 ignem
396 371 588 413 dividere
619 371 762 422 vellet,
785 370 877 426 ipse
899 385 925 411 a
946 370 1115 420 vicinis,
1138 384 1238 411 cum
1268 378 1380 411 testa
1398 372 1554 412 ambua

115 427 223 481 lami,
246 429 529 472 carbunculos
552 436 816 485 corrogaret,
839 441 927 468 non
946 426 1176 468 ridiculum
1196 426 1440 469 videretur?
1472 428 1553 470 [sti

115 487 328 544 magistri,
345 487 592 527 440mnium
614 485 785 526 dicendi
809 493 1112 541 praeceptoreS,
1136 499 1223 526 non
1247 484 1447 526 videntur
1469 486 1552 526 sibi

116 544 296 586 ridicule
318 543 471 594 facere,
491 558 591 584 cum
611 543 669 593 id,
692 542 808 598 quod
827 542 920 583 aliis
944 541 1217 598 pollicentur,
1240 542 1295 583 ab
1317 541 1412 582 aliis
1432 555 1553 597 quae-

115 611 230 642 runt.
301 601 363 652 Si,
395 601 469 656 qui
512 615 556 641 se
591 600 734 641 fontes
777 599 1010 651 maximos,
1049 600 1220 655 penitus
1257 599 1553 650 absconditos,

115 658 331 716 aperuisse
361 657 492 710 dicat,
522 667 568 699 et
595 658 694 708 hoc,
729 657 879 698 sitiens
922 672 1053 713 quam
1094 658 1301 708 maxime,
1335 656 1554 713 loquatur,

115 729 255 771 neque
278 715 449 768 habeat,
473 717 547 772 qui
574 716 692 756 sitim
714 715 848 767 sedet,
871 729 958 756 non
982 714 1198 757 rideatur?
1230 714 1326 766 Isti,
1347 729 1448 756 cum
1466 729 1555 758 non

111 773 244 814 modo
266 773 464 814 dominos
488 788 532 814 se
554 773 758 824 fontium,
782 773 855 814 sed
878 787 922 814 se
946 773 1062 829 ipsos
1096 772 1239 814 fontes
1270 787 1362 814 esse
1391 772 1554 825 dicant,

110 838 156 871 et
177 831 372 872 omnium
393 831 534 888 rigare
555 831 743 872 debeant
763 831 953 887 ingenia,
976 845 1064 871 non
1095 839 1252 886 putant
1272 830 1365 871 fore
1395 829 1556 871 ridicu-

107 886 212 939 lum,
248 889 298 940 si,
331 903 430 929 cum
456 889 498 930 id
529 888 816 946 polliceantur
845 888 955 940 aliis,
987 897 1184 929 arescant
1226 888 1309 944 ipsi
1341 887 1554 930 siccitate.

111 943 274 987 Chares
293 961 318 987 a
342 945 535 1003 Lysippo
559 955 721 988 statuas
752 945 893 988 facere
925 960 1013 987 non
1047 946 1131 987 isto
1152 946 1284 987 modo
1315 945 1482 997 didicit,
1506 955 1557 992 ut

107 1001 324 1060 Lysippus
357 1015 490 1060 caput
533 1004 778 1045 ostenderet
826 1003 1044 1060 Myronis,
1088 1003 1267 1045 brachia
1306 1002 1554 1056 Praxitelis,

107 1062 149 1091 45
164 1071 314 1116 pectus
339 1060 578 1118 Polycleti:
613 1062 686 1103 sed
709 1062 856 1103 omnia
867 1076 1015 1103 coram
1037 1061 1295 1117 magistrum
1317 1060 1552 1104 facientem

106 1117 299 1170 videbat,
317 1128 559 1161 ceterorum
578 1134 710 1176 opera
724 1118 790 1160 vel
804 1134 880 1159 sua
898 1127 1052 1174 sponte
1075 1119 1346 1159 considerare
1364 1127 1550 1174 poterat.

110 1172 190 1216 Isti
212 1177 408 1228 credunt,
430 1191 518 1228 eos,
540 1178 614 1233 qui
638 1176 733 1218 haec
752 1176 886 1218 velint
909 1177 1087 1226 discere,
1110 1175 1193 1216 alia
1215 1176 1383 1217 ratione
1404 1176 1548 1218 doceri
1563 1173 1598 1229 7

108 1246 235 1288 posse
252 1235 537 1276 commodius.
600 1233 818 1276 Praeterea
847 1249 901 1275 ne
934 1241 1117 1290 possunt
1145 1233 1321 1288 quidem
1354 1248 1418 1285 ea,
1450 1249 1547 1290 quae
1565 1248 1614 1283 10

110 1301 337 1334 sumuntur
377 1293 432 1333 ab
465 1292 574 1344 aliis,
608 1292 822 1348 exempla,
856 1300 944 1332 tam
987 1306 1080 1332 esse
1124 1291 1456 1332 accommodata
1495 1291 1549 1333 ad

106 1358 257 1402 artem,
287 1364 417 1406 quam
451 1349 650 1406 propria3
682 1358 925 1406 propterea,
959 1349 1077 1405 quod
1103 1348 1148 1389 in
1182 1348 1367 1390 dicendo
1397 1348 1551 1390 leviter

106 1407 401 1464 unusquisque
430 1407 550 1448 locus
580 1407 833 1464 plerumque
856 1408 1066 1463 tangitur,
1089 1420 1143 1447 ne
1161 1421 1228 1447 ars
1251 1415 1472 1463 appareat,
1504 1407 1548 1447 in
1561 1433 1593 1463 p.
1609 1423 1659 1455 26,

103 1465 400 1521 praecipiendo
434 1479 637 1522 expresse
670 1466 919 1522 conscripta
944 1478 1104 1521 ponere
1126 1474 1300 1520 oportet
1332 1463 1549 1520 exempla,
1561 1476 1595 1498 a.

106 1531 156 1563 ut
176 1522 221 1564 in
243 1523 346 1564 artis
377 1522 561 1565 formam
593 1523 826 1564 convenire
857 1523 1041 1580 possint,
1071 1531 1116 1563 et
1147 1531 1248 1578 post
1281 1522 1325 1563 in
1347 1521 1549 1574 dicendo,

103 1593 158 1621 ne
187 1582 325 1637 possit
357 1596 423 1622 ars
456 1580 645 1622 eminere
687 1590 731 1622 et
769 1581 824 1622 ab
863 1581 1066 1622 omnibus
1109 1580 1262 1631 videri,
1291 1580 1334 1610 46
1347 1578 1556 1621 facultate

103 1639 287 1680 oratoris
309 1638 568 1680 occultatur.
630 1637 747 1696 Ergo
770 1639 903 1680 etiam
924 1647 973 1679 ut
994 1637 1134 1694 magis
1157 1652 1223 1678 ars
1245 1646 1556 1693 cognoscatur,

100 1696 188 1737 suis
207 1697 419 1754 exemplis
441 1697 594 1738 melius
616 1706 682 1738 est
700 1697 778 1738 uti.
829 1695 1057 1738 Postremo
1073 1697 1168 1737 haec
1190 1709 1364 1751 quoque
1385 1709 1452 1736 res
1473 1710 1555 1737 nos

99 1753 228 1795 duxit
249 1754 303 1796 ad
337 1755 451 1796 hanc
482 1755 712 1807 rationem,
735 1754 852 1811 quod
874 1754 1055 1795 nomina
1083 1768 1227 1795 rerum
1256 1752 1431 1804 Graeca,
1453 1768 1553 1809 quae

99 1812 408 1864 convertimus,
441 1826 493 1853 ea
525 1821 693 1854 remota
734 1820 836 1854 sunt
865 1827 891 1853 a
930 1811 1262 1853 consuetudine.
1296 1826 1396 1866 quae
1430 1811 1553 1852 enim

98 1882 165 1909 res
189 1869 303 1926 apud
325 1878 496 1912 nostros
518 1885 606 1911 non
639 1878 776 1922 erant,
809 1884 957 1911 earum
987 1884 1131 1911 rerum
1152 1869 1336 1910 nomina
1356 1883 1444 1909 non
1472 1884 1554 1924 po·

101 1935 242 1968 terant
271 1941 363 1971 esse
390 1927 564 1969 usitata.
626 1926 746 1984 Ergo
776 1928 875 1969 haec
896 1927 1116 1983 asperiora
1146 1927 1290 1982 primo
1322 1926 1554 1968 videantur

99 1997 274 2026 necesse
302 1993 382 2037 est,
414 1985 544 2041 idque
573 1985 648 2026 fiet
677 1986 754 2037 rei,
784 2000 874 2026 non
904 1995 1068 2036 nostra,
1091 1984 1366 2026 difficultate.
1430 1983 1553 2037 Reli-

93 2056 230 2097 quum
252 2043 478 2100 scripturae
502 2052 784 2085 consumetur
806 2043 850 2084 in
871 2042 1100 2099 exemplis,
1120 2042 1218 2083 haec
1237 2041 1380 2083 aliena
1402 2042 1439 2083 si
1470 2057 1551 2098 po-

94 2099 341 2153 suissemus,
364 2099 530 2142 factum
559 2109 686 2154 esset,
709 2110 772 2152 ut,
802 2100 921 2157 quod
953 2099 1227 2142 commodius
1258 2108 1372 2140 esset
1393 2099 1439 2141 in
1463 2100 1549 2142 hoc

93 2155 221 2210 libro,
242 2158 286 2200 id
317 2167 515 2200 nostrum
545 2173 634 2200 non
665 2168 801 2211 esset;
833 2158 949 2215 quod
974 2157 1181 2214 asperius,
1203 2165 1249 2199 et
1270 2156 1548 2209 inusitatum,

92 2214 136 2256 id
159 2215 332 2273 proprie
352 2216 480 2258 nobis
503 2216 826 2258 attribueretur.
888 2215 1006 2273 Ergo
1031 2216 1143 2256 hanc
1173 2229 1348 2271 quoque
1376 2215 1547 2257 incom-

90 2273 347 2316 moditatem
370 2273 578 2330 fugimus.
640 2274 724 2317 His
747 2274 801 2315 de
822 2274 978 2325 causis,
993 2288 1093 2315 cum
1114 2273 1218 2314 artis
1242 2272 1545 2315 inventionem

91 2330 349 2374 Graecorum
371 2333 689 2389 probassemim,
711 2331 1012 2389 exemplorum
1045 2331 1260 2372 rationem
1291 2331 1428 2372 secuti
1454 2345 1544 2374 non

94 2403 256 2432 sumus.

129 2524 171 2554 44
202 2521 361 2555 Omnium
394 2521 523 2553 dicendi
551 2521 791 2564 μετεφώνει]
836 2520 972 2563 conjicit
986 2529 1109 2552 nomen
1124 2521 1223 2551 fuisse
1237 2519 1343 2559 slsyos.

91 2563 173 2595 Haee
191 2575 261 2596 esse
281 2567 406 2608 spuria,
429 2565 487 2605 qui
509 2565 660 2606 paullum
683 2570 795 2596 atten-
878 2565 922 2596 46
937 2564 1016 2595 Fac.
1041 2575 1088 2594 or.
1112 2563 1325 2603 occultatum]
1355 2559 1451 2593 Nihil
1481 2565 1544 2598 est,

88 2607 186 2645 derit,
201 2607 296 2640 facile
310 2607 488 2648 intelligat.
500 2607 582 2639 adeo
593 2608 794 2646 redundant,

87 2655 122 2680 et
135 2650 276 2690 frigent!

129 2694 170 2723 45
186 2692 310 2724 Pectus
325 2693 515 2735 Polycleti]
548 2691 589 2724 In
604 2692 685 2724 Mss.
701 2692 790 2723 Pith.

86 2738 121 2764 et
135 2733 206 2765 Erf.
228 2735 357 2767 additur
373 2741 521 2768 ventrem
536 2740 568 2767 et
582 2745 696 2772 crura,
720 2745 792 2775 quae

84 2785 165 2809 sane
187 2787 255 2809 non
270 2779 426 2810 videntur
437 2780 559 2820 spuria.
607 2779 640 2809 Si
656 2785 736 2808 sunt
751 2778 793 2809 ab

88 2824 235 2858 auctore,
261 2830 384 2852 nomen
407 2822 545 2854 artificis
580 2819 715 2858 excidit,
752 2827 793 2851 ut

86 2868 174 2894 recte
190 2863 320 2904 judicat
335 2864 493 2896 Graevius.
537 2863 792 2903 Oudendorpius

836 2607 925 2638 unde
950 2607 1095 2648 pendeat
1120 2608 1316 2637 occultatur.
1360 2604 1448 2644 Quia
1471 2612 1546 2633 sen-

838 2651 947 2681 tentia
981 2650 1159 2690 copulatur
1202 2659 1279 2679 cum
1323 2646 1545 2688 praecedente,

834 2692 1044 2723 scribendum
1059 2692 1189 2723 videtur
1203 2693 1380 2732 occultare,
1402 2693 1444 2719 ut.
1465 2698 1544 2729 pen-

836 2735 912 2766 deat
927 2735 968 2766 ab
983 2740 1120 2775 oportet,
1144 2736 1206 2765 int.
1221 2733 1426 2765 sententiam
1440 2732 1475 2761 in
1490 2741 1544 2761 ex-

836 2778 947 2819 emplo
962 2777 1141 2808 latentem:
1168 2777 1230 2807 nisi
1254 2786 1328 2807 vero
1353 2774 1477 2815 aliquid
1489 2783 1545 2804 ex-

836 2820 929 2859 cidit,
947 2826 1005 2853 aut
1021 2820 1110 2852 aliud
1124 2821 1242 2851 vitium
1259 2820 1356 2850 inest.
