1945 3235
628 115 816 156 LIBER
846 115 1181 157 SECUNDUS,
1557 124 1634 159 295

187 229 338 264 ornate
355 222 441 265 dici
460 223 732 280 graviterque
752 221 921 262 debeat.
966 220 1112 277 Hujus
1134 231 1199 263 est
1220 222 1264 263 in
1285 223 1427 266 dando
1449 225 1629 268 consilio
1643 226 1679 281 9

187 279 241 320 de
261 281 463 322 maximis
486 281 611 322 rebus
633 294 732 321 cum
761 278 975 335 dignitate
1005 279 1223 336 explicata
1249 283 1484 324 sententia:
1517 284 1693 339 ejus-35

186 337 284 378 dem
318 348 361 379 et
390 339 633 394 languentis
663 336 810 393 populi
834 337 1046 387 incitatio,
1069 348 1112 377 ct
1147 337 1342 378 effrenati
1372 341 1626 383 moderatio.

190 393 352 436 Eadem
369 395 572 437 facultate
593 404 635 436 et
657 396 772 436 fraus
796 394 1020 434 hominum
1044 395 1098 435 ad
1120 396 1371 451 perniciem,
1391 406 1434 436 et
1456 397 1634 454 integri·

188 460 253 492 tas
278 454 331 494 ad
351 454 529 495 salutern
554 461 746 494 vocatur.
808 452 918 498 Quis
941 452 1159 493 cohortari
1181 453 1234 495 ad
1259 453 1458 496 virtutem
1484 455 1635 498 arden-

187 510 287 561 tius,
311 511 406 566 quis
428 525 452 551 a
472 510 590 551 vitiis
611 509 749 550 acrius
781 523 996 560 revocare,
1019 510 1113 565 quis
1146 511 1389 567 vituperare
1412 511 1634 567 improbos

186 569 390 624 asperius,
410 567 506 623 quis
535 567 708 610 laudare
729 567 866 607 bonos
889 567 1097 618 ornatius,
1127 568 1222 624 quis
1245 569 1530 624 cupiditatem
1560 585 1635 611 ve-

184 624 427 666 hementius
445 624 641 680 frangere
659 625 901 665 accusando
920 628 1092 681 potest?
1122 626 1218 682 quis
1236 640 1469 667 moerorem
1490 627 1631 670 levare

184 682 332 723 mitius
353 682 640 724 consolando?
674 681 873 723 Historia
893 697 1010 734 vero,
1024 683 1145 725 testis
1177 692 1437 739 temporum,
1459 685 1535 726 lux
1558 700 1628 727 ve·
1639 691 1692 726 36

181 739 334 791 ritatis,
357 740 447 780 vita
467 740 703 791 memorias,
724 740 933 796 magistra
957 741 1073 792 vitae,
1102 741 1257 782 nuntia
1281 743 1521 794 vetustatis,
1544 758 1630 801 qua

184 810 290 838 voce
311 796 408 848 alia,
431 798 512 839 nisi
543 797 737 848 oratoris,
760 797 1074 839 immortalitati
1097 799 1451 845 commendatur?
1513 800 1626 842 Nam
1641 814 1671 844 P·
1691 807 1757 838 119-

181 853 216 894 si
238 868 324 909 qua
346 864 412 896 est
434 870 499 897 ars
522 855 618 906 alia,
641 870 737 911 quae
763 856 1007 907 verborum,
1029 864 1104 897 aut
1125 856 1437 908 faciendorum,
1459 867 1533 899 aut
1554 859 1628 900 de·
1638 857 1669 879 δ’

179 910 452 967 ligendorum
482 913 707 954 scientiam
739 912 1015 969 profiteatur:
1048 916 1173 955 ‘Haut
1205 915 1238 955 si
1271 915 1500 972 quisquam
1522 916 1629 958 dici-

180 976 264 1020 tur,
287 970 368 1011 nisi
391 980 548 1021 orator,
581 970 764 1013 formare
798 971 1052 1022 orationem,
1085 986 1265 1027 eamque
1299 973 1460 1014 variare
1495 983 1538 1015 et
1565 974 1629 1016 di·

178 1026 397 1083 stinguere.
426 1029 546 1083 quasi
577 1029 834 1084 quibusdam
871 1030 1099 1070 verborum
1130 1030 1525 1088 sententiarumque
1563 1032 1628 1075 in-

180 1083 399 1139 signibus:
433 1096 507 1126 aut
529 1086 562 1126 si
586 1087 655 1126 via
676 1085 775 1136 ulla,
799 1086 881 1126 nisi
911 1087 965 1127 ab
996 1087 1077 1127 hac
1101 1101 1184 1128 una
1205 1096 1309 1138 arte,
1335 1089 1529 1141 traditur,
1551 1100 1627 1132 aut

177 1152 545 1198 argumentorum,
566 1153 639 1184 aut
664 1143 987 1195 sententiarum,
1009 1153 1084 1185 aut
1105 1145 1290 1200 denique
1321 1146 1622 1202 descriptionis

176 1208 308 1254 atque
334 1201 516 1242 ordinis:
549 1200 761 1242 fateamur
787 1212 861 1241 aut
884 1201 981 1252 1106,
1006 1202 1121 1257 quod
1140 1202 1234 1243 haec
1256 1217 1322 1242 ars
1352 1204 1621 1260 profiteatur,

175 1255 363 1300 alienum
384 1273 489 1310 esse,
508 1270 582 1300 aut
603 1274 702 1300 cum
725 1259 867 1315 aliqua
897 1259 980 1299 alia
1009 1269 1099 1300 arte
1120 1275 1211 1301 esse
1231 1275 1476 1307 commune,
1534 1263 1619 1306 vSed
1633 1274 1686 1314 37

176 1314 211 1354 si
234 1314 277 1355 111
300 1315 380 1357 hac
402 1331 487 1357 una
499 1326 563 1357 est
582 1331 631 1358 ea
652 1317 761 1357 ratio
784 1326 912 1372 atque
935 1317 1153 1360 doctrina:
1179 1333 1281 1369 non,
1296 1319 1329 1359 si
1352 1319 1425 1375 qui
1443 1319 1623 1367 aliarum

174 1373 331 1415 artium
356 1375 464 1415 bene
485 1374 620 1416 locuti
655 1384 766 1425 sunt,
789 1388 840 1414 eo
871 1375 1012 1415 minus
1042 1375 1084 1417 id
1118 1384 1183 1416 est
1216 1375 1344 1431 hujus
1377 1377 1500 1419 unius
1524 1393 1622 1434 prov

172 1429 340 1485 priurn;
385 1433 457 1473 sed
479 1440 527 1473 ut
555 1442 700 1473 orator
721 1432 773 1472 de
803 1432 854 1473 iis
889 1433 1029 1483 rebus,
1060 1448 1157 1489 quae
1191 1444 1430 1475 ceterarum
1465 1436 1622 1477 artium

172 1497 287 1540 sunt,
311 1489 344 1530 si
376 1490 506 1531 modo
527 1505 598 1532 eas
620 1489 836 1544 cognorit,
853 1494 924 1543 (ut
953 1490 1044 1530 heri
1069 1490 1247 1535 Crassus
1279 1492 1486 1545 dicebat)
1508 1494 1623 1550 opti-

170 1552 240 1586 me
274 1556 416 1603 potest
448 1548 614 1589 dicere:
647 1548 707 1588 sic
737 1559 975 1588 ceterarum
1009 1549 1166 1592 artium
1201 1549 1395 1591 homines
1425 1552 1617 1593 ornatius

171 1602 243 1644 illa
265 1619 340 1645 sua
357 1605 522 1656 dicunt,
546 1605 580 1645 si
601 1606 703 1661 quid
719 1606 772 1646 ab
795 1605 877 1646 hac
895 1615 986 1646 arte
1007 1606 1265 1649 didicerunt.
1327 1608 1481 1663 Neque
1501 1609 1615 1650 enim
1628 1613 1680 1647 38

169 1661 280 1703 side
313 1663 481 1704 rusticis
508 1664 634 1704 rebus
660 1663 850 1719 agricola
881 1664 1111 1720 quispiam,
1141 1673 1216 1705 aut
1245 1665 1375 1707 etiam
1412 1666 1470 1716 id,
1501 1667 1619 1723 quod

166 1719 307 1770 multi,
341 1720 531 1762 medicus
564 1721 616 1762 de
649 1722 827 1772 morbis,
849 1731 924 1765 aut
945 1721 997 1762 de
1031 1722 1252 1778 pingendo
1286 1723 1428 1779 pictor
1463 1723 1617 1780 aliquis

171 1776 330 1818 diserte
348 1778 522 1830 dixerit,
544 1787 619 1819 aut
640 1779 872 1835 scripserit,
895 1779 1057 1820 idcirco
1089 1779 1200 1821 illius
1223 1782 1326 1825 artis
1349 1782 1541 1838 putanda
1563 1783 1619 1824 sit

167 1833 440 1890 eloquentia:
465 1836 508 1876 in
530 1851 615 1891 qua
636 1836 738 1892 quia
759 1836 822 1876 vis
844 1851 1004 1892 magna
1024 1846 1089 1878 est
1104 1838 1147 1878 in
1170 1838 1396 1880 hominum
1416 1839 1616 1895 ingeniis,

169 1904 220 1932 eo
241 1892 363 1934 multi
384 1894 515 1934 etiam
538 1895 628 1935 sine
649 1894 848 1935 doctrina
865 1894 1026 1949 aliquid
1048 1896 1242 1937 omnium
1258 1910 1462 1952 generum
1486 1906 1617 1953 atque

166 1949 324 1991 artium
346 1960 691 2006 consequuntur:
725 1952 813 2004 sed,
834 1951 939 2007 quid
961 1952 1171 2008 cujusque
1194 1954 1248 1994 sit
1270 1955 1510 2010 proprium,
1533 1955 1614 2001 etsi

168 2021 224 2047 ex
249 2022 300 2049 eo
316 2008 504 2064 judicari
537 2018 693 2065 potest,
727 2024 827 2050 curn
859 2009 1030 2060 videris,
1062 2011 1165 2065 quid
1197 2026 1381 2067 quaeque
1411 2012 1611 2064 doceant,

163 2073 309 2106 tamen
332 2066 415 2107 hoc
434 2067 591 2107 certius
614 2066 722 2107 1111111
739 2081 831 2112 esse
862 2076 1019 2123 potest,
1041 2082 1171 2123 quam
1191 2069 1305 2126 quod
1330 2084 1479 2111 omnes
1501 2079 1613 2112 artes

161 2122 257 2164 alia:
281 2124 371 2164 sine
402 2123 649 2179 eloquentia
682 2139 807 2166 suum
828 2138 985 2166 munus
1023 2135 1227 2181 praestare
1250 2135 1444 2182 possunt,
1467 2138 1612 2176 orator

162 2181 253 2222 sine
274 2195 324 2222 ea
344 2196 502 2223 nomen
535 2197 660 2222 suum
691 2182 887 2223 obtinere
919 2197 1006 2224 non
1041 2191 1206 2239 potest:
1238 2193 1287 2225 ut
1319 2185 1464 2237 ceteri,
1488 2186 1522 2226 si
1544 2186 1609 2227 di-

158 2238 259 2279 serti
283 2239 382 2290 sint,
405 2239 566 2295 aliquid
589 2241 642 2281 ab
665 2239 749 2281 hoc
768 2240 981 2283 habeant:
1014 2240 1086 2281 hic
1104 2241 1188 2282 nisi
1210 2242 1458 2285 domesticis
1479 2257 1523 2284 se
1542 2243 1608 2286 111-’

157 2297 363 2338 struxerit
383 2297 536 2353 copiis,
558 2297 729 2339 aliunde
751 2298 922 2339 dicendi
945 2298 1119 2354 copiam
1143 2309 1288 2355 petere
1310 2315 1397 2342 non
1420 2301 1571 2356 possit.

217 2352 328 2395 Tum
352 2353 547 2406 Catulus,
580 2354 688 2406 Etsi,
712 2355 868 2411 inquit,
890 2354 1072 2407 Antoni,
1093 2357 1274 2399 minime
1304 2358 1602 2414 impediendus
1622 2364 1688 2412 10

155 2420 220 2452 est
240 2411 583 2468 interpellatione
606 2413 686 2454 iste
718 2428 865 2457 cursus
891 2414 1099 2455 orationis
1134 2426 1236 2466 tuae,
1261 2417 1423 2471 patiere
1442 2425 1667 2471 tamen,39

164 2469 356 2524 mihique
375 2470 587 2526 ignosces.
648 2469 747 2512 Non
767 2471 873 2512 enim
887 2485 1063 2526 possum,
1085 2472 1186 2527 quin
1206 2473 1436 2524 exclamem,
1466 2483 1516 2514 ut
1545 2475 1606 2516 ait

162 2525 232 2566 ille
254 2526 297 2567 in
318 2526 596 2571 Trinummo:
630 2528 692 2569 ita
721 2528 829 2570 mihi
851 2530 891 2560 28
907 2529 994 2570 vim
1025 2530 1206 2571 oratoris
1238 2540 1332 2578 turn
1362 2531 1607 2588 exprimere

203 2641 243 2673 27
277 2645 337 2671 aut
360 2642 388 2671 εἰ
420 2643 621 2683 quisquam]
680 2645 750 2675 Aut
785 2653 860 2674 eum
903 2643 990 2682 quod
1005 2643 1097 2674 valde
1119 2645 1254 2677 arridet.
1299 2645 1438 2677 Dixerat
1453 2646 1554 2683 enim,
1567 2650 1606 2678 ut

164 2681 296 2712 Pearcio
319 2683 511 2723 addidimus,
527 2692 640 2726 estque
656 2687 690 2717 in
710 2687 782 2718 edd.
809 2696 858 2726 pr.
904 2695 1002 2726 supra
1016 2692 1079 2723 est,
1095 2686 1135 2717 de
1156 2689 1296 2718 veritate
1319 2689 1411 2719 artis,
1433 2694 1506 2719 tum
1530 2699 1608 2720 mox

159 2727 196 2754 et
223 2724 286 2755 Ms.
315 2725 355 2756 E.
382 2728 445 2758 ‘nisi
470 2733 581 2759 orator
605 2730 713 2760 intell.
738 2733 862 2770 proeter
903 2727 968 2758 hue
983 2734 1134 2768 spectant
1150 2730 1224 2761 illa:
1248 2735 1394 2761 vestrum
1405 2741 1471 2761 esse
1485 2733 1542 2761 hoc
1562 2736 1608 2762 to-

163 2771 341 2805 oratorem,
355 2773 394 2799 ut
409 2779 496 2808 mox,
511 2776 546 2801 et
558 2772 644 2802 infra
658 2782 686 2802 c.
699 2775 751 2803 45.
768 2777 852 2803 extr.
904 2775 976 2801 tum
994 2772 1111 2802 diserte
1125 2773 1242 2810 dicere,
1257 2774 1352 2813 idque
1365 2775 1394 2804 εἰ
1407 2775 1479 2814 quis
1492 2774 1527 2808 in
1538 2775 1609 2804 alia

202 2811 241 2840 2⁸8
258 2811 323 2840 vim
338 2814 475 2843 oratoris
489 2818 561 2844 tum
575 2814 682 2854 emptu]
703 2816 790 2846 Tum
802 2823 862 2854 pro
907 2818 982 2844 arte
993 2813 1123 2854 faciat,
1138 2825 1213 2845 eum
1239 2820 1384 2846 assumto
1405 2817 1540 2849 aliunde
1560 2818 1611 2848 uti

160 2860 236 2881 oum
250 2863 289 2882 ex
301 2852 373 2883 edd.
387 2864 435 2894 pr.
451 2856 537 2894 quod
550 2860 599 2886 est
610 2857 754 2889 mollins.
798 2857 861 2887 Ed.
908 2857 997 2895 bono,
1010 2867 1073 2887 non
1084 2859 1232 2898 proprio,
1248 2868 1305 2889 nec
1317 2868 1384 2890 suo.

160 2894 231 2925 sine
254 2894 277 2926 1.
295 2900 327 2927 et
340 2906 371 2928 a.
397 2897 495 2930 habet
517 2901 618 2931 etiam
626 2897 688 2940 jus
703 2901 860 2933 oraton-'51

850 2948 926 2984 154
