1945 3235
531 187 717 227 LIBER
751 186 1080 225 SECUNDUS.
1455 191 1531 231 373

95 299 204 332 taret
230 301 304 333 aut
325 292 491 345 melius,
513 302 586 334 aut
618 293 766 333 eodem
798 291 927 332 modo
959 305 1003 331 se
1037 303 1159 346 posse
1181 289 1341 332 dicere.
1375 291 1532 333 Crasso

92 346 278 400 dicente,
303 364 370 391 ne·
371 366 428 391 no
463 361 547 391 tam
582 364 800 406 arrogauS,
834 349 907 404 qui
933 347 1127 389 similiter
1158 361 1203 387 se
1236 363 1437 403 umquam
1467 350 1532 390 di-

92 413 263 447 cturum
303 423 392 448 esse
424 407 672 449 confideiffet
735 406 1045 455 Quamobrem,
1077 419 1131 445 ne
1162 404 1318 445 flustra
1351 405 1393 445 hi
1427 406 1529 447 tales

95 461 172 503 viri
209 465 416 515 venerint,
451 475 492 505 te
524 463 768 519 aliquando,
807 462 974 527 Crasse,
1005 462 1242 502 audiamus
1293 460 1403 502 Turn
1444 462 1526 514 ille,
1542 471 1614 526 90

99 519 158 560 Lt
181 521 240 561 ita
262 522 343 562 ista
369 536 460 562 esse
488 521 738 571 concedam,
764 520 918 575 inquit,
941 519 1120 570 Antoni,
1147 534 1243 583 q-uae
1276 529 1374 559 suut
1401 518 1528 575 longe
1540 543 1617 577 365

91 590 226 628 secus,
260 579 360 634 quid
395 578 500 618 mihi
540 587 584 618 tu
620 578 791 618 tandem
827 577 969 628 hodie,
1002 586 1078 617 aut
1111 577 1310 632 cuiquam
1351 576 1531 640 homini,

93 636 207 689 quod
240 636 323 677 dici
361 635 509 692 possit,
541 635 776 700 reliquisti?
811 633 965 676 Dicam
997 634 1111 675 enim
1138 648 1248 685 vere,
1282 633 1531 675 amicissimi

96 691 305 744 homines,
327 693 439 748 quod
465 693 628 734 sentio:
662 706 776 748 saepe
798 706 880 749 ego
901 692 1054 733 doctos
1080 691 1290 741 homines,
1311 691 1413 746 quid
1434 691 1533 732 ‹lico

94 752 237 805 saepe?
284 751 414 790 immo
453 764 803 814 nonnumquam:
837 764 952 805 saepe
988 749 1119 799 enim,
1163 749 1236 804 qui
1280 748 1417 803 potui,
1459 749 1533 804 qui

95 819 199 860 puer
221 807 261 848 in
287 806 426 848 forum
452 807 654 857 venerim,
676 821 814 862 neque
838 807 937 847 inde
972 821 1173 862 umquam
1205 805 1380 857 diutius,
1403 820 1535 861 quam

94 874 283 918 quaestor
304 864 544 906 abfuerim?
576 865 648 905 sed
682 873 824 905 tamen
858 864 1018 915 audivi,
1047 872 1094 904 ut
1128 863 1217 903 heri
1250 839 1463 914 dicebam,
1490 872 1534 904 et

95 921 276 961 Athenis
311 937 406 962 cum
448 936 598 973 essem,
637 921 910 963 doctissimos
943 922 1071 972 vir,os
1105 930 1148 961 et
1185 921 1226 961 in
1259 919 1364 961 Asia
1403 923 1534 962 istum

95 977 231 1034 ipsum
258 979 482 1035 Scepsium
507 979 937 1029 Met1odorum,cum
953 979 1006 1019 de
1023 979 1122 1019 his
1114 978 1216 1034 ipsis
1240 979 1364 1019 rebus
1386 978 1533 1034 dispu-
1544 988 1576 1019 b.

94 1043 216 1076 taret.
252 1051 390 1092 neque
413 1052 512 1077 vero
546 1037 651 1077 mihi
685 1037 912 1091 quisquam
942 1036 1159 1092 copiosius
1189 1051 1394 1090 umquam
1420 1036 1535 1076 visus

94 1103 172 1144 est,
196 1108 334 1149 neque
357 1094 587 1135 subtilius
579 1110 619 1135 1n
645 1094 727 1134 hoc
750 1108 905 1150 genere
928 1093 1114 1144 dicendi,
1137 1108 1266 1148 quam
1291 1093 1370 1134 iste
1392 1093 1537 1144 hodie,

94 1164 185 1191 esse
211 1161 414 1192 versatus.
438 1152 551 1207 quod
577 1152 609 1192 si
633 1162 743 1192 esset
750 1127 902 1201 samer,
925 1160 968 1191 et
989 1151 1150 1206 aliquid
1175 1150 1458 1207 intelligerem
1482 1150 1537 1192 ab

93 1206 287 1249 Antonio
308 1209 668 1265 praetermissum:
701 1223 786 1249 non
810 1222 944 1248 essem
965 1217 1052 1248 tam
1072 1209 1393 1258 im11banus‚ac
1413 1223 1538 1264 paene

94 1264 369 1317 inhumanus,
414 1266 474 1307 uti
512 1281 563 1307 eo
605 1280 818 1321 gravarer,
851 1266 965 1320 quod
1010 1280 1084 1306 vos
1121 1279 1276 1321 cupere
1318 1266 1535 1306 semu-,em

93 1320 203 1363 Tum
226 1324 456 1388 Sulpicius,
488 1323 555 1364 An
579 1338 698 1379 e100,
730 1323 885 1378 iuquit,
920 1323 1079 1363 oblitus
1113 1337 1172 1374 eS‚
1205 1322 1373 1373 Crasse,
1396 1322 1534 1363 Anto·
1545 1327 1624 1363 366

94 1380 211 1420 nium
238 1380 296 1421 ita
326 1382 530 1436 partitum
559 1395 649 1421 esse
673 1391 830 1431 tecum,
854 1390 901 1420 ut
924 1380 1014 1436 ipse
1038 1380 1369 1421 instrumentum
1393 1390 1536 1421 orato-

94 1436 149 1477 ris
172 1451 424 1494 exponeret,
457 1438 534 1479 tibi
560 1438 651 1494 ejus
675 1438 998 1478 distinctionem
1025 1448 1154 1493 atque
1181 1448 1380 1478 ornatum
1411 1437 1538 1478 relin-

93 1497 271 1549 queret?
304 1495 391 1536 Hic
415 1495 497 1546 ille,
523 1495 732 1547 Primum,
754 1495 849 1551 quis
869 1493 1064 1536 Antonio
1085 1495 1292 1551 permisit,
1312 1495 1468 1550 inquit,
1492 1505 1540 1536 ut

93 1561 135 1592 et
160 1562 298 1617 partes
332 1552 506 1604 faceret,
539 1562 596 1603 et,
628 1562 764 1593 utram
792 1552 930 1603 vellet,
961 1552 1076 1609 prior
1105 1553 1197 1608 ipse
1220 1554 1433 1594 sumeret?
1464 1552 1538 1593 de-

94 1608 207 1660 inde,
245 1610 277 1650 si
313 1624 394 1666 ego
431 1621 543 1651 recte
578 1610 784 1660 intellexi,
822 1625 920 1651 cum
957 1610 1077 1650 valde
1111 1609 1293 1651 libenter
1329 1609 1536 1662 audirem,

94 1667 200 1707 mihi
231 1667 464 1723 conjuncte
493 1677 558 1708 est
581 1668 694 1708 visus
725 1667 777 1708 de
813 1676 992 1732 utraque
1023 1682 1066 1708 re
1101 1667 1258 1709 dicere
1320 1666 1396 1707 Ille
1422 1681 1536 1718 vero,
1573 1719 1576 1721 Α

94 1724 237 1779 inquit
267 1723 414 1775 Cotta,
446 1735 698 1765 ornamenta
727 1725 933 1765 orationis
966 1739 1051 1765 non
1086 1724 1248 1780 attigit,
1270 1739 1409 1780 neque
1441 1739 1537 1766 eam

92 1781 277 1833 laudern,
314 1796 367 1822 ex
401 1797 486 1837 qua
516 1782 760 1837 eloquentia
788 1797 945 1823 nomen
980 1783 1120 1838 ipsum
1154 1782 1333 1822 invenit.
1394 1781 1538 1823 Verba

96 1838 242 1894 igitur,
282 1839 423 1894 inquit
458 1838 650 1891 Crassus,
696 1839 800 1880 mihi
842 1839 1014 1895 reliquit
1053 1839 1284 1890 Antonius,
1317 1853 1403 1880 rem
1445 1839 1537 1896 ipse

96 1896 262 1937 sumsit.
323 1896 433 1937 'lum
462 1896 623 1947 Caesar,
655 1897 716 1948 Si,
748 1897 862 1952 quod
898 1896 1116 1938 difficilius
1150 1906 1229 1948 est,
1259 1896 1301 1937 id
1334 1896 1414 1938 tibi
1441 1897 1537 1938 reli·
1548 1906 1626 1946 367

95 1953 211 2008 quit3
243 1962 306 1994 est
330 1954 467 2005 nobis,
491 1954 646 2010 inquit,
677 1969 820 2005 causa,
842 1968 918 1995 cur
941 1962 982 1994 te
1004 1954 1152 1995 audire
1175 1955 1424 2011 cupiamus.
1458 1954 1539 2006 sin,

96 2011 210 2064 quod
236 2009 427 2063 facilius,
460 2011 540 2052 tibi
562 2026 690 2052 causa
710 2026 798 2052 non
822 2021 900 2063 est,
922 2026 998 2053 cur
1021 2026 1201 2052 recuses
1265 2010 1321 2051 Et
1344 2010 1541 2064 Catulus,

96 2067 230 2118 Quid,
253 2069 369 2122 quod
391 2069 556 2120 dixisti,
580 2068 734 2124 inquit,
759 2068 926 2120 Crasse,
950 2068 983 2109 si
1006 2068 1075 2109 hic
1097 2068 1226 2110 hodie
1249 2068 1363 2124 apud
1387 2078 1428 2109 te
1452 2084 1542 2110 ma-

93 2139 305 2176 neremuS,
329 2137 370 2167 te
393 2141 555 2167 morem
579 2126 702 2167 nobis
737 2141 828 2167 esse
861 2135 1098 2182 gesturum,
1132 2125 1295 2166 nihilne
1328 2126 1381 2167 ad
1412 2125 1542 2168 fidem

98 2192 214 2223 tuam
247 2193 372 2237 putas
401 2184 637 2240 pertinere?
668 2182 778 2224 Tum
805 2183 947 2224 Cotta
971 2184 1127 2233 ridens,
1153 2183 1331 2225 Possem
1358 2183 1452 2234 tibi,
1476 2184 1542 2225 in-

95 2239 205 2294 quit,
230 2239 397 2291 Crasse,
418 2241 680 2282 concedere·
715 2241 786 2282 sed
811 2241 922 2292 vide,
944 2256 998 2282 ne
1020 2241 1122 2296 quid
1149 2240 1329 2282 Catulus
1348 2241 1542 2283 attulerit

96 2296 331 2352 religionis.
362 2313 469 2353 opus
499 2298 583 2339 hoc
617 2299 859 2339 censorium
893 2307 971 2339 est.
1002 2298 1046 2339 id
1081 2308 1225 2339 autern
1256 2299 1542 2350 committere,

97 2354 194 2394 vide
216 2369 344 2409 quam
368 2356 423 2395 sit
454 2355 617 2396 homini
655 2367 778 2412 turpe
811 2356 1022 2396 censorio.
1083 2355 1216 2412 Aoite
1239 2370 1354 2407 vero,
1378 2355 1446 2396 ille
1477 2356 1542 2396 in-

94 2412 204 2466 quit,
228 2421 274 2452 ut
297 2412 439 2454 vultis.
463 2413 534 2454 sed
559 2428 671 2454 nunc
701 2413 891 2468 quidem,
914 2413 1119 2468 quoniam
1127 2389 1195 2454 bid
1229 2413 1432 2469 temporis
1462 2423 1541 2465 est,

99 2470 358 2527 surgendum
382 2485 551 2520 censeo,
571 2481 614 2511 et
637 2470 1015 2525 requiescendum:
1050 2481 1147 2525 post
1171 2470 1407 2521 meridiem,
1430 2470 1462 2511 si
1482 2471 1543 2511 ita

101 2526 223 2580 vobis
241 2537 305 2567 est
326 2528 619 2578 commodum,
642 2528 866 2582 loquemur
888 2527 1065 2582 aliquid,
1089 2527 1169 2567 nisi
1193 2526 1334 2568 forte
1327 2542 1369 2567 in
1392 2528 1543 2569 crasti-

99 2592 203 2623 num
233 2583 404 2626 differre
436 2560 652 2626 mavultis.
714 2584 876 2626 Omnes
909 2599 952 2624 se
985 2584 1049 2625 vel
1082 2584 1243 2635 statim,
1278 2584 1378 2636 vel,
1388 2585 1421 2625 si
1452 2585 1544 2641 ipse

103 2649 201 2696 post
253 2643 473 2684 meridiem
515 2642 674 2694 mallet,
718 2642 1038 2698 quamprimum
1075 2652 1217 2683 tamen
1257 2617 1404 2684 audire
1441 2642 1542 2685 velle

101 2698 320 2740 dixerunt.

760 2984 885 3027 nb3
