1945 3235
650 177 836 217 LIBER
867 177 1106 216 PRIMUS.
1511 183 1588 218 233

165 280 295 333 bitur,
317 297 445 338 quam
469 282 659 324 Platonis
681 282 874 323 oratione
902 281 1109 322 crevisse:
1140 289 1183 321 et
1213 281 1326 336 quod
1356 282 1425 323 ille
1455 283 1591 324 duris-

165 338 282 379 simis
314 341 492 395 pedibus
513 340 628 391 fecit,
651 349 698 379 ut
729 353 772 379 se
802 338 1007 393 abjiceret
1027 340 1066 369 20
1082 339 1124 378 in
1155 338 1345 388 herbam,
1374 351 1501 395 atque
1532 341 1592 382 ita

168 394 253 445 illa,
275 411 370 450 quae
394 397 637 454 philosophi
659 396 864 437 divinitus
894 395 1036 435 ferunt
1057 409 1146 435 esse
1176 395 1306 444 dicta,
1335 395 1590 450 loqueretur,

166 451 209 492 id
234 454 337 494 meis
358 454 536 509 pedibus
558 464 671 494 certe
700 453 877 494 concedi
899 462 963 493 est
993 453 1170 506 aequius.
1230 451 1339 493 Tum
1365 451 1562 493 Crassum
1579 463 1652 499 :29

168 507 309 551 Immo
336 525 436 551 vero
467 511 734 551 commodius
763 510 917 561 etiam,
948 509 1230 565 pulvinosque
1260 511 1519 565 poposcisse,
1548 521 1591 551 et
1603 511 1634 551 ὓς

166 580 314 607 omnes
344 568 386 608 in
419 568 470 607 iis
500 568 685 619 sedibus,
714 582 809 623 quae
832 576 952 607 erant
982 567 1060 607 sub
1091 566 1278 622 platano,
1299 569 1335 598 521
1351 568 1593 609 consedisse

161 623 346 664 dicebat.

219 680 302 731 Ibi,
324 690 371 720 ut
401 694 454 721 ex
486 681 665 737 pristino
689 695 881 722 sermone
911 679 1200 721 relaxarentur
1229 680 1360 721 animi
1382 681 1636 734 omnium,8

161 737 324 778 solebat
346 737 478 778 Cotta
499 753 680 789 narrare,
704 738 905 779 Crassum
927 752 1164 778 sermonem
1186 738 1398 793 quendam
1420 739 1472 780 de
1502 749 1590 780 stu-

160 794 233 834 dio
253 794 422 835 dicendi
448 795 654 836 intulisse.
708 796 795 842 Qui
818 810 914 836 cum
938 795 997 835 ita
1018 805 1127 835 esset
1148 809 1350 837 exorsus:
1384 795 1484 837 Non
1508 797 1588 838 sibi
1601 809 1653 842 30

159 851 471 892 cohortandum
506 852 742 908 Sulpicium
775 863 817 893 et
855 852 1045 903 Cottam,
1082 853 1154 893 sed
1187 853 1325 908 magis
1364 862 1592 910 utrumque

160 908 488 950 collaudandum
520 910 669 961 videri,
707 910 821 965 quod
856 920 1017 950 tantam
1044 910 1138 965 jam
1171 920 1311 951 essent
1344 909 1593 954 facultatem

158 964 317 1021 adepti,
349 976 396 1006 ut
429 982 515 1007 non
549 968 783 1022 aequalibus
822 968 907 1007 suis
944 967 1079 1007 solum
1116 978 1490 1023 anteponerentur,
1520 970 1593 1011 sed

159 1036 256 1063 cum
300 1023 535 1078 majoribus
578 1037 680 1065 natu
717 1034 1078 1080 compararentur.
1157 1025 1309 1080 Neque
1347 1040 1446 1067 vero
1484 1027 1592 1068 mihi

157 1080 407 1135 quidquam,
431 1081 584 1136 inquit,
614 1083 898 1138 praestabilius
931 1082 1110 1131 videtur,
1133 1097 1260 1137 quam
1294 1097 1416 1138 posse
1445 1084 1591 1125 dicen-

156 1137 213 1177 do
237 1146 379 1179 tenere
410 1138 634 1180 hominum
655 1149 811 1190 coetus,
842 1147 1005 1179 mentes
1036 1139 1216 1189 allicere,
1240 1141 1480 1181 voluntates
1511 1142 1591 1182 im-

157 1194 326 1250 pellere,
349 1197 388 1227 22
401 1211 486 1250 quo
511 1196 633 1238 velit:
666 1197 778 1237 unde
798 1208 940 1237 autem
963 1194 1079 1246 velit,
1101 1195 1322 1237 deducere.
1373 1197 1484 1239 Haec
1507 1213 1591 1239 una

155 1265 222 1291 res
253 1252 294 1292 in
318 1254 435 1293 omni
466 1253 600 1294 libero
623 1254 798 1309 populo,
820 1253 1092 1308 maximeque
1123 1254 1166 1293 in
1200 1254 1360 1309 pacatis
1385 1256 1590 1310 tranquil-

156 1308 292 1364 lisque
314 1310 576 1361 civitatibus,
608 1312 824 1367 praecipue
855 1324 1020 1366 semper
1042 1311 1202 1361 floruit,
1233 1326 1482 1368 semperque
1512 1313 1588 1353 do-

158 1366 323 1407 minata
342 1376 420 1407 est.
481 1368 598 1414 Quid
620 1368 735 1408 enim
766 1377 828 1408 est
857 1378 932 1408 aut
964 1378 1049 1408 tam
1081 1368 1344 1419 admirabile,
1375 1384 1502 1424 quam
1532 1384 1585 1411 ex
1599 1383 1647 1417 31

157 1422 326 1464 infinita
351 1424 626 1465 multitudine
657 1425 878 1466 hominum
902 1424 1108 1465 exsistere
1135 1440 1280 1477 unum,
1299 1427 1371 1481 qui
1394 1427 1450 1477 id,
1473 1429 1588 1483 quod

155 1481 355 1521 omnibus
387 1492 538 1522 natura
559 1482 614 1522 sit
635 1482 798 1533 datum,
820 1481 887 1522 vel
909 1481 1037 1533 solus,
1061 1482 1126 1522 vel
1148 1497 1244 1523 cum
1278 1485 1425 1539 paucis
1450 1485 1592 1527 facere

156 1538 318 1593 possit?
350 1549 424 1579 aut
446 1548 532 1580 tam
548 1539 791 1594 jucundum
814 1539 993 1595 cognitu
1022 1549 1149 1594 atque
1181 1541 1344 1592 auditu,
1366 1557 1496 1597 quam
1527 1557 1593 1583 sa-

187 1595 372 1636 ientibus
395 1597 617 1637 sententiis
639 1598 926 1653 gravibusque
949 1597 1088 1638 verbis
1110 1607 1260 1638 ornata
1282 1600 1420 1640 oratio
1442 1609 1485 1640 et
1516 1615 1593 1656 po-

154 1609 257 1693 lita?
299 1662 373 1693 aut
407 1664 494 1694 tam
532 1664 698 1709 potens,
738 1663 911 1709 tamque
944 1654 1238 1710 magnificum,
1277 1671 1404 1711 quam
1444 1658 1592 1713 populi

154 1718 313 1760 motus,
337 1711 537 1765 judicum
568 1712 809 1767 religiones,
842 1714 1011 1752 senatus
1044 1713 1315 1767 gravitatem,
1342 1714 1467 1754 unius
1497 1730 1591 1756 ora-

155 1767 273 1806 tione
303 1769 495 1808 converti
511 1771 535 1815 ἓ,
556 1769 674 1815 Quid
702 1778 787 1809 tam
820 1783 947 1824 porro
970 1770 1152 1824 regium,
1176 1782 1260 1810 tam
1293 1771 1479 1822 liberale,
1502 1781 1587 1812 tam
1600 1788 1651 1822 3⁶2

156 1823 425 1875 munificum,
447 1840 575 1880 quam
599 1840 725 1881 opem
747 1826 854 1866 ferre
876 1825 1157 1882 supplicibuS,
1180 1827 1370 1869 excitare
1392 1829 1590 1880 afflictos,

153 1879 254 1920 dare
292 1881 486 1933 salutem,
516 1882 694 1923 liberare
727 1883 940 1939 periculis,
972 1883 1153 1924 retinere
1184 1884 1379 1926 homines
1413 1886 1454 1927 in
1485 1887 1591 1927 civi-

154 1940 270 1978 tate?
303 1938 419 1985 Quid
453 1950 595 1980 autem
627 1951 714 1980 tam
755 1940 1054 1991 necessarium,
1083 1955 1211 1995 quam
1245 1952 1388 1983 tenere
1426 1958 1593 2000 semper

153 2008 284 2044 arma,
316 1997 471 2050 quibus
504 1997 569 2037 vel
600 2006 737 2038 tectus
773 1998 863 2053 ipse
897 2011 988 2037 esse
1024 1999 1176 2053 possis,
1204 1998 1272 2039 vel
1306 2001 1345 2030 23
1358 2015 1592 2056 provocare

156 2050 392 2107 improbos,
424 2053 490 2094 vel
529 2063 570 2094 te
606 2054 753 2095 ulcisci
793 2054 1037 2097 lacessitus?
1069 2054 1165 2110 Age
1194 2070 1308 2107 vero,
1340 2071 1392 2097 ne
1424 2073 1591 2115 semper

155 2107 313 2160 forum,
337 2110 549 2161 subsellia,
573 2121 723 2162 rostra,
745 2112 993 2166 curiamque
1016 2113 1233 2167 meditere,
1256 2114 1358 2169 quid
1381 2129 1471 2156 esse
1495 2125 1590 2171 pot-

150 2175 217 2206 est
237 2167 281 2208 in
303 2167 394 2208 otio
417 2176 490 2208 aut
515 2168 765 2223 jucundius,
787 2178 862 2209 aut
890 2169 1031 2224 magis
1051 2170 1273 2225 proprium
1296 2172 1590 2224 humanitatis,

151 2237 280 2278 quam
313 2239 451 2265 sermo
475 2224 640 2266 facetus
671 2241 721 2267 ac
751 2226 866 2267 nulla
896 2226 941 2266 in
970 2240 1013 2266 re
1049 2227 1192 2269 rudis?
1225 2227 1325 2270 Hoc
1355 2230 1469 2272 enim
1503 2245 1589 2272 uno
1636 2270 1642 2276 ,

151 2291 405 2335 praestamus
439 2282 504 2323 vel
533 2283 722 2324 maxime
753 2283 867 2334 feris,
898 2283 1013 2338 quod
1041 2283 1326 2339 colloquimur
1356 2287 1467 2328 inter
1498 2303 1590 2338 nOS,

151 2348 196 2378 et
226 2339 340 2392 quod
363 2341 605 2395 exprimere
635 2341 817 2381 dicendo
842 2355 964 2381 sensa
994 2355 1234 2396 possumus,
1296 2344 1589 2390 Quamobrem
1602 2351 1652 2386 33

152 2394 247 2449 quis
271 2395 353 2436 ho'c
384 2411 470 2437 non
495 2397 595 2451 jure
627 2398 817 2448 miretur,
849 2412 1098 2453 summeque
1129 2399 1170 2439 in
1204 2415 1254 2441 eo
1284 2401 1592 2445 elaborandum

152 2466 242 2492 esse
272 2452 516 2504 arbitretur,
549 2463 609 2504 ut,
631 2470 717 2509 quo
748 2470 833 2495 uno
856 2455 1051 2495 homines
1084 2457 1272 2498 maxime
1305 2458 1451 2499 bestiis
1485 2474 1594 2514 prae-

152 2519 280 2561 stent,
309 2510 353 2550 in
384 2510 466 2551 hoc
497 2511 745 2553 hominibus
776 2513 879 2568 ipsis
918 2512 1169 2555 antecellat?
1207 2515 1262 2556 Ut
1294 2530 1391 2556 vero
1419 2516 1514 2571 jam
1541 2517 1595 2558 ad

195 2664 236 2694 20
263 2664 300 2694 ln
323 2666 482 2706 herbam]
509 2667 591 2698 Edd.
605 2668 659 2699 W.
683 2679 707 2700 s.
731 2668 752 2699 l.
766 2673 800 2699 et
822 2679 853 2700 a.
938 2672 978 2701 ⁶22
1001 2671 1076 2712 ‚Quo
1089 2674 1187 2702 velit.-
1209 2672 1295 2703 unde
1314 2673 1418 2714 velih]
1440 2674 1516 2704 Sine
1539 2674 1596 2705 du-

151 2705 232 2735 item
256 2706 319 2736 Ms.
345 2708 384 2738 E.
411 2711 523 2746 herba,
547 2711 635 2750 quod
661 2712 853 2751 exquisitius
894 2712 949 2741 bio
976 2720 1115 2753 utroque
1143 2714 1214 2745 loco
1243 2715 1416 2754 legendum
1445 2718 1534 2754 velis,
1558 2722 1596 2747 ut

154 2754 252 2786 atque
268 2750 404 2780 sortasse
420 2753 534 2783 verius.
898 2754 994 2785 facile
1008 2757 1143 2795 quisque
1157 2756 1344 2788 admonitus
1355 2759 1487 2789 sentiet.

193 2792 229 2821 21
261 2790 440 2823 Consedisse
459 2795 609 2834 dicebat]
638 2795 702 2825 Hic
724 2794 852 2826 facilius
938 2799 977 2827 23
995 2797 1180 2830 provocare
1198 2800 1381 2840 improbos]
1407 2801 1460 2831 Sic
1482 2809 1597 2830 omnes

153 2831 256 2862 feram
279 2834 414 2865 dicebat.
460 2836 530 2867 Nec
556 2842 669 2867 tamen
693 2838 853 2868 desidera-
895 2837 965 2868 edd.
992 2845 1072 2870 vett.
1102 2847 1253 2880 recteque
1273 2844 1348 2881 jam
1369 2852 1428 2883 pro
1455 2843 1600 2880 integros

151 2883 235 2909 rem,
263 2875 288 2904 si
325 2876 463 2909 abesset.
506 2879 687 2911 Lambinus
719 2880 852 2921 quidem
896 2882 1042 2912 restituit
1056 2882 1221 2919 Pearcius,
1234 2884 1321 2922 quod
1336 2890 1449 2915 tamen
1464 2895 1481 2916 e
1498 2883 1600 2915 codd.

148 2915 252 2956 ,deleri
268 2917 409 2952 volebat.
895 2923 995 2955 venit.
1013 2933 1090 2959 nam
1107 2929 1141 2956 et
1156 2924 1226 2957 Erl.
1241 2927 1287 2957 sic
1303 2926 1413 2959 habet.
