1945 3235
556 133 744 174 LIBER
778 131 1102 171 SECUNDUS.
1482 136 1562 176 *171

118 240 377 286 laborarent.
436 239 503 282 Ac
523 239 559 284 si
579 253 654 296 par
676 239 721 279 in
743 237 869 279 nobis
891 235 1021 291 hujus
1044 236 1161 286 artis,
1184 243 1313 291 atque
1335 237 1380 278 in
1402 236 1474 278 illo
1497 238 1564 293 pi-

120 308 271 350 eturae,
304 298 485 341 scientia
512 297 678 348 fuisset,
710 296 891 337 fortasse
923 293 1062 349 magis
1097 293 1182 334 hoc
1221 307 1298 333 suo
1326 294 1369 334 in
1409 307 1565 350 genere

122 371 231 411 opus
264 366 472 406 nostrum,
497 359 657 411 &quam
691 354 761 395 ille
796 353 840 393 in
873 366 950 392 sua
983 351 1152 407 pictura
1182 350 1339 390 nobilis
1370 352 1587 392 eniteret..

124 412 193 455 Ex
223 415 388 471 majore
417 413 531 458 enim
565 412 693 468 copia
723 410 864 461 nobis,
896 423 1025 464 quam
1053 408 1128 459 illi,
1156 406 1240 448 fuit
1269 407 1567 462 exemplorum

123 471 313 528 eligendi
332 479 541 528 potestas.
568 495 571 497 >
591 469 668 510 Ille
690 483 776 509 una
798 482 853 508 ex
874 467 995 517 urbe,
1018 475 1062 507 et
1083 480 1137 506 ex
1160 478 1210 505 eo
1232 478 1413 504 numero
1437 465 1567 520 virgi-

122 544 241 580 num,
275 544 372 584 quae
406 537 496 569 tum
527 535 661 577 erant,
693 525 850 581 eligere
879 524 1049 580 potuit:
1081 522 1207 564 nobis
1235 521 1444 572 omnium,
1475 522 1570 576 qui-

122 601 308 642 cumque
347 585 533 635 fuerunt,
565 585 619 624 ab
653 583 806 624 ultimo
847 581 1062 638 principio
1100 579 1230 635 hujus
1266 578 1570 635 praeceptionis

123 658 260 700 usque
290 644 342 689 ad
367 643 456 683 ¹hoc
480 651 664 697 tempus,
686 639 896 696 expositis
923 639 1074 695 copiis,
1097 637 1400 694 quodcumque
1430 636 1571 692 place-

123 710 204 752 ret,
226 700 413 757 eligendi
434 707 624 755 potestas
647 698 746 740 fuit..

182 758 249 799 Ac
272 770 432 800 veteres
455 757 630 812 quidem
653 757 883 812 scriptores
913 754 1029 805 artis,
1055 768 1186 809 usque
1217 768 1242 794 a
1272 752 1468 809 principe
1500 750 1607 792 ill06

129 826 259 871 atque
292 815 516 857 inventore
544 813 662 856 Tisia
694 813 915 870 repetitos,
946 826 1080 852 unum
1111 812 1155 852 in
1188 811 1330 852 locum
1362 808 1679 851 conduxitp-ffl-

129 872 400 924 Aristoteles,
431 882 474 913 et
503 872 762 913 nominatim
793 870 1002 925 cujusque
1034 878 1253 925 praecepta
1283 881 1442 924 magna
1473 865 1615 908 con-a'

125 930 290 986 quisita
310 945 414 972 cura
444 931 669 986 perspicue
697 927 968 984 conseripsit,
991 932 1149 981 9atque
1179 926 1364 967 enodata
1394 923 1578 980 diligen-

126 996 194 1029 Vter
223 988 451 1044 exposuit:
488 991 525 1018 10
539 997 583 1028 at
612 996 781 1029 tantum
812 985 1108 1026 inventoribus
1143 984 1245 1040 ipsis
1285 982 1496 1024 suavitate
1534 989 1580 1022 et

132 1045 347 1087 brevitate
381 1045 553 1086 dicendi
586 1044 802 1100 praestitit‚
834 1051 880 1083 ut
914 1057 1041 1083 nemo
1071 1041 1241 1082 illorum
1270 1049 1491 1097 praecepta
1522 1054 1579 1080 ex

130 1103 325 1159 ipsorum
359 1103 478 1143 libris
501 1112 751 1158 cognoseat,
782 1101 855 1141 sed
887 1113 1050 1150 omnes,
1073 1099 1162 1153 qui,
1185 1099 1301 1154 quod
1331 1098 1391 1138 illi
1426 1097 1578 1153 praeci-

133 1161 269 1217 piant,
292 1159 429 1201 velint
459 1160 712 1215 intelligere,
737 1159 790 1200 ad
822 1158 951 1207 hunc,
975 1158 1095 1211 quasi
1127 1156 1180 1196 ad
1202 1156 1417 1211 quendam
1441 1154 1577 1196 multo

131 1218 470 1259 commodiorem
501 1217 826 1272 explicatorem‚
858 1222 1139 1254 revertantur.
1199 1215 1344 1268 Atque
1376 1213 1446 1253 hic
1482 1212 1614 1267 qui-7

131 1275 229 1316 (lem
252 1275 357 1331 ipse,
380 1284 424 1316 et
455 1289 544 1315 sese
575 1275 717 1329 ipsum
747 1272 888 1323 nobis,
912 1281 956 1312 et
979 1286 1066 1321 effi,
1090 1271 1164 1327 qui
1196 1281 1294 1312 ante
1327 1285 1369 1311 se
1392 1269 1577 1321 fuerant,

131 1333 175 1374 in
206 1333 349 1373 medio
381 1332 539 1388 posuit,
573 1341 621 1371 ut
651 1341 694 1372 et
726 1341 906 1380 ceterOS,
937 1338 980 1370 et
1015 1329 1202 1385 seipsum
1238 1343 1314 1384 per
1343 1343 1387 1369 se
1416 1342 1579 1383 cogno-

128 1404 370 1431 sceremus:
402 1390 457 1430 ab
489 1389 572 1430 hoc
605 1398 749 1429 autem
780 1387 853 1443 qui
887 1386 1070 1443 profecti
1103 1396 1216 1438 sunt,
1242 1400 1504 1441 quamquam
1537 1386 1580 1426 in

128 1447 333 1488 maximis
364 1446 652 1503 philosophiae
684 1446 878 1502 partibus
905 1459 1047 1500 operae
1079 1443 1312 1499 plurimum
1334 1457 1582 1484 consumse-

132 1513 247 1555 runt,
278 1505 390 1546 sicut
423 1514 466 1545 et
505 1505 612 1560 ipse,
643 1503 767 1558 eujus
810 1503 1010 1543 instituta
1051 1503 1354 1557 sequebantur,
1394 1501 1581 1552 fecerat;

134 1572 278 1603 tamen
301 1562 514 1618 permulta
533 1562 660 1603 nobis
683 1570 902 1617 praecepta
923 1560 1093 1601 dicendi
1117 1559 1394 1614 reliquerunt.
1437 1559 1583 1615 Atque

129 1619 201 1663 alii
224 1634 397 1676 quoque
419 1619 502 1660 alio
523 1633 579 1660 ex
602 1619 724 1660 fonte
747 1626 1036 1674 praeceptores
1059 1617 1230 1658 dicendi
1258 1625 1582 1668 emanaverunt,

129 1677 208 1732 .qui
232 1677 336 1718 item
358 1676 618 1733 permultum
639 1677 692 1718 ad
715 1676 961 1727 dicendum,
986 1675 1018 1715 si
1042 1675 1144 1730 quid
1177 1690 1242 1715 ars
1276 1674 1462 1730 proficit,
1487 1675 1582 1731 opi-

132 1734 260 1776 tulati
293 1744 407 1775 sunt.
438 1749 539 1775 nam
569 1734 653 1774 fuit
684 1743 877 1790 tempore
900 1733 1066 1783 eodem,
1090 1747 1175 1788 quo
1198 1731 1469 1783 Aristoteles,
1491 1746 1582 1773 ma-

137 1806 248 1847 gnus
279 1800 323 1833 et
351 1792 508 1836 nobilis
539 1792 684 1834 rhetor
716 1791 952 1833 Isocrates:
985 1791 1109 1846 cujus
1146 1790 1279 1846 ipsius
1313 1805 1443 1845 quam
1479 1804 1583 1831 con-

139 1859 222 1889 stet
251 1863 341 1889 esse
370 1859 520 1900 artem,
547 1864 635 1890 non
665 1849 922 1890 invenimus.
985 1848 1312 1904 Discipulorum
1344 1856 1488 1889 autem
1519 1856 1619 1891 ert-8

135 1921 222 1961 que
251 1921 414 1958 eorum,
446 1907 520 1961 qui
553 1906 749 1962 protinus
780 1907 834 1947 ab
872 1906 954 1947 hac
988 1913 1087 1946 sunt
1121 1905 1349 1961 disciplina
1384 1905 1583 1962 profecti,

137 1963 274 2005 multa
296 1964 348 2004 de
373 1972 462 2004 arte
484 1974 705 2020 praecepta
725 1963 976 2020 reperimus.
1037 1962 1106 2004 Ex
1127 1963 1195 2004 his
1217 1963 1384 2004 duabus
1407 1955 1631 2004 diversis3

139 2021 266 2062 sicuti
305 2021 494 2072 familiis,
525 2036 706 2077 quarum
746 2021 878 2062 altera
911 2036 1009 2062 eum
1043 2029 1282 2062 versaretur
1321 2021 1364 2062 in
1396 2021 1588 2076 philoso-

142 2078 258 2134 phia,
280 2079 528 2119 nonnullam
554 2079 782 2120 rhetoricae
805 2093 977 2134 quoque
999 2079 1101 2119 artis
1125 2079 1206 2119 sibi
1231 2093 1378 2119 euram
1400 2093 1589 2120 assume-

141 2136 229 2187 bat,
252 2136 385 2178 altera
407 2151 507 2178 vero
531 2137 670 2177 omnis
694 2137 740 2177 in
761 2136 933 2178 dicendi
955 2146 1047 2177 erat
1069 2136 1211 2177 studio
1231 2145 1274 2177 et
1296 2136 1590 2193 praeceptione

143 2199 369 2249 occupata,
392 2209 526 2235 unum
549 2193 767 2249 quoddam
789 2204 853 2234 est
875 2195 1112 2235 conflatum
1137 2209 1272 2249 genus
1295 2210 1319 2235 a
1341 2194 1591 2250 posteriori-

140 2251 239 2302 bus,
262 2252 336 2306 qui
359 2252 413 2294 ab
445 2251 637 2306 utrisque
659 2266 722 2304 ea,
745 2267 843 2307 quae
875 2252 1104 2293 commode
1135 2252 1220 2293 dici
1252 2252 1523 2303 videbantur,
1547 2252 1591 2294 in

145 2323 240 2350 suas
263 2318 374 2349 artes
398 2309 698 2351 contulerunt:
731 2324 838 2365 quos
872 2310 986 2366 ipsos
1019 2309 1159 2361 simul,
1182 2318 1312 2365 atque
1342 2309 1435 2351 illos
1467 2324 1593 2367 supe-

187 2436 204 2464 8
235 2433 351 2474 ‚Quam
364 2434 420 2464 ille
434 2434 470 2464 in
483 2433 570 2473 s.p.]
606 2433 679 2464 Hoc
699 2435 846 2474 pertinet
889 2434 998 2465 Guelf.
1025 2437 1051 2465 l.
1073 2445 1173 2474 quam
1190 2435 1245 2464 ille
1260 2435 1294 2464 in
1313 2445 1374 2465 sua
1388 2438 1524 2475 pictura
1538 2447 1594 2468 no—

145 2474 187 2505 ad
201 2476 340 2514 Zeuxin,
357 2477 447 2517 cujus
466 2486 547 2516 opus
571 2476 749 2516 pictorium
771 2487 846 2507 cum
891 2478 958 2515 bili,
971 2480 1001 2507 2.
1014 2487 1114 2517 quam
1126 2478 1181 2507 ille
1201 2478 1314 2507 nobilis
1328 2479 1362 2508 in
1375 2489 1436 2509 sua
1445 2481 1592 2519 pictura.

145 2517 207 2548 hoc
221 2527 280 2548 suo
293 2523 476 2560 comparat,
490 2528 558 2548 non
571 2529 666 2548 suum
679 2529 759 2559 opus
773 2529 847 2549 cum
890 2520 954 2549 Pro
969 2530 1030 2549 sua
1044 2519 1093 2549 ed.
1109 2520 1127 2550 J
1133 2524 1204 2549 unt.
1219 2530 1299 2550 una.
1321 2529 1325 2532 ·

145 2560 217 2603 ipso
240 2561 354 2592 Zeuxi.
399 2561 461 2591 Sed
483 2562 581 2591 verba
607 2571 675 2591 uon
697 2566 849 2592 accurate
936 2566 954 2595 9
977 2562 1083 2601 Atque
1117 2562 1256 2592 enodata
1293 2563 1469 2601 diligenter
1504 2565 1590 2605 e.1·p.]

149 2610 218 2632 rem
232 2603 433 2642 exprimunt.
477 2604 617 2634 Videtur
631 2613 699 2634 esse
715 2604 848 2634 debere:
894 2603 976 2635 Eud.
1000 2615 1049 2644 pr.
1069 2606 1204 2635 enodate
1230 2609 1261 2634 et
1284 2606 1470 2645 dilig-enter.
1514 2606 1595 2638 vul-

149 2653 249 2682 quam
263 2645 353 2676 illius
369 2646 404 2675 in
417 2656 474 2676 suo
481 2646 619 2686 pictura
637 2647 764 2683 nobilis,
784 2647 851 2676 em'-
894 2652 1023 2686 gutum,
1058 2647 1143 2685 quod
1176 2646 1277 2677 Aldus
1308 2648 1450 2685 induxit,
1477 2650 1594 2681 melius

149 2689 242 2716 teret.
264 2696 342 2718 nam
362 2693 440 2718 ante
457 2690 592 2719 eniteret
615 2689 852 2729 interpungen-
895 2689 1204 2729 est‚i·espondetqne
1213 2691 1405 2721 concinnius
1415 2691 1593 2731 prioribus<

151 2727 229 2758 dum
245 2738 312 2758 esse
325 2729 450 2760 clarum
464 2736 524 2761 est.
569 2731 603 2761 si
617 2741 679 2761 sua
691 2738 851 2767 servetur,
895 2733 1074 2771 conquisita
1089 2733 1441 2772 perspicue—enodata
1458 2734 1597 2773 diligen-

153 2769 407 2810 intelligendum
422 2777 471 2802 est
484 2777 568 2804 arte.
612 2774 792 2804 Lambinus
807 2775 854 2803 vi·
897 2779 957 2804 ter.

152 2812 239 2841 tium
259 2813 373 2850 sensit,
396 2815 450 2854 qui
469 2815 558 2845 dedit
579 2826 679 2856 quam
698 2817 787 2846 illius
800 2817 854 2855 pi-
946 2820 981 2847 10
1003 2817 1048 2847 At
1063 2817 1222 2856 tantum]
1240 2818 1286 2848 At
1299 2827 1358 2858 pro
1372 2828 1411 2848 ac
1423 2817 1597 2857 legendum

152 2858 251 2902 ent-usa
270 2856 384 2886 nobilis
406 2858 482 2887 enit.
505 2858 590 2896 quod
615 2859 727 2889 eodem
751 2859 853 2889 redit:
898 2868 957 2889 sua
969 2864 1086 2898 sponte
1103 2859 1246 2901 intelligi
1259 2865 1379 2902 potest.
1393 2867 1427 2892 et
1439 2861 1484 2892 sic
1499 2860 1599 2892 habet

156 2906 218 2927 nisi
232 2897 319 2937 quod
333 2897 389 2930 ille
403 2899 467 2930 duo
481 2900 580 2932 verba
593 2900 690 2932 delet.
714 2901 777 2932 Sed
789 2901 853 2932 Ms.
899 2900 1008 2933 Schol.
1020 2901 1085 2934 Ms.
1099 2901 1191 2934 Leid.
