1914 3220
302 147 465 201 xxviii
792 148 1240 206 PRAEFATIO.

305 279 594 341 SenatoriS,
633 298 699 332 ex
729 298 841 351 quo
882 282 1055 334 oratio
1089 300 1185 352 pro
1213 281 1402 336 Publio
1429 278 1604 332 Sextio
1630 287 1731 333 ter·

305 367 380 418 tia
407 383 578 437 prope
606 374 758 436 parte
785 366 994 419 auctior
1019 367 1168 419 tacta
1193 375 1290 428 est,
1317 366 1545 439 expletis
1573 382 1734 436 supe--⁴

305 450 502 502 riorum
550 451 922 520 exemplorum
963 451 1017 502 in
1063 470 1129 504 ea
1172 451 1396 504 lacunis.
1476 450 1730 503 Imitatus

304 541 385 587 est
420 535 585 587 etiam
628 533 915 587 Cratandri
957 537 1272 607 exemplum
1311 535 1366 588 in
1408 534 1731 589 lectionibus

303 619 522 673 diversis
561 620 829 680 notandis,
857 620 950 672 sed
986 621 1079 682 ita,
1108 630 1170 674 ut
1201 639 1291 674 eas
1326 641 1356 675 e
1399 621 1731 692 marginibus

303 713 595 767 amoveret,
623 713 677 757 et
710 705 968 775 peculiari
1000 706 1181 759 libello
1214 706 1631 778 comprehensas
1659 706 1729 759 ad

303 792 511 844 calcem
565 790 740 860 operis
792 791 1023 843 universi
1075 792 1332 862 rejiceret,
1377 790 1730 862 pulcritudini

304 874 473 946 magis
501 875 804 937 consulens,
837 892 1005 944 quam
1039 877 1225 929 usibus
1257 876 1538 929 lectorum.
1616 873 1733 926 Ob-

303 960 505 1012 servavi
544 960 787 1030 pluribus
828 960 958 1012 locis
991 961 1247 1013 lectiones
1290 959 1446 1031 hujus
1479 959 1730 1013 editionis

302 1046 604 1098 consentire
630 1063 757 1097 cum
777 1044 1120 1108 VictorianiS,
1147 1046 1323 1115 iisque
1344 1046 1441 1108 his,
1470 1062 1595 1115 quae
1625 1046 1730 1117 pri-

301 1149 450 1183 mum
495 1149 528 1183 a
564 1129 808 1183 Victorio
842 1139 1078 1202 receptae
1120 1131 1174 1182 in
1217 1137 1373 1184 textu
1411 1150 1525 1184 esse
1567 1133 1730 1204 vulgo

300 1222 579 1286 putentur,
617 1216 709 1268 sed
744 1223 929 1268 tamen
965 1215 1131 1269 etiam
1169 1215 1316 1279 vitia,
1357 1224 1422 1268 ut
1462 1234 1560 1287 pro
1599 1215 1732 1269 Fou-

301 1304 398 1355 teio
425 1321 471 1355 c.
499 1310 548 1356 4.
576 1303 857 1355 hominibus
886 1319 983 1373 pro
1008 1302 1310 1364 nominibus,
1336 1310 1392 1354 et
1418 1301 1538 1355 alia.

374 1387 480 1441 Sed
508 1388 701 1441 eodem
730 1395 976 1459 tempore
1002 1386 1107 1440 hoc
1142 1405 1334 1440 saxum
1361 1388 1603 1442 volverat
1628 1389 1730 1443 Pe-

300 1482 412 1526 trus
442 1473 716 1536 VictorinS,
749 1473 1058 1544 eodemque
1091 1491 1236 1525 anno
1274 1472 1487 1544 prodire
1519 1473 1634 1544 ejus
1661 1491 1728 1526 ex

299 1559 608 1611 recensione
664 1556 937 1612 Ciceronis
1001 1575 1169 1631 opera
1220 1576 1434 1630 coepere
1488 1556 1730 1611 Venetiis

299 1646 451 1717 apud
505 1645 650 1698 Luc.>
686 1646 818 1697 Ant.
870 1645 1112 1708 sztam,
1165 1643 1418 1697 absoluta
1467 1661 1514 1694 a.
1573 1647 1728 1705 1537.

301 1739 538 1803 quatuor
563 1731 685 1783 voll.
716 1730 1048 1801 pulcerrimis
1087 1729 1236 1782 omni
1278 1748 1345 1782 ex
1383 1737 1538 1801 parte
1569 1727 1728 1802 hujus

297 1817 519 1889 generis.
601 1815 687 1868 Ea
716 1815 883 1868 editio
919 1822 1135 1868 tantum
1171 1814 1365 1866 habuit
1406 1814 1556 1885 apud
1589 1815 1729 1868 viros

298 1903 490 1955 doctos
517 1900 1025 1965 commendationis,
1069 1909 1132 1954 ut
1167 1900 1285 1971 ipse
1321 1900 1614 1969 Sospitator
1639 1898 1730 1953 Ci-

297 1987 491 2040 ceronis
518 1986 745 2057 coeperit
766 1987 1045 2056 appellari.
1123 1986 1209 2038 Ac
1246 1985 1492 2056 profecto
1523 1984 1611 2036 ille
1642 2005 1729 2039 su-

296 2073 566 2144 periorum
621 2070 690 2123 de
743 2069 1016 2124 Ciceronis
1068 2070 1214 2123 libris
1266 2071 1474 2134 merita,
1533 2088 1726 2141 quam·

298 2178 468 2232 quarn
506 2176 613 2210 non
650 2157 1072 2219 contemnenda,
1111 2165 1173 2209 ut
1199 2155 1451 2218 vidinmS,
1489 2157 1726 2212 multum

295 2242 587 2316 superavit,
627 2242 920 2313 praesertim
976 2242 1257 2313 diligentia
1307 2248 1510 2294 veteres
1563 2241 1725 2296 libros

295 2331 521 2401 scriptos
561 2326 892 2390 conferendi,
934 2336 990 2380 et
1031 2327 1158 2379 inde
1201 2335 1413 2380 textum
1441 2327 1724 2399 vulgatum

295 2412 642 2474 emendandi,
681 2411 775 2465 sed
817 2420 1019 2474 tamen,
1058 2419 1120 2464 ut
1147 2431 1243 2465 nos
1272 2412 1497 2483 quidem
1526 2430 1726 2486 cogno-

294 2500 487 2562 vimuS,
539 2497 710 2568 magis
766 2508 822 2550 et
882 2497 1079 2568 saepius
1133 2498 1309 2551 multo
1359 2497 1414 2550 in
1465 2498 1724 2569 epistoliS,

296 2601 465 2655 quam
493 2583 548 2635 in
584 2582 773 2636 ceteris
812 2582 976 2645 libris,
1017 2601 1155 2654 quas
1188 2583 1292 2645 ille,
1331 2591 1393 2636 ut
1422 2592 1536 2636 tum
1569 2583 1725 2654 pleri-

295 2687 422 2741 que,
461 2668 704 2740 inprimis
743 2669 953 2721 curiose
990 2676 1263 2721 tractarat.
1340 2668 1540 2739 Itaque
1571 2677 1628 2722 et
1667 2670 1724 2723 in

293 2755 424 2808 alios
450 2755 630 2817 libros,
671 2753 1071 2825 philosophicos
1113 2763 1169 2806 et
1209 2754 1516 2816 rhetoricOS,
1544 2754 1597 2806 in
1626 2753 1722 2807 hos

294 2840 537 2910 quidem,
565 2848 627 2892 ut
653 2839 768 2911 ipse
796 2840 888 2901 ait,
922 2838 1108 2909 inopia
1135 2839 1391 2892 librorum
1423 2839 1722 2903 meliorum,
