1945 3235
317 167 396 203 392
837 161 918 201 DE
944 160 1230 200 ORATORE

317 267 433 323 quod
456 267 659 322 mysteria
680 281 765 308 non
788 266 1005 317 referrent,
1028 267 1078 307 ad
1102 280 1197 320 quae
1229 264 1360 306 biduo
1385 263 1515 304 scrius
1537 272 1753 314 vener-am,

320 325 671 366 succensuissem.
723 325 868 371 Quare
890 325 986 374 hoc,
1008 324 1120 378 quod
1145 322 1407 375 complector
1431 329 1593 362 tantam
1618 322 1754 362 scien-

325 382 427 422 tiam
459 383 632 437 vimque
661 381 884 430 doctrinae‚
917 396 1000 421 non
1034 381 1161 421 inodo
1184 395 1268 420 non
1303 393 1378 432 pro
1403 392 1482 428 me,
1514 378 1585 419 sed
1608 387 1759 418 contra

190 459 223 490 p.
244 449 396 480 1⁵0.me
425 450 489 480 est
513 439 671 495 potiuS,
694 443 797 489 (non
821 438 950 482 enim.
972 437 1073 492 quid
1097 451 1193 491 ego,
1216 436 1286 476 scd
1310 435 1412 489 quid
1435 444 1577 476 orator
1607 434 1756 490 possit,

285 497 546 552 ⁸·disput02)
577 507 703 551 atque
736 496 811 535 hos
833 509 995 545 omnes,
1017 495 1087 549 qui
1121 505 1230 533 artes
1263 492 1493 533 rhetoricas
1515 499 1755 546 exponunt,

328 554 619 610 perridiculos.
679 553 882 592 Scribant
902 552 1014 592 enim
1044 551 1095 591 dc
1126 550 1264 591 litium
1298 564 1464 603 genere,
1487 559 1528 589 et
1559 553 1612 589 de
1643 547 1760 604 prin-

263 617 313 657 76
327 611 466 666 cipiis,
488 623 526 650 et
549 611 600 650 de
623 610 951 650 narrationibus.
1013 607 1090 648 Illa
1113 608 1174 647 vis
1196 618 1337 647 autem
1361 606 1615 661 eloquentia!
1639 613 1759 646 tanta

327 679 405 718 est,
437 678 481 707 ut
511 667 702 707 omnium
734 680 888 713 rerum,
911 665 1132 714 virtutum,
1154 664 1410 714 officiorum,
1431 663 1655 717 omnisque
1686 675 1760 703 na-

329 736 451 775 turoe,
474 739 569 778 quat
593 737 731 764 mores
754 722 992 770 hominum,
1014 735 1110 775 quae
1143 721 1321 770 animos,
1344 718 1440 775 quae'
1465 721 1595 761 vitain
1621 718 1761 760 conti·-

328 791 415 830 net‚
449 781 676 836 origincm‚
713 779 814 828 vim,
853 777 1196 832 mutationesque
1230 786 1396 825 teneat3
1427 777 1575 818 eadem
1605 789 1760 826 more-S,

330 838 458 893 legeS,
485 838 586 892 jura
615 837 841 886 describat,
874 834 1181 889 rempublicam
1216 844 1350 889 regat,
1383 835 1676 887 uBonnamque,
1708 831 1762 873 ad

265 899 314 938 77
330 909 642 950 quamcumque
664 908 751 933 rem
778 894 1032 948 pertineant,
1055 901 1217 941 ornate,
1239 892 1498 946 copioseque
1519 891 1648 931 dicat.
1710 889 1763 930 ln

328 967 414 1006 quo
437 966 591 1006 genere
623 965 698 990 nos
729 949 901 1004 quidem
925 962 1139 989 versamur
1171 957 1352 998 tantum,
1375 956 1581 1002 quantum
1614 961 1764 1003 possu-

329 1023 437 1059 mus,
460 1017 667 1063 quantum
701 1006 889 1063 ingenio,
920 1016 1126 1061 quantum
1161 1004 1363 1045 mediocri
1395 1004 1604 1054 doctriua,
1628 1018 1764 1059 quan-

330 1075 419 1106 tum
454 1081 530 1106 usu
564 1065 774 1106 valemus:
807 1077 944 1118 neque
975 1073 1116 1103 tamen
1149 1062 1255 1112 istis,
1282 1061 1354 1116 qui
1388 1061 1430 1101 in
1462 1075 1546 1103 una
1574 1060 1764 1116 philoso-

331 1123 433 1179 phia
470 1123 589 1178 quasi
626 1120 944 1162 tabernaculum
990 1120 1088 1160 vita:
1132 1133 1218 1160 suae
1259 1119 1537 1168 collocarunt,
1580 1117 1763 1159 n-ultum

249 1175 311 1222 21
332 1194 430 1221 sane
462 1181 503 1220 in
537 1179 828 1234 disputatione
850 1177 1163 1230 concedimus„
1200 1176 1317 1222 Quid
1347 1176 1461 1216 enim
1492 1189 1610 1216 meus
1641 1173 1766 1215 fami-

266 1238 443 1284 78liaris
476 1238 527 1278 C.
561 1237 744 1276 Velleius
778 1234 928 1275 afferre
967 1243 1123 1289 potest,
1156 1234 1436 1288 quamobrem
1474 1232 1671 1288 voluptas
1709 1230 1766 1274 sit

328 1309 540 1336 summum
565 1294 740 1342 bonum,
762 1292 877 1346 quod
895 1306 981 1345 ego
1004 1305 1088 1331 non
1113 1290 1327 1345 copiosius
1350 1292 1508 1345 possim
1533 1288 1598 1330 vel
1620 1287 1767 1339 tutari,

328 1352 361 1392 si
388 1351 526 1401 velim,
551 1350 614 1391 vel
638 1350 825 1391 refellere
847 1363 899 1389 ex
934 1348 1014 1388 illis
1038 1347 1155 1398 locis,
1179 1363 1284 1402 quos
1307 1347 1510 1402 exposuit
1532 1345 1764 1396 Antonius,

326 1409 407 1450 hac
438 1408 606 1449 dicendi
639 1406 962 1455 exercitatione,
993 1404 1036 1444 in
1069 1419 1152 1459 qua
1177 1404 1360 1445 Velleius
1385 1413 1450 1444 est
1480 1403 1610 1454 rudis,
1633 1417 1765 1444 unu&

325 1466 506 1522 quisque
528 1474 719 1506 nostrum
744 1466 960 1503 versatus?
1013 1461 1130 1507 Quid
1153 1470 1230 1510 est,
1255 1461 1370 1515 quod
1402 1469 1476 1501 aut
1507 1461 1608 1501 Sex.
1635 1459 1766 1500 Pom·

329 1524 464 1579 peltis,
494 1531 569 1563 aut
597 1522 682 1561 duo
716 1520 856 1568 Balbi,
886 1528 960 1559 aut
991 1517 1109 1559 metis
1140 1519 1316 1567 amicus,
1339 1518 1530 1572 quicum
1568 1516 1765 1557 Panaetio

332 1580 457 1630 vixit,
481 1578 548 1621 M.
572 1577 795 1633 Vigellius,
822 1577 874 1616 de
906 1576 1062 1616 virtute
1095 1575 1316 1615 hominum
1348 1574 1483 1615 Stoici
1515 1574 1680 1630 possint
1702 1573 1769 1618 di-

331 1651 440 1687 cere,
463 1651 548 1691 qua
570 1636 612 1675 in
635 1634 927 1690 disputatione
948 1647 1030 1689 ego
1052 1631 1118 1673 his
1139 1632 1333 1681 debeam,
1352 1640 1426 1672 aut
1445 1630 1632 1674 vestrum
1651 1630 1769 1685 quis-

271 1703 321 1743 79
333 1709 461 1749 quam
483 1692 742 1734 concedere?
776 1691 875 1732 Non
899 1700 963 1730 est
984 1690 1097 1730 enim
1131 1688 1403 1744 philosophia
1433 1687 1581 1729 similis
1611 1687 1769 1728 artium

333 1751 604 1806 reliquarum.
634 1763 732 1790 nam
756 1748 858 1803 quid
882 1746 1011 1788 faciet
1042 1747 1084 1787 in
1117 1745 1366 1802 geometria,
1395 1745 1468 1801 qui
1499 1759 1585 1786 non
1607 1744 1770 1786 didice,
1796 1764 1798 1766 ·

330 1809 413 1850 rit?
444 1808 547 1863 quid
583 1807 625 1848 in
663 1805 864 1847 musicis?
894 1814 969 1845 aut
1003 1813 1143 1845 taceat
1175 1803 1407 1859 oportebit,
1443 1812 1517 1843 aut
1554 1816 1607 1850 ne
1642 1815 1768 1843 sanus

331 1865 504 1920 quidem
521 1864 756 1919 judicetur.
817 1861 929 1903 Haec
950 1876 1064 1911 vero,
1087 1876 1181 1916 quae
1206 1870 1305 1901 sunt
1329 1859 1370 1904 in
1396 1858 1682 1916 philosophia,
1705 1859 1771 1900 in..-

332 1922 470 1979 geniis
492 1932 712 1969 eruuntur,
734 1919 784 1960 ad
809 1919 866 1969 id,
889 1919 1002 1973 quod
1036 1918 1077 1958 in
1101 1931 1271 1973 quoque
1303 1916 1530 1957 verisimile
1551 1925 1630 1966 est,
1652 1915 1771 1957 elic-iq

332 1980 488 2022 endum
513 1978 650 2019 acutis
672 1988 799 2031 atque
822 1976 1005 2026 acribus,
1027 1989 1160 2030 eaque
1182 1974 1418 2015 exercitata
1439 1973 1632 2014 oratione
1661 1972 1772 2028 poli.-

336 2046 477 2078 untur.
535 2038 576 2070 69
593 2035 680 2076 Hic
711 2044 854 2075 noster
878 2032 1062 2088 vulgaris
1084 2041 1242 2082 orator,
1273 2031 1307 2071 si
1338 2031 1478 2073 minus
1500 2030 1581 2077 erit
1601 2030 1770 2081 doctus,

335 2104 523 2135 attamen
548 2093 590 2134 in
613 2091 795 2133 dicendo
817 2091 1092 2138 exercitatus,
1111 2089 1191 2130 hac
1213 2089 1304 2143 ipsa
1325 2087 1634 2130 exercitatione
1651 2101 1771 2130 com*

338 2150 473 2200 muni,
495 2150 652 2190 wistos
673 2148 844 2204 quidem
878 2147 1084 2201 [nostros]
1118 2146 1373 2195 verberabit,
1394 2159 1532 2199 neque
1563 2157 1606 2185 se
1635 2144 1690 2186 ab
1722 2143 1773 2185 iis

278 2207 557 2249 socontemni
580 2222 629 2248 ac
650 2205 811 2260 despici
835 2204 959 2246 sinet.
1020 2203 1094 2243 Sin
1118 2202 1270 2257 aliquis
1291 2202 1505 2243 exstiterit
1524 2200 1770 2256 aliquando,

340 2266 413 2322 qui
435 2264 684 2306 Aristotelio
706 2276 824 2303 more
845 2262 897 2302 de
919 2260 1118 2311 omnibus
1142 2261 1265 2301 rebus
1290 2259 1333 2299 in
1356 2267 1579 2313 utramque
1602 2267 1771 2300 senten-,³

380 2396 420 2425 63
440 2395 610 2433 omniaque
635 2392 681 2422 ad
706 2390 944 2431 quamcunque]
979 2390 1031 2420 Sic

339 2437 390 2467 ed.
417 2447 442 2467 s,
460 2437 481 2467 1.
507 2442 541 2466 et
565 2446 593 2465 a.
617 2435 703 2465 Med.
726 2436 798 2464 Asc.
836 2433 1031 2471 Vulgatum,

340 2480 463 2514 omnia,
478 2487 547 2518 quse
561 2479 606 2507 ad
619 2485 856 2516 quamcunque,
873 2475 960 2512 qnod
978 2473 1036 2503 du-

1075 2388 1243 2418 Peareium
1270 2388 1348 2419 Mss.
1379 2392 1414 2419 et
1438 2393 1560 2418 noster.
1602 2385 1770 2426 Repetitio

1075 2431 1128 2461 hic
1145 2431 1256 2471 inepta
1273 2430 1409 2468 est‚-ubi
1425 2431 1491 2461 vim
1507 2428 1633 2460 nullam
1654 2428 1773 2460 habere

1079 2478 1198 2513 potest.

342 2521 518 2551 riusculnm
542 2526 603 2555 est,
619 2531 657 2549 ex
680 2519 728 2549 ed.
745 2518 797 2548 W.
823 2517 958 2547 reddidit
982 2516 1036 2546 ΑΙ-

340 2563 411 2593 dus.
442 2564 482 2592 ht
495 2563 540 2599 sic
552 2568 601 2592 est
610 2562 708 2591 etiam
723 2561 756 2590 in
771 2560 848 2589 Mss.
875 2558 936 2588 Sed
951 2560 983 2589 in
1001 2559 1038 2587 iis

343 2606 410 2635 fere
432 2611 480 2635 est
503 2614 582 2643 (μα’.-
607 2603 779 2643 potuitque
801 2601 901 2631 etiam
925 2610 1036 2631 verum

343 2647 442 2678 fnisse
469 2647 650 2683 omniaque,
680 2654 768 2684 quoe:
803 2642 890 2673 unde
918 2643 952 2673 iu
981 2643 1039 2673 illa

344 2689 506 2729 scriptura
533 2687 627 2718 facile
654 2686 795 2717 alterum
824 2686 932 2725 potuit
954 2685 1039 2715 exci-

344 2731 430 2762 dere.

386 2773 427 2807 69
450 2772 516 2803 Hic
529 2775 635 2802 noster
646 2769 795 2808 vulgaris
806 2767 929 2807 orator]
954 2767 1035 2798 Vul-

344 2825 386 2853 go
403 2817 467 2851 hic,
483 2815 545 2844 hic.
561 2812 676 2852 Delevi
701 2812 843 2842 alterum
866 2812 917 2841 hic
931 2820 969 2840 ex
984 2809 1034 2839 ed.

348 2858 394 2893 W.
417 2866 488 2897 quae
510 2855 609 2886 semel
631 2858 764 2884 tantum
790 2854 841 2885 Ιιὶι·
863 2852 974 2888 habet,
999 2857 1036 2882 ut

343 2899 433 2941 Lips.
479 2898 754 2936 consentiuntque
789 2894 941 2927 nonnulli
981 2903 1034 2934 ap.

1122 2518 1162 2548 70
1196 2516 1272 2546 istos
1302 2514 1431 2554 quidem
1459 2512 1596 2552 nostros]
1636 2512 1774 2547 Nostros

1080 2557 1150 2587 sine
1184 2556 1282 2586 dubio
1324 2557 1475 2586 vitiosum
1512 2560 1572 2585 est.
1618 2554 1774 2594 Ineptum

1080 2600 1166 2630 enim
1183 2604 1245 2635 fest,
1262 2599 1313 2628 Ιιέι·
1328 2603 1433 2628 noster
1445 2597 1627 2627 verberabit
1640 2601 1774 2629 nostros,

1082 2639 1292 2679 intelligendi
1315 2644 1424 2670 autem
1439 2644 1515 2669 sunt
1531 2638 1646 2675 Stoici,
1660 2642 1695 2668 et
1710 2638 1777 2668 for.

1081 2690 1166 2713 tasse
1182 2681 1421 2712 rescribendum
1437 2686 1486 2711 cst
1506 2680 1647 2714 διοίσω,-
1671 2688 1776 2719 quan-

1082 2734 1180 2764 quam
1195 2724 1227 2754 id
1242 2733 1308 2754 non
1323 2728 1374 2753 est
1388 2722 1616 2761 necessarium.
1659 2720 1776 2752 Paullo

1078 2773 1151 2807 post
1178 2766 1327 2796 Pearcius
1352 2776 1392 2796 ex
1418 2764 1488 2795 edd.
1515 2774 1566 2804 pr.
1589 2763 1708 2794 edidit:
1738 2765 1776 2794 in

1077 2813 1254 2847 utramque
1263 2811 1394 2847 partem
1408 2811 1488 2838 sent.
1499 2816 1535 2846 p.
1559 2807 1674 2837 dicere.
1717 2805 1775 2839 Al,
1824 2814 1827 2821 ·

1078 2851 1138 2923 diis
1166 2849 1287 2881 delevit
1305 2853 1447 2891 partem.
1472 2853 1578 2888 recte:
1612 2853 1663 2881 est
1683 2847 1773 2887 erum

1079 2903 1100 2933 g
1116 2901 1199 2933 ossa,
