1914 3220
656 113 1111 171 PRAEFATIO.
1531 123 1606 177 xli

134 282 138 286 ‚
163 249 310 300 binus
363 249 636 301 admissum
680 246 866 317 priore
915 246 1157 307 editione,
1207 246 1380 300 altera
1434 251 1602 319 ejecit,

161 337 376 388 reducto
402 332 747 406 gravissimae.
826 331 1076 386 G‘raevius
1102 339 1290 384 autem
1314 352 1387 386 ne
1419 339 1603 407 cogni-

165 429 277 474 tam
297 419 533 490 ‘quidem
560 416 813 470 habuisse
847 416 1060 469 videtur
1097 417 1351 488 primam,
1387 420 1484 489 qui
1522 422 1602 474 in-

163 505 376 558 terdum
409 523 440 558 e
474 502 719 575 margine
766 502 896 556 edit.
937 502 1321 557 Lambinianae
1363 523 1602 559 comme-

159 599 354 655 morat,
382 590 534 661 quod
573 597 655 643 est
695 589 752 641 in
796 597 952 641 textu
980 588 1186 659 primae.
1264 587 1372 642 Sed
1412 598 1598 645 tamen

156 676 364 749 aliquid
392 676 447 728 in
476 675 728 730 secundis
749 674 829 728 his
854 674 1119 745 exemplis
1142 683 1224 727 est
1247 673 1599 731 Lambiniani

156 762 300 815 boni.
343 779 470 813 nam
515 769 662 814 notae
706 760 895 815 multae
939 767 1069 814 sunt
1109 760 1398 824 auctioreS,
1441 770 1498 816 et
1538 763 1597 816 in

133 847 488 919 -marginibus
516 848 695 903 etiam.
712 847 1056 919 reperiuntur
1094 845 1355 903 lectiones
1376 866 1538 904 ,novae
1566 868 1601 903 e

151 934 298 987 libris
349 933 578 1004 scriptis.
674 931 761 986 Ut
803 932 1121 1003 exemplum
1172 932 1367 986 saltem
1419 953 1593 988 unum

152 1037 662 1092 commemoremus,
688 1018 750 1071 in
780 1019 938 1089 epist.
967 1018 1037 1073 ad
1079 1018 1196 1071 Att.
1228 1017 1368 1081 XII,
1406 1018 1493 1073 46.
1522 1021 1594 1073 ad

149 1106 315 1158 verba
345 1114 551 1159 tantum
578 1106 883 1158 mediocrius
926 1113 1060 1157 nota
1097 1104 1326 1160 secundi
1353 1107 1593 1178 exempli

149 1200 229 1244 est
255 1192 464 1263 longior
493 1190 653 1262 primi
679 1200 734 1243 et
759 1191 811 1242 in
843 1189 1087 1262 margine
1109 1208 1139 1242 e
1161 1188 1228 1242 V.
1249 1188 1309 1242 C.
1338 1200 1592 1246 notatum

148 1278 436 1329 modestius.

221 1359 478 1415 Ceterum
507 1361 563 1413 in
602 1361 694 1414 illa
734 1360 1067 1415 recensionis
1103 1380 1234 1415 cura
1275 1381 1309 1414 a
1336 1362 1592 1417 Lambino

143 1447 303 1501 nimis
349 1457 477 1502 sunt
503 1448 756 1520 neglecta
791 1458 1038 1501 veterum
1071 1448 1378 1502 editionum
1405 1468 1589 1504 exem-

143 1535 252 1607 pla.
330 1534 534 1606 Itaque
576 1553 724 1604 saepe
761 1533 967 1588 accidit
992 1533 1060 1596 ei,
1099 1534 1251 1604 quod
1284 1546 1340 1589 et
1364 1536 1499 1601 aliis,
1525 1547 1587 1591 ut

130 1620 336 1674 -e-libro
361 1621 565 1693 scripto
593 1640 649 1675 se
678 1620 917 1693 primum
957 1620 1252 1673 emendare
1291 1621 1585 1676 lectionem

137 1705 392 1760 vitiosam
420 1716 660 1780 putaret,
678 1726 806 1761 cum
831 1705 994 1759 lectio
1021 1706 1130 1768 illa,
1157 1705 1262 1778 ipsi
1295 1725 1455 1770 nova,
1485 1707 1586 1761 du-

138 1793 273 1846 dum
299 1793 355 1845 in
382 1794 624 1864 antiquis
645 1793 911 1864 exemplis
935 1791 1126 1846 fuisset
1143 1793 1376 1865 prodita.
1418 1793 1585 1848 Lam-

139 1878 423 1931 binianum
451 1887 667 1933 textum
699 1879 1005 1951 exprimere
1043 1879 1262 1932 voluere
1293 1877 1584 1934 Geneven-

136 1983 236 2028 ses,
278 1973 504 2019 auctore
556 1965 904 2037 GotlzqfredO,
956 1965 1092 2018 item
1145 1964 1475 2037 Gryphiana
1526 1978 1582 2021 et

133 2051 609 2124 Aldina-denique
647 2051 814 2105 etiam
842 2049 1079 2113 officina,
1106 2051 1307 2104 notulis
1335 2050 1583 2107 Lambini

131 2137 393 2208 repetitis.
431 2147 616 2192 utrum
649 2137 890 2210 primum
927 2137 1101 2199 illum,
1131 2136 1230 2207 qui
1269 2155 1392 2190 vere
1420 2137 1580 2192 Lam-

133 2222 240 2275 bini
267 2223 352 2287 sit,
370 2241 474 2276 nec
501 2242 589 2287 ne,
615 2241 730 2276 non
756 2222 917 2275 libuit
944 2222 1012 2275 de
1031 2221 1288 2275 omnibus
1308 2240 1575 2293 quaerere:
1602 2239 1608 2272 ἰ

128 2307 184 2361 in
214 2307 526 2362 Genevensi
554 2308 783 2380 quidem
810 2317 994 2362 textus
1022 2315 1105 2361 est
1130 2326 1198 2360 ex
1226 2308 1576 2362 editionese-
1610 2325 1623 2330 ‘¹

129 2395 510 2448 cundaetiam
540 2413 668 2448 cum
702 2395 903 2448 notulis
943 2393 1000 2446 in
1040 2393 1378 2464 marginibus
1393 2413 1410 2448 ·:
1437 2396 1587 2466 ‘qui-1

130 2480 234 2534 bus
260 2490 315 2534 et
336 2481 457 2534 aliae
481 2489 601 2533 tum
618 2498 728 2533 var.
759 2480 915 2533 Lect.
940 2487 1060 2532 tum
1088 2479 1290 2542 brevia,
1309 2497 1416 2566 nec
1444 2497 1616 2549 cons,

126 2567 426 2620 temnenda
453 2566 659 2619 scholia
685 2584 978 2619 accessere
1034 2589 1036 2592 >
1514 2584 1517 2585 ⁷
1547 2582 1551 2584 “

200 2650 629 2705 Lambinianam
656 2651 956 2741 editionem
983 2650 1206 2721 excepit
1233 2649 1438 2703 Aldina
1464 2668 1572 2705 ma·

107 2737 222 2805 jor,
255 2735 519 2799 Venetus,
552 2736 625 2788 ab
658 2755 706 2788 a
754 2741 910 2796 1578.
939 2736 1011 2788 ad
1052 2753 1230 2810 usque
1258 2741 1438 2798 1583,
1477 2737 1573 2790 de,

125 2838 246 2874 cem
292 2822 659 2875 voluminibus
705 2822 870 2884 facta,
915 2841 1029 2875 cum
1070 2810 1469 2886 commentariis,
1507 2831 1570 2876 ut
