1945 3235
667 116 956 158 BRUTUS.
1454 118 1537 154 489

84 234 297 283 ,quantum
318 225 500 283 quisque
531 224 684 281 prosit,
714 223 787 264 sed
809 221 959 277 quanti
983 219 1164 274 quisquc
1195 221 1265 271 sit,
1296 219 1541 276 ponderan-

91 285 194 326 dum
219 294 308 327 est:
341 282 635 340 69praesertim-
660 296 760 323 cum
787 278 913 336 pauci
946 277 1124 333 pingere
1154 278 1328 332 egregie
1358 279 1542 332 possint,

90 352 165 383 aut
188 343 375 395 fingerem
406 340 587 396 operarii
621 349 781 389 autem,
804 344 878 377 aut
909 334 1042 391 bajuli
1065 334 1211 374 deesse
1241 349 1328 374 non
1361 336 1541 389 possint.

94 400 178 441 Sed
202 387 347 456 peige,
372 398 603 454 Pomponi,
625 397 679 437 de
702 395 889 443 Caesare,
911 403 954 433 et
976 391 1104 432 redde
1127 405 1224 446 quae
1251 401 1428 432 restant.
1555 383 1630 439 74

150 458 299 499 Solum
321 456 511 511 quidem,
533 454 674 509 inquit
696 453 780 502 ille,
799 460 842 492 et
864 450 985 506 quasi
1009 448 1337 489 fundamentum
1362 450 1544 490 oratoris
1555 455 1634 490 ί258

93 515 227 566 vides,
247 513 509 555 locutionem
530 510 800 552 emendatam
821 518 863 549 et
893 507 1113 549 Latinam:
1137 505 1261 561 cujus
1286 519 1415 561 penes
1437 521 1545 560 quos

95 571 186 613 laus
216 572 358 613 adhuc
391 570 490 619 fuit,
521 583 609 608 non
638 566 721 608 fuit
751 566 945 615 rationis,
974 573 1048 605 aut
1077 564 1286 613 scientiae,
1318 563 1390 603 sed
1425 563 1547 617 quasi

96 630 224 671 bonae
247 626 588 670 consuetudinis,
624 624 762 665 Mitto
788 624 840 665 C.
860 623 1059 673 Laelium,
1084 621 1133 662 P.
1155 620 1421 677 Scipionem.
1445 629 1550 661 aeta-

97 688 152 728 tis
176 687 286 728 illius
309 686 391 725 ista
412 684 495 724 fuit
525 683 631 733 laus,
655 692 876 738 tamquam
908 679 1186 728 innocentiae,
1210 680 1271 719 sic
1304 678 1458 719 Latine
1489 677 1552 717 lo-

97 744 280 799 quendi:
313 756 392 782 nec
423 742 618 782 omnium
653 749 812 781 tamen.
846 753 944 780 nam
977 738 1147 778 illorum
1179 736 1379 791 aequales,
1411 735 1554 777 Caeci-

97 801 203 843 lium
224 809 268 841 et
300 799 557 850 Pacuvium,
584 798 696 839 male
728 798 896 839 locutos
928 795 1137 836 videmus,
1174 794 1246 834 sed
1280 808 1429 834 omnes
1461 802 1554 833 tum

97 858 201 909 fere,
224 857 298 913 qui
333 871 411 898 nec
442 866 567 897 extra
599 857 749 897 urbem
781 855 892 896 hanc
914 854 1129 902 vixerant,
1152 854 1192 885 70
1207 866 1285 892 nec
1308 865 1381 892 eos
1412 850 1556 906 aliqua

97 915 316 957 barbaries
348 914 586 955 domestica
618 912 922 962 infuscaverat,
956 921 1071 952 recte
1103 910 1406 964 loquebantur.
1466 909 1551 950 Sed

97 973 212 1014 hanc
242 982 357 1014 certe
387 986 477 1013 rem
510 971 767 1012 deteriorem
793 978 982 1011 vetustas
1014 967 1119 1008 fecit
1152 976 1195 1008 et
1232 967 1403 1018 Romae,
1435 976 1479 1007 et
1512 967 1557 1007 in

101 1031 290 1072 Graecia.
322 1030 631 1071 confluxerunt
661 1030 777 1070 enim
807 1037 850 1069 et
881 1026 1089 1076 Athenas,
1114 1034 1157 1066 et
1188 1025 1231 1065 in
1264 1024 1374 1065 banc
1405 1025 1556 1065 urbem

99 1088 226 1130 multi
259 1088 482 1142 inquinate
512 1087 736 1142 loquentes
762 1101 817 1126 ex
845 1085 1024 1126 diversis
1057 1083 1177 1124 locis.
1209 1098 1294 1138 quo
1318 1082 1456 1138 magis
1479 1096 1557 1123 ex-

102 1145 353 1202 purgandus
371 1154 437 1186 est
459 1159 613 1195 sermo,
631 1154 674 1186 et
695 1142 955 1193 adhibenda,
976 1152 1195 1196 tamquam
1217 1141 1411 1191 obrussa,
1430 1139 1554 1191 ratio,

102 1219 201 1259 quae
224 1203 382 1244 mutari
405 1217 490 1243 non
517 1211 675 1258 potest,
699 1216 777 1242 nec
810 1199 1018 1242 utendum
1050 1199 1305 1255 pravissima
1325 1207 1556 1239 consuetu-

103 1261 216 1302 dinis
251 1260 411 1317 regula.
471 1259 522 1300 T.
548 1259 855 1309 Flamininum,
878 1258 951 1313 qui
984 1271 1082 1298 cum
1119 1256 1177 1303 Q.
1201 1255 1384 1297 Metello
1407 1255 1646 1296 consuls-259

106 1318 205 1370 fuit,
238 1319 355 1375 pueri
379 1317 580 1358 vidimus.
613 1317 997 1358 71existimabatur
1030 1315 1138 1355 bene
1170 1314 1316 1365 latine,
1340 1313 1413 1354 sed
1444 1313 1560 1354 litte-

105 1391 172 1418 ras
203 1376 438 1418 nesciebat.
500 1374 679 1416 Catulus
709 1384 799 1415 erat
834 1374 902 1414 ille
932 1373 1107 1428 quidem
1137 1372 1317 1412 minime
1344 1372 1562 1423 indoctus,

106 1444 154 1475 ut
177 1449 201 1475 a
223 1443 266 1475 te
290 1432 432 1490 paullo
455 1442 520 1473 est
541 1441 641 1473 ante
662 1432 854 1474 dictum:
885 1432 957 1471 sed
981 1439 1125 1471 tamen
1151 1429 1340 1470 suavitas
1365 1430 1498 1480 vocis,
1520 1439 1564 1470 et

105 1491 211 1533 lenis
244 1489 477 1547 appellatio
508 1490 762 1539 litterarum,
794 1491 904 1530 bene
936 1487 1139 1543 loquendi
1172 1487 1333 1528 famam
1363 1486 1564 1528 confece-

106 1558 187 1590 rat.
246 1552 286 1584 72
300 1548 448 1599 Cotta,
471 1548 573 1602 quia
594 1562 638 1588 se
661 1548 783 1588 valde
805 1546 1036 1587 dilatandis
1058 1545 1212 1586 litteris
1234 1560 1259 1586 a
1281 1545 1565 1586 similitudine

107 1621 264 1663 graecae
295 1605 527 1647 locutionis
560 1606 845 1655 abstraxerat,
879 1605 1147 1658 sonabatque
1183 1604 1448 1644 contrarium
1481 1602 1566 1644 Ca-

108 1665 215 1715 tulo,
250 1665 500 1719 subagreste
533 1663 738 1718 quiddam
772 1663 984 1718 planeque
1018 1660 1326 1712 subrusticum,
1357 1661 1439 1702 alia
1472 1660 1567 1716 qui-

109 1722 223 1772 dem,
245 1723 366 1777 quasi
390 1721 552 1761 inculta
573 1730 616 1761 et
639 1720 821 1761 silvestri
846 1719 928 1769 via,
947 1719 999 1760 ad
1023 1719 1204 1759 eandem
1226 1719 1396 1759 laudem
1417 1733 1568 1775 perve-

110 1789 247 1821 nerat.
310 1779 490 1820 Sisenna
527 1787 687 1830 autem,
716 1777 838 1833 quasi
877 1777 1130 1817 emendator
1172 1777 1381 1817 sermonis
1419 1776 1567 1817 usitati

112 1851 211 1878 cum
233 1850 325 1877 esse
355 1836 497 1887 vellet,
526 1850 578 1876 ne
609 1839 685 1877 73a
708 1835 760 1876 C.
787 1835 924 1876 Rusio
946 1834 1122 1890 quidem
1153 1845 1405 1875 accusatore
1427 1835 1568 1875 deter-

112 1895 194 1935 reri
219 1894 377 1950 potuit,
399 1909 484 1949 quo
506 1894 648 1934 minus
671 1892 888 1936 inusitatis
912 1892 1053 1933 verbis
1076 1901 1283 1933 uteretur.
1344 1892 1565 1939 Quidnam
1577 1903 1657 1939 260

113 1951 226 1993 istuc
255 1953 348 1994 est?
380 1951 521 2007 inquit
554 1951 740 1993 Brutus:
773 1959 848 1992 aut
875 1950 970 2005 quis
1000 1959 1066 1990 est
1097 1950 1179 1991 iste
1210 1949 1263 1990 C.
1289 1949 1477 1992 Rusius?
1512 1949 1569 1991 Et

112 2009 198 2061 ille,
230 2009 332 2051 Fuit
364 2018 603 2060 accusator,
635 2009 791 2064 inquit,
815 2017 952 2058 vetuS,
983 2023 1070 2062 quo
1095 2017 1325 2049 accusante
1347 2010 1387 2041 74
1403 2007 1569 2049 Chriti-

112 2067 234 2118 lium,
259 2067 441 2108 Sisenna
463 2066 712 2117 defendens,
735 2066 863 2116 dixit,
882 2067 1082 2120 quaedam
1106 2065 1199 2121 ejus
1216 2064 1455 2120 spatatilica
1477 2081 1570 2107 esse

113 2125 310 2171 crimina.
370 2123 482 2166 Tum
507 2123 559 2166 C.
585 2124 760 2177 Rusius‚
778 2122 1102 2175 Circumvenior,
1126 2122 1469 2181 inquit‚judice3,
1490 2123 1655 2180 nisi75

156 2249 197 2285 69
216 2251 400 2289 proesertz'm
426 2261 501 2281 eum
519 2248 816 2290 pauci—possint]
862 2248 935 2279 tell.
950 2252 1009 2279 aut
1021 2248 1095 2280 add.
1113 2249 1210 2288 loqui.

116 2292 199 2323 Haec
221 2303 288 2322 non
302 2293 471 2332 pertinent
490 2293 531 2324 ad
545 2294 745 2324 sententiam
766 2302 822 2331 ge·
907 2294 948 2325 72
977 2291 1083 2329 Cotta,
1098 2292 1177 2332 quia
1192 2302 1225 2322 se
1248 2291 1322 2330 δια]
1349 2291 1427 2322 Non
1440 2290 1495 2322 hic
1520 2302 1571 2326 ras

116 2335 275 2372 neralem,
297 2345 368 2374 quae
383 2337 559 2376 praecessit,
573 2336 628 2366 sed
644 2335 686 2366 ad
698 2334 823 2375 superi-

115 2387 182 2409 ora.
223 2377 339 2417 Itaque
353 2379 536 2418 suspicatus
552 2379 721 2408 interdum
736 2387 822 2414 sum,

115 2431 155 2451 ea
177 2430 245 2451 esse
267 2421 481 2460 transposita,
507 2427 543 2452 et
569 2421 722 2462 ponenda
748 2423 823 2460 post

105 2462 251 2504 fabrum
267 2464 462 2501 tignarium.

161 2509 202 2539 70
238 2515 296 2536 nec
329 2516 378 2536 eos
404 2512 435 2536 α’.
466 2507 492 2536 b.
519 2506 550 2536 d.
577 2504 821 2545 infitscuzterat]

120 2545 202 2578 Haec
216 2557 283 2578 non
309 2549 387 2579 satis
402 2558 482 2579 sana
502 2548 667 2585 videntur,
684 2557 725 2578 ne
748 2557 825 2577 con-

118 2590 300 2622 structione
337 2591 482 2630 quidem.
542 2591 613 2632 ‚Qui
654 2591 822 2628 vixerant,

118 2642 179 2662 nec
191 2642 242 2662 eos
254 2634 313 2663 &c.
326 2643 393 2663 non
407 2639 457 2664 est
473 2633 726 2665 Ciceronianum
740 2643 746 2661 :
771 2633 825 2662 vix

119 2674 247 2705 tironis.
291 2675 499 2707 Guilielmius
518 2676 704 2715 corrigebat
719 2685 752 2706 os
766 2683 825 2715 pro

119 2727 190 2747 eos:
213 2727 280 2747 non
303 2719 408 2749 male:
436 2719 492 2750 sed
513 2718 561 2748 ita
586 2718 826 2748 constructioni

121 2759 269 2790 nondum
291 2761 484 2792 consulitur.
529 2761 739 2801 Scripserim:
767 2769 826 2790 nec

120 2812 160 2843 οε,
173 2803 287 2842 aliqua
310 2803 461 2834 barbarie
483 2804 658 2834 domestica
679 2802 826 2844 infusca-

121 2849 251 2875 verant.

163 2890 200 2936 ’Jl
226 2882 478 2931 existimabatur
507 2889 583 2920 bene
610 2887 740 2931 latine-J
776 2888 828 2925 in,-

864 2334 913 2364 tio
937 2333 1097 2371 redditur,
1114 2339 1151 2364 ut
1172 2335 1249 2373 quia
1271 2343 1351 2374 opus
1367 2335 1422 2370 sit,
1439 2333 1494 2364 sed
1508 2334 1573 2365 dis-

866 2377 991 2407 crimen
1003 2387 1021 2407 a
1031 2374 1190 2417 superiori
1201 2377 1402 2417 explicatur:
1428 2377 1574 2408 scriben-

866 2419 1009 2458 dumque
1031 2424 1114 2459 puto
1137 2420 1209 2459 qui:
1248 2419 1309 2449 nisi
1332 2420 1357 2449 si
1383 2429 1443 2459 que
1465 2419 1574 2450 delere

867 2461 962 2492 malis
985 2462 1020 2491 in
1042 2463 1258 2501 sonabatque.-
1281 2468 1319 2491 ut
1343 2463 1377 2492 in
1401 2462 1466 2492 inis
1490 2463 1575 2495 ratio

868 2504 1036 2541 reddatur,
1068 2515 1167 2544 quare
1198 2506 1347 2534 sonuerit
1371 2505 1575 2537 contrarium

871 2546 1003 2577 Catulo.
1049 2547 1111 2577 Sed
1126 2552 1200 2577 tum
1218 2547 1250 2577 in
1269 2548 1385 2578 ceteris
1400 2547 1576 2578 difficultas

867 2589 986 2626 oritur,
1003 2590 1074 2619 alia
1085 2599 1115 2629 q.
1131 2591 1190 2620 ἃς.
1223 2590 1334 2621 Etiam
1347 2591 1492 2630 quadam
1508 2600 1577 2621 ma-

867 2631 940 2668 lim,
957 2642 1054 2670 quam
1070 2633 1210 2671 quidem..

911 2677 951 2707 73
967 2685 988 2704 a
1006 2674 1039 2705 C.
1054 2674 1170 2714 Rusio]
1190 2675 1323 2715 Pighius
1335 2685 1420 2706 corr.
1438 2674 1575 2710 Erucio.

870 2721 952 2747 noto
983 2723 1173 2748 accusatore
1200 2718 1287 2759 apud
1316 2718 1519 2749 Ciceronem.
1546 2727 1576 2747 v.

870 2759 961 2791 Clav-

912 2805 953 2837 74
981 2801 1184 2842 Chritz'lium]
1212 2802 1295 2834 Edd.
1316 2813 1366 2843 pr.
1395 2802 1431 2833 C.
1454 2802 1579 2834 Rutili.

868 2855 940 2882 um,
968 2849 1003 2875 et
1035 2846 1235 2877 Chirtilz'mn.
1263 2846 1447 2889 Vulgatum
1476 2844 1581 2880 edidit

869 2888 1051 2929 Victorius,
1067 2889 1177 2920 nescio
1193 2887 1290 2931 unde.
1442 2885 1445 2889 ’
