1945 3235
674 116 966 155 BRUTUS.
1468 123 1548 158 445

89 225 404 283 Polygnotum,
443 234 487 268 et
513 224 775 276 Timantem,
806 233 850 265 et
891 237 1056 275 eorum,
1094 225 1166 280 qui
1202 240 1290 267 non
1328 234 1431 268 sunt
1472 228 1540 269 usi

86 283 182 341 plus
213 300 342 340 quam
378 294 562 340 quatuor
583 283 817 332 coloribus,
842 280 1001 322 formas
1034 290 1078 321 et
1113 283 1373 326 lineamenta
1396 285 1544 327 lauda-

87 356 208 383 mus:
241 352 286 383 at
317 343 360 383 in
397 342 601 392 Aetione,
634 339 921 389 Nicomacho,
956 338 1221 394 Protogene,
1250 339 1418 395 Apelle,
1446 343 1539 397 jam

85 399 282 455 perfecta
304 408 404 440 sunt
427 398 587 440 omnia.
649 396 706 438 Et
727 396 873 437 nescio
902 406 957 437 an
986 395 1158 452 reliquis
1182 396 1224 437 in
1248 399 1376 438 rebus
1399 400 1539 440 omni-

87 458 168 498 bus
203 457 317 498 idem
348 457 542 497 eveniat:
583 454 692 495 nihil
724 461 789 493 est
821 453 939 494 enim
973 453 1102 494 simul
1137 462 1181 494 et
1214 453 1454 506 inventum,
1495 466 1538 498 et

86 513 355 571 perfectum:
388 528 467 554 nec
486 511 674 554 dubitari
694 511 838 562 debet,
857 511 963 566 quin
986 511 1149 552 fuerint
1170 519 1272 553 ante
1295 511 1534 553 Homerum
1548 524 1596 562 71

86 571 258 627 po‘etae:
291 571 408 626 quod
429 585 483 610 ex
515 569 575 609 eis
608 568 872 609 carminibus
902 568 1087 625 intelligi
1110 577 1269 626 potest,
1303 585 1400 625 quae
1423 571 1538 626 apud

86 628 222 679 illum,
254 637 298 668 et
329 627 371 667 in
412 627 663 677 Phaeacum,
696 634 740 666 et
778 626 823 666 in
863 641 1095 682 procorum
1133 626 1272 684 epulis
1308 638 1538 670 canuntur.

85 685 231 733 Quid?
261 683 397 725 nostri
420 693 586 725 veteres
611 698 755 725 versus
778 684 853 725 ubi
877 687 1004 726 sunt?

352 759 391 791 37
408 771 496 807 quos
515 759 600 794 olim
614 758 742 802 Fauni,
758 764 928 806 vatesque
946 758 1134 799 canebant,

241 812 331 849 Cum
345 824 459 859 neque
474 812 667 847 Musarum
684 812 849 860 scopulos
866 813 1058 861 quisquam
1076 816 1285 860 superarat,

235 866 313 902 Nec
329 867 419 901 dicti
433 865 616 901 studiosus
634 869 738 902 erat:

236 920 334 955 Ante
353 914 472 957 hunc?

79 987 140 1029 ait
162 986 254 1044 ipse
285 986 338 1027 de
358 1000 426 1027 se:
461 999 539 1026 nec
561 984 770 1025 mentitur
791 983 836 1026 in
868 983 1112 1041 gloriando.
1131 983 1194 1026 sic
1215 984 1330 1026 enim
1354 997 1445 1026 sese
1464 999 1574 1032 resp.
1592 995 1666 1028 17].

78 1045 226 1086 habet.
251 1058 350 1084 nam
373 1052 417 1084 et
431 1042 628 1098 Odyssea
652 1042 807 1083 Latina
827 1053 907 1094 est,
923 1043 983 1083 sic
1005 1050 1211 1098 tanquam
1227 1058 1335 1099 opus
1356 1043 1530 1100 aliquod
1542 1046 1571 1066 ἃ·

81 1101 268 1153 Daedali,
301 1111 344 1142 et
369 1100 571 1142 “Livianae
602 1100 776 1151 fabulae,
807 1115 894 1141 non
929 1100 1030 1140 satis
1055 1100 1217 1156 dignae,
1248 1115 1351 1156 quae·
1374 1101 1530 1142 iterum

79 1159 295 1216 legantur.
333 1157 480 1214 Atque
500 1157 572 1198 hic
597 1157 759 1209 Livius,
782 1158 856 1212 qui
879 1158 1042 1214 primus
1066 1156 1273 1210 fabulam,
1296 1157 1350 1199 C.
1375 1158 1530 1200 Clodio
1541 1159 1594 1199 72
1624 1184 1637 1197 ·

81 1217 203 1259 Caeci
234 1216 324 1257 filio
355 1225 398 1256 et
432 1215 499 1256 M.
522 1214 739 1256 Tuditano
778 1215 1043 1266 consulibus,
1077 1215 1242 1267 docuit,
1273 1230 1388 1257 anno
1420 1217 1531 1272 ipso,

80 1284 313 1330 antequam
335 1282 461 1314 natus
494 1281 559 1313 est
586 1271 777 1323 Ennius;
809 1281 909 1330 post
932 1272 1120 1314 Romam
1143 1273 1365 1315 conditam
1386 1285 1532 1316 autem

79 1331 410 1387 quartodecimo
439 1340 482 1371 et
511 1330 875 1386 quingentesimo,
906 1338 955 1371 ut
983 1331 1057 1372 hic
1089 1332 1163 1383 ait,
1194 1346 1322 1386 quem
1354 1346 1433 1373 nos
1467 1346 1532 1373 se-

77 1390 265 1445 quimur.
326 1387 405 1429 Est
440 1388 556 1429 enim
587 1387 699 1429 inter
740 1388 971 1444 scriptores
1009 1388 1063 1430 de
1099 1403 1280 1430 numero
1320 1404 1533 1431 annorum

78 1446 388 1488 controversia.
447 1444 596 1486 Attius
614 1454 782 1487 autem:
820 1446 876 1492 Q.
901 1445 1106 1488 Maximo
1128 1447 1330 1502 quintum
1353 1447 1532 1491 consule

76 1506 304 1560 3sscaptu1n
333 1502 521 1545 Tarento
553 1503 725 1559 scripsit
756 1503 944 1555 Livium,
967 1505 1090 1545 annis
1122 1519 1228 1547 xxx
1262 1513 1376 1561 post,
1400 1520 1532 1561 quam

76 1576 175 1604 eum
203 1561 395 1603 fabulam
418 1561 617 1603 docuisse
646 1569 690 1601 et
710 1559 884 1602 Atticus
919 1562 1085 1613 scribit,
1108 1570 1152 1602 et
1172 1577 1251 1603 nos
1273 1563 1318 1603 in
1341 1563 1530 1619 antiquis

75 1619 398 1660 commentariis
435 1618 704 1660 invenimus:
747 1618 946 1660 docuisse
988 1629 1133 1660 autem
1175 1619 1368 1661 fabulam
1406 1620 1528 1662 annis
1540 1628 1592 1669 7'3

74 1677 176 1732 post
197 1691 248 1717 xx
271 1676 323 1717 C.
348 1675 566 1727 Cornelio,
591 1676 648 1722 Q.
673 1675 875 1716 Minucio
898 1677 1164 1728 consulibus,
1186 1677 1297 1718 ludis
1318 1677 1530 1720 ,Iuventa-

75 1734 147 1785 τῖε,
178 1748 286 1790 quos
318 1733 533 1774 Salinator
553 1736 594 1767 39
608 1733 786 1774 Senensi
809 1733 970 1789 proelio
998 1742 1190 1776 voverat.
1252 1734 1305 1776 In
1328 1750 1414 1790 quo
1435 1744 1531 1778 tan-

74 1800 144 1831 tus
172 1805 288 1832 error
311 1790 425 1832 Attii
449 1790 546 1842 fuit,
576 1800 625 1832 ut
654 1790 721 1831 his
751 1790 1002 1833 consulibus
1037 1805 1102 1834 x1.
1131 1806 1268 1834 annos
1290 1802 1417 1834 natus
1441 1792 1530 1835 En-

74 1849 173 1890 nius
202 1848 353 1891 fuerit:
385 1849 455 1890 cui
489 1863 588 1890 cum
611 1848 788 1904 aequalis
818 1847 950 1891 fuerit
974 1849 1138 1901 Livius,
1168 1850 1311 1891 minor
1340 1849 1424 1891 fuit
1452 1851 1531 1892 ali-

73 1915 238 1961 quanto
269 1907 320 1958 is,
343 1907 417 1962 qui
451 1906 614 1962 primus
648 1905 839 1947 fabulam
867 1906 1002 1958 dedit,
1025 1922 1155 1963 quam
1188 1907 1233 1959 ii,
1265 1908 1339 1963 qui
1369 1908 1526 1950 multas

72 1963 311 2005 docuerant
330 1974 430 2005 ante
453 1965 530 2005 hos
549 1963 759 2015 consules,
782 1972 827 2004 et
850 1962 1030 2005 Plautus
1049 1974 1092 2006 et
1113 1965 1310 2006 Naevius.
1355 1965 1469 2007 Hssaec
1490 1967 1524 2008 si
1543 1963 1612 2018 19

72 2023 217 2062 minus
248 2031 350 2078 apta
381 2021 583 2063 videntur
615 2021 717 2062 huic
749 2023 951 2073 sermoni,
987 2022 1137 2075 Brute,
1166 2021 1318 2064 Attico
1338 2023 1524 2079 assigna,
1537 2035 1588 2073 74

73 2079 149 2135 qui
183 2094 252 2120 me
278 2079 567 2121 inflammavit
596 2079 753 2131 studio,
778 2079 1006 2122 illustrium
1035 2080 1264 2121 hominum
1298 2089 1448 2122 aetates
1481 2091 1526 2123 et

73 2145 273 2193 tempora
290 2136 590 2194 persequendi.
652 2135 748 2193 Ego
768 2151 885 2189 vero,
909 2138 1050 2193 inquit
1073 2138 1250 2189 Brutus,
1273 2147 1316 2179 et
1335 2138 1525 2182 delector

71 2193 157 2234 ista
188 2196 308 2250 quasi
340 2195 565 2236 notatione
599 2203 858 2251 temporum,
891 2205 935 2236 et
964 2196 1018 2242 ad
1048 2196 1107 2247 id,
1130 2196 1247 2252 quod
1281 2196 1523 2249 instituisti,

71 2260 292 2293 oratorum
331 2267 490 2308 genera
524 2252 792 2308 distinguere
835 2254 1053 2306 aetatibus,
1084 2255 1212 2302 istam
1250 2253 1523 2311 diligentiam

73 2324 165 2351 esse
198 2310 571 2356 accommodatam
606 2323 730 2366 puto.
791 2310 945 2363 Recte,
976 2311 1168 2367 inquam,
1192 2311 1342 2362 Brute,
1367 2312 1522 2353 intelli·
1535 2322 1586 2361 7⁷5

74 2367 162 2423 gis:
195 2376 325 2423 atque
355 2368 521 2409 utinam
553 2376 774 2409 exstarent
806 2368 879 2409 illa
907 2370 1113 2420 carmina,
1136 2384 1233 2424 quae
1264 2369 1413 2410 multis
1444 2385 1525 2412 sae-

73 2424 180 2465 culis
204 2435 304 2467 ante
335 2440 455 2466 suam
487 2434 661 2467 aetatem
685 2426 729 2466 in
762 2425 900 2482 epulis
934 2441 1024 2467 esse
1057 2427 1268 2468 cantitata
1289 2443 1315 2468 a
1343 2427 1525 2484 singulis

73 2482 267 2523 convivis
295 2484 349 2525 de
370 2483 583 2524 clarorum
607 2483 794 2524 virorum
825 2483 1038 2534 laudibus,
1062 2484 1107 2525 in
1131 2483 1388 2540 Originibus
1422 2487 1526 2527 scri-

75 2547 198 2595 ptum
219 2540 392 2597 reliquit
414 2540 551 2583 Cato!
585 2549 729 2582 tamen
754 2541 866 2582 illius
882 2556 1020 2598 quem
1041 2541 1086 2582 in
1104 2542 1276 2584 vatibus
1298 2550 1341 2584 et
1364 2542 1525 2586 Faunis

116 2655 156 2687 37
177 2663 255 2693 quos
275 2655 351 2685 olim
367 2655 440 2696 ὕεα]
471 2657 557 2687 Sunt
580 2665 691 2687 versus
706 2655 774 2686 En-
816 2665 884 2686 non
922 2661 1050 2687 rec-tum
1084 2656 1267 2688 videbatur.
1308 2657 1525 2689 Scribendum

74 2695 122 2725 nii
137 2695 193 2726 Or.
209 2699 243 2727 51
253 2720 260 2728 .
284 2698 403 2729 ultima
423 2700 527 2739 quisq.
541 2710 567 2729 s.
589 2708 658 2729 non
675 2699 775 2729 habet
816 2699 902 2729 forte
913 2699 1061 2730 Tuo-enti.
1077 2699 1139 2730 Sed
1152 2700 1325 2739 vulgatum
1340 2701 1417 2730 ferri
1430 2710 1522 2740 posse

73 2737 124 2768 ed.
140 2738 230 2769 Med.
246 2739 301 2770 sed
312 2741 482 2781 quisquam
494 2742 586 2772 addit
600 2751 694 2772 versu
705 2750 772 2781 seq.
815 2741 958 2777 videtur,
981 2752 1040 2783 pro
1063 2747 1200 2783 captum
1224 2752 1242 2772 e
1262 2742 1422 2773 Tarento.
1440 2753 1467 2773 v.
1482 2743 1525 2774 ad

74 2781 244 2820 quisquam
255 2787 340 2820 erat,
357 2787 394 2813 ut
403 2783 475 2814 edd.
489 2783 666 2815 Ald.Junt.
680 2783 777 2814 male.
819 2784 914 2815 Vei-r.
931 2784 989 2821 lv,
1006 2788 1057 2815 50.

116 2825 157 2854 3&
179 2828 313 2862 captum
329 2824 486 2866 Tarento]
515 2826 575 2857 Ed.
598 2827 687 2857 Med.
703 2827 777 2857 Asc.
862 2830 903 2861 39
926 2826 1060 2858 Senensi
1077 2826 1207 2867 proelio]
1225 2827 1392 2858 Victorius
1415 2828 1524 2870 conje-

72 2869 167 2907 capto
179 2866 260 2899 Tar.
274 2876 392 2910 nempe
400 2868 477 2910 quia
487 2873 622 2912 captum
633 2869 778 2904 Tarento
819 2869 864 2902 cit
880 2869 1066 2905 Senonensi.
1081 2879 1147 2902 non
1158 2869 1267 2912 placet
1283 2870 1438 2903 Grutero.
