1945 3235
388 144 465 180 482
974 138 1250 180 BRUTUS.

391 247 477 288 sius
499 247 539 277 ⁴⁴3
554 244 764 287 eliceretis
793 259 847 286 ex
871 258 953 295 me,
975 244 1077 300 quid
1102 245 1154 286 de
1187 259 1359 300 quoque
1374 245 1635 301 judicar,em
1655 261 1744 311 eos,
1764 244 1840 303 qui

385 304 481 360 jam
504 311 604 344 sunt
625 302 800 354 mortui,
824 277 1072 344 nominabo.
1120 301 1232 344 Tum
1258 303 1432 354 Brutus,
1458 304 1558 345 Non
1583 314 1662 355 est,
1685 304 1839 359 inquit,

393 362 477 402 ista
497 375 640 413 causa,
662 375 790 417 quam
818 360 941 410 dicis,
963 361 1244 424 quamobrem
1275 360 1358 401 de
1350 361 1416 411 iis,
1439 361 1512 416 qui
1542 361 1710 412 vivunt,
1734 361 1841 402 nihil

395 419 499 461 velis
518 419 674 460 dicere
704 419 918 464 Quaenam
943 417 1075 473 igitur
1080 417 1301 473 ,inquam,
1323 421 1415 459 est?
1440 419 1585 459 Vereri
1608 429 1664 470 te,
1684 419 1839 473 inquit,

396 476 596 527 arbitror,
618 491 670 517 ne
691 490 764 532 per
786 490 864 515 nos
888 474 957 515 hic
981 490 1119 516 sermo
1138 486 1236 516 tuus
1255 485 1441 526 emanet,
1455 486 1498 516 et
1516 476 1543 516 ii
1565 477 1645 517 tibi
1666 490 1843 517 succen-

395 543 530 585 seant,
549 548 657 589 quos
681 532 950 595 praeterieris.
991 533 1134 578 Quid?
1167 548 1257 583 vos,
1281 533 1471 588 inquam,
1494 542 1634 574 tacere
1655 548 1741 574 non
1766 548 1843 589 po-

395 591 562 633 teritis?
594 591 686 632 Nos
708 590 898 645 quidem,
918 589 1073 644 inquit,
1088 589 1314 631 facillime.
1340 592 1410 631 sed
1430 602 1572 632 tamen
1593 601 1636 632 te
1657 591 1843 632 arbitror

394 651 436 680 44
446 648 600 690 malle
592 662 731 704 ipsum
752 657 904 697 tacere,
923 661 1053 701 quam
1071 647 1408 689 taciturnitatem
1429 662 1619 690 nostram
1638 648 1840 713 experiri.

305 712 384 750 232
396 703 506 747 Tum
521 720 619 762 ego,
633 705 963 759 Ver'e,1nquam‚
978 703 1073 754 tibi,
1089 704 1237 755 Brute,
1255 705 1412 747 dicam.
1434 721 1516 748 non
1535 721 1601 747 me
1617 706 1842 747 existima-

264 781 296 813 ρ.
315 771 382 803 186.
397 763 438 804 vi
457 764 499 804 in
520 763 602 804 hoc
626 777 820 804 sermone
839 776 973 817 usque
992 761 1043 802 ad
1067 761 1175 802 hanc
1196 771 1367 803 aetatem
1382 779 1472 804 esse
1493 773 1746 805 ventu1·:um
1769 763 1842 805 sed

353 821 457 862 a'ita
479 820 611 862 traxit
635 821 740 862 ordo
763 829 941 861 aetatum
963 819 1220 870 orationem,
1245 828 1291 859 ut
1312 820 1405 884 jam
1430 822 1482 862 ad
1505 821 1692 862 minoles
1710 821 1842 863 etiam

394 879 678 934 pervenerim.
712 877 945 933 Interpone
969 877 1116 932 igitur,
1139 877 1293 931 inquit,
1318 878 1350 918 si
1375 893 1481 932 quos
1506 879 1696 920 videtur:
1721 879 1842 920 dein-

393 935 448 977 de
469 936 691 977 redeamus
712 935 764 976 ad
789 944 845 985 te,
867 943 910 975 et
929 935 980 975 ad
1006 933 1306 975 Hortensium.
1349 935 1489 976 Immo
1514 950 1628 987 vero,
1649 936 1841 991 inquam,

393 993 446 1035 ad
472 993 781 1034 Hortensium·
814 994 854 1023 45
868 992 921 1032 de
944 1006 1011 1032 me
1033 991 1104 1032 alii
1128 992 1288 1042 dicent,
1313 993 1344 1033 si
1365 993 1438 1048 qui
1464 993 1622 1034 volent.
1653 993 1841 1035 Minime

393 1066 510 1102 vero,
538 1051 694 1115 inquit.
718 1065 815 1091 nam
838 1049 918 1091 etsi
942 1064 1011 1090 me
1034 1049 1158 1090 facile
1192 1050 1310 1090 omni
1335 1060 1409 1091 tuo
1431 1065 1627 1092 sermone
1650 1051 1843 1102 tenuisti,

393 1116 537 1150 tamen
572 1109 607 1150 is
629 1108 734 1149 mihi
766 1107 938 1163 longini
962 1107 1147 1158 videtur,
1181 1107 1297 1163 quod
1309 1123 1504 1172 'propelo
1538 1108 1685 1149 audiie
1707 1109 1760 1149 de
1782 1119 1839 1150 te.

391 1180 473 1208 nec
491 1181 592 1208 vero
614 1176 700 1207 tam
724 1166 776 1207 de
808 1165 1043 1207 virtutibus
1065 1165 1235 1206 dicendi
1258 1167 1356 1216 tuis,
1379 1181 1477 1221 quae
1501 1180 1600 1207 cum
1623 1167 1842 1220 omnibus,
1944 1140 1945 1196 i

395 1233 485 1265 tum
504 1234 620 1266 certe
642 1223 747 1265 mihi
770 1223 1010 1264 notissimas
1032 1232 1146 1273 sunt,
1168 1223 1210 1254 46
1222 1238 1350 1278 quam
1374 1224 1579 1279 [quod]g
1552 1224 1706 1265 aradus
1727 1234 1839 1275 tuos,
1943 1224 1945 1274 ξ

302 1291 380 1325 233
394 1291 437 1323 et
457 1283 578 1337 quasi
605 1296 823 1338 processus
845 1281 1015 1322 dicendi
1038 1280 1189 1322 studeo
1212 1296 1490 1337 cognoscere.
1552 1282 1752 1333 Geretur
1775 1282 1841 1323 in·
1944 1278 1945 1336 i

393 1355 539 1395 quam,
562 1340 640 1381 tibi
666 1354 782 1380 mos:
814 1338 1019 1394 quoniam
1039 1353 1107 1378 me
1130 1353 1216 1379 non
1240 1338 1402 1395 ingenii
1427 1314 1754 1395 praedicatoreni
1777 1354 1842 1381 es-
1943 1337 1945 1363 ⁴

396 1412 440 1438 se
457 1397 534 1447 vis,
557 1397 628 1438 sed
652 1397 809 1438 laboris
833 1397 931 1436 mei.
981 1395 1140 1436 Verum
1165 1396 1453 1461 interponam,
1474 1406 1521 1438 ut
1541 1397 1696 1453 placet,
1717 1397 1840 1449 alios,

395 1463 439 1496 et
460 1470 485 1496 a
508 1455 576 1496 Μ.
600 1454 772 1505 Crasso,
793 1453 866 1508 qui
887 1453 970 1494 fuit
989 1453 1166 1508 aequalis
1192 1453 1432 1505 Hortensii,
1455 1455 1675 1496 excidiar.

311 1509 384 1564 66
454 1512 497 1553 Is
537 1512 670 1569 igitur
707 1511 982 1552 mediocriter
1017 1526 1042 1550 a
1082 1511 1280 1552 doctrina
1322 1512 1571 1562 instructus,
1614 1513 1844 1568 angustius

393 1570 524 1611 etiam
555 1585 580 1610 a
611 1579 779 1620 natura,
801 1568 947 1609 labore
977 1576 1020 1609 et
1054 1567 1278 1619 industria,
1301 1577 1344 1609 et
1377 1570 1490 1624 quod
1515 1569 1751 1611 adhibebat
1785 1571 1839 1612 ad

391 1627 649 1669 obtinendas
676 1641 827 1668 causas
858 1640 1004 1667 curam
1037 1625 1184 1677 etiam,
1206 1629 1245 1659 47
1260 1636 1303 1666 et
1324 1627 1525 1683 gratiam,
1555 1628 1597 1668 in
1631 1627 1840 1684 principi-

391 1685 470 1726 bus
494 1685 687 1742 patronis
721 1683 887 1739 aliquot
908 1698 1042 1724 annos
1077 1682 1174 1724 fuit.
1237 1682 1286 1724 In
1312 1659 1441 1739 hujus
1474 1685 1670 1726 oratione
1699 1699 1838 1726 sermo

392 1743 572 1784 Latinus
601 1751 707 1792 erat,
732 1742 862 1782 v·e1ba
890 1756 975 1782 non
999 1740 1186 1796 abjecta,
1210 1755 1273 1782 res
1303 1743 1559 1798 compositae
1582 1742 1838 1798 diligenter:

390 1800 529 1841 nullus
552 1801 631 1841 flos
657 1810 815 1850 tamen,
837 1814 976 1862 neque
1000 1798 1143 1839 lumen
1171 1798 1326 1841 ullum:
1360 1799 1492 1840 animi
1525 1814 1698 1856 magna,
1722 1800 1840 1844 vocis
1938 1823 1945 2014 ὅ

204 1560 230 1572 »x

390 1873 521 1914 parva
552 1857 791 1906 contentio,
823 1871 969 1897 omnia
1001 1855 1088 1897 fere
1122 1866 1169 1897 ut
1199 1856 1396 1898 similiter
1426 1865 1557 1912 atque
1590 1872 1677 1899 uno
1707 1858 1839 1900 modo

387 1917 647 1957 dicerentur.
710 1915 824 1956 Nam
860 1914 986 1970 hujus
1023 1914 1200 1979 aequalis
1229 1924 1273 1955 et
1314 1915 1514 1956 inimicus
1549 1914 1602 1956 C.
1632 1915 1840 1968 Fimbria,

388 1988 475 2014 non
508 1973 568 2015 ita
590 1973 661 2014 din
686 1972 854 2027 jactare
887 1987 929 2012 se
963 1973 1130 2028 potuit:
1163 1972 1237 2026 qui
1268 1972 1414 2013 omnia
1446 1987 1606 2029 magna
1640 1987 1745 2014 voce
1773 1974 1839 2014 di-

387 2046 505 2082 cenS,
537 2032 762 2072 verborum
800 2044 900 2071 sane
933 2030 1142 2070 bonorum
1174 2043 1300 2070 cursu
1333 2031 1520 2085 quodam
1552 2030 1748 2082 incitato,
1780 2031 1842 2072 ita

389 2088 561 2130 furebat
585 2098 742 2139 tamen,
765 2097 812 2127 ut
834 2088 1035 2128 mirarere
1056 2097 1142 2129 tam
1165 2086 1268 2127 alias
1292 2102 1356 2128 res
1388 2102 1516 2144 agere
1545 2088 1769 2144 populum,
1792 2097 1840 2131 ut
1940 2120 1941 2127 ,

300 2156 502 2210 234esset
524 2147 674 2187 insano
698 2146 807 2187 intel
829 2145 1012 2186 disertos
1033 2144 1166 2186 locus.
1201 2143 1283 2185 Cn.
1300 2155 1444 2186 autem
1471 2146 1676 2187 Lentulus
1700 2145 1838 2188 multo
1936 2143 1938 2147 ’

390 2204 600 2259 majorem
622 2203 871 2259 opinionem
893 2202 1063 2244 dicendi
1096 2202 1267 2243 actione
1298 2202 1501 2254 faciebat,
1522 2218 1652 2259 quam
1676 2213 1839 2259 quanta

390 2262 436 2303 in
468 2276 519 2303 eo
552 2260 734 2302 facultas
765 2270 880 2302 erat:
913 2260 987 2316 qui
1020 2275 1119 2301 cum
1151 2269 1264 2301 esset
1295 2275 1375 2302 nec
1411 2271 1654 2318 peracutuS,
1687 2276 1839 2317 quam-

431 2395 473 2424 43
494 2391 675 2431 eliceretis}
691 2391 751 2422 Est
770 2401 787 2422 e
809 2391 1012 2422 correctione
1035 2391 1092 2422 Ri—
1135 2390 1223 2423 hand
1246 2391 1438 2422 dubitanter
1460 2391 1648 2429 delendum,
1667 2390 1781 2422 turbat
1804 2402 1838 2422 e-

389 2435 444 2466 vii.
488 2434 579 2465 Libri
593 2444 654 2464 scr.
670 2438 705 2464 et
716 2432 786 2464 edd.
801 2435 976 2474 eligeretiS,
992 2434 1091 2471 male,
1136 2435 1204 2464 nim
1220 2435 1514 2466 constructionem.
1532 2433 1679 2464 Pendent
1693 2434 1804 2465 omnia
1820 2445 1840 2466 a

388 2482 422 2507 et
445 2477 544 2508 solita
565 2477 756 2507 confusione
775 2476 879 2507 literae
903 2486 929 2507 c.
947 2481 979 2507 et
1002 2487 1038 2516 g.
1052 2477 1091 2507 de
1135 2478 1246 2507 studeo
1269 2486 1474 2515 cognoscere.-
1507 2476 1568 2506 nisi
1592 2475 1626 2506 in
1652 2477 1772 2516 primo,
1799 2478 1841 2507 de

388 2529 453 2558 qua
468 2520 508 2550 ad
521 2520 675 2549 Tacitum
691 2519 841 2549 vidimus.
1134 2520 1311 2550 virtutibus
1329 2521 1406 2556 tuis,
1429 2530 1447 2550 e
1468 2517 1729 2559 praecedentibus
1743 2519 1840 2550 malis

430 2565 471 2592 44
495 2563 594 2592 malle
614 2563 648 2591 id
668 2563 773 2602 ipsum
795 2561 916 2601 tacere]
943 2561 982 2592 In
1009 2563 1089 2594 Mss.
1135 2567 1281 2602 repetere
1307 2563 1435 2592 audire.
1459 2566 1547 2592 certe
1575 2561 1608 2591 in
1639 2561 1744 2592 altero
1774 2566 1839 2600 est,

388 2604 460 2634 Pat.
486 2605 597 2644 Cujac.
627 2614 694 2634 non
724 2605 884 2644 reperitur
911 2605 957 2634 id.
983 2609 1090 2636 recte:
1135 2614 1234 2642 quam
1263 2604 1378 2634 studeo
1407 2613 1602 2642 cognoscere
1628 2604 1747 2643 gradus
1775 2604 1835 2636 διο.
1931 2611 1934 2637 5

390 2656 466 2676 nam
495 2656 561 2675 non
585 2655 691 2676 sermo
706 2651 754 2676 est
771 2646 810 2677 de
827 2656 873 2684 re,
895 2656 969 2686 quae
984 2652 1092 2678 tacea-
1135 2647 1244 2685 itaque
1257 2647 1342 2686 quod
1352 2646 1446 2676 uncis
1462 2646 1590 2676 inclusi.
1931 2643 1934 2649 '

390 2694 456 2719 tur.
473 2689 582 2727 itaque
597 2687 712 2718 delevi.
1177 2691 1216 2723 47
1241 2693 1272 2719 et
1291 2688 1459 2728 gratiam]
1486 2689 1626 2729 Nempe,
1638 2689 1715 2728 quia
1729 2688 1838 2728 gratia

431 2734 472 2762 45
495 2731 533 2760 de
547 2740 598 2760 we
617 2731 677 2760 aliz·
693 2731 798 2760 dicent
820 2730 894 2769 &c.]
920 2731 990 2762 Scr.
1006 2731 1092 2761 arbi·
1133 2731 1263 2761 valebat
1299 2731 1386 2771 apud
1418 2731 1556 2767 multos,
1587 2730 1715 2771 judices
1742 2735 1837 2763 extra

389 2777 461 2803 tror
482 2774 605 2803 dicant.
630 2782 696 2802 non
722 2773 814 2808 dicit,
837 2772 915 2812 quid
942 2774 1092 2804 futurum
1130 2773 1295 2813 judicium
1321 2778 1355 2804 et
1387 2779 1465 2804 ante
1486 2773 1647 2811 judicium
1675 2773 1835 2808 docendo,

388 2815 453 2845 sit:
492 2815 548 2846 sed
574 2815 730 2854 relinquit
753 2814 824 2845 aliis
849 2815 888 2845 de
910 2825 944 2846 se
971 2815 1090 2853 dicere,
1134 2816 1311 2853 monendo,
1324 2815 1467 2855 rogando
1479 2817 1539 2847 διο.
1553 2825 1748 2857 praeparare,
1759 2825 1838 2847 con-

390 2858 477 2897 quod
492 2863 540 2888 est
556 2857 680 2893 dicam,
697 2867 763 2887 non
778 2857 896 2888 dicent.
1134 2858 1245 2889 cinare
1258 2867 1363 2889 causae
1379 2863 1520 2899 poterat.

429 2900 472 2932 46
494 2910 595 2941 quam
618 2900 703 2940 quod
719 2899 850 2939 gradus
864 2903 889 2930 t.
911 2899 986 2940 δια]
1011 2899 1096 2940 quod
