1945 3235
354 107 426 145 104
821 104 901 144 AD
936 105 1308 146 HERENNIUM

355 218 579 265 cognatos,
602 208 644 249 in
674 208 910 265 superiores
940 220 1188 261 contumax,
1212 212 1254 252 in
1280 224 1424 266 aequos
1447 217 1490 252 et
1511 225 1631 268 pares
1652 207 1776 253 fasti-

358 266 518 314 diosus,
542 267 584 307 in
607 265 826 308 inferiores
859 268 1053 320 crudelis,
1075 269 1257 323 denique
1281 269 1321 309 in
1354 281 1499 308 omnes
1531 268 1777 310 intolerabi-

299 329 347 364 53
360 323 424 365 lis.
487 323 687 379 Ejusdem
711 324 876 379 generis
905 334 969 365 est
999 324 1067 365 illa
1099 325 1396 379 frequentatio,
1418 339 1514 379 quae
1545 325 1774 380 plurimum

359 380 719 436 conjecturalibus
737 381 875 421 causis
897 382 1144 437 opitulatur,
1174 396 1269 422 cum
1294 381 1569 437 suspiciones,
1592 395 1687 437 quae
1709 394 1775 422 se-

357 438 539 494 paratim
570 438 713 487 dictae,
743 438 920 478 minutae
953 448 995 479 et
1026 439 1203 479 iufirmae
1235 447 1368 488 crant,
1399 453 1530 479 unum
1562 439 1605 479 in
1635 437 1779 479 locum

357 505 519 536 coacta·
545 509 631 535 rem
663 495 860 535 videntur
889 495 1154 550 perspicuam
1187 495 1339 545 facere,
1370 509 1454 535 non
1486 495 1779 552 suspiciosam,

357 551 440 592 hoc
465 562 612 607 pacto:
639 551 784 592 Nolite
804 551 949 605 igitur,
969 552 1114 601 nolite,
1130 553 1314 607 jlidice5,
1332 567 1395 601 ea,
1414 567 1510 606 quae
1529 552 1635 602 dixi,
1659 565 1780 607 sepa-

358 609 482 649 ratim
515 619 729 663 spectare:
763 609 834 648 scd
861 609 1005 648 omnia
1035 609 1238 662 colligite,
1265 619 1306 649 ct.
1337 609 1528 650 conferte
1558 609 1598 649 in
1632 621 1781 649 unum.

276 657 340 705 41
360 665 404 705 Si
427 675 467 705 ct
491 665 764 706 commodum
788 665 837 705 ud
863 665 990 706 istum
1013 680 1066 706 ex
1092 664 1200 706 illius
1224 677 1359 707 morte
1383 666 1593 716 veniebat,
1619 673 1662 706 et
1689 664 1781 705 vita

361 722 545 762 hominis
575 731 637 762 est
671 722 928 777 turpissima,
955 722 1119 762 animus
1150 723 1433 773 avarissimus,
1455 726 1494 757 98
1509 722 1693 763 fortunae
1716 719 1780 761 fa-

248 792 279 822 P·
295 785 346 816 37-
360 779 543 819 miliarcs
555 778 923 829 attenuatissimae,
937 788 979 819 et
994 793 1055 819 res
1071 780 1150 820 ista
1169 781 1282 821 bono
1301 780 1460 820 nemini
1480 788 1634 836 praeter
1651 779 1782 819 istum

315 835 345 855 ὃ·
359 836 462 876 fuit:
486 849 624 890 neque
646 835 750 876 alius
764 836 989 890 quisquam
1005 850 1126 891 aeque
1139 837 1378 888 commode,
1401 837 1426 863 ⁷*
1443 850 1578 892 neque
1592 836 1671 877 iste
1688 833 1781 876 aliis

358 892 726 934 couunodioribus
746 893 986 933 rationibus
1010 891 1147 933 sac-cre
1171 894 1333 949 potuit:
1358 909 1494 949 neque
1517 892 1783 950 praeteritum

357 949 589 1005 quicquam
612 958 677 989 est
699 949 752 989 ab
783 949 880 998 isto,
902 948 1017 1003 quod
1040 964 1146 1005 opus
1174 950 1303 991 fuerit
1322 951 1373 992 ad
1404 951 1687 992 maleficium:
1708 961 1783 989 ne-

357 1020 441 1062 que
473 1005 649 1057 factum,
671 1006 787 1062 quod
817 1010 924 1062 Opus
958 1020 1044 1047 non
1075 1005 1224 1048 fuerit:
1256 1015 1299 1047 et
1330 1022 1428 1048 cum
1458 1007 1575 1048 locus
1606 1007 1785 1048 idoneus

356 1062 547 1104 maxime
569 1064 790 1118 quaesitus,
814 1072 905 1103 tum
928 1064 1098 1104 occasio
1118 1063 1393 1121 aggrediendi
1414 1064 1654 1114 commoda,
1676 1067 1802 1104 tem-'

358 1134 438 1176 pus
461 1120 643 1161 adeundi
667 1120 1093 1176 opportunissimum,
1114 1121 1299 1176 spatium
1312 1121 1567 1162 conficiendi
1586 1119 1785 1176 longissi-

357 1191 477 1218 mum
501 1187 686 1218 sumtum
722 1186 800 1229 est,
827 1192 911 1218 non
944 1177 1033 1218 sine
1056 1179 1245 1219 maxima
1277 1178 1520 1219 occultandi
1541 1182 1582 1214 99
1594 1185 1638 1218 et
1688 1175 1785 1217 erfi-

357 1234 499 1275 ciendi
526 1234 725 1275 maleficii
749 1249 846 1291 spe:
871 1244 913 1276 et
944 1244 1151 1290 praeterea
1176 1244 1289 1287 ante,
1311 1250 1439 1291 quam
1467 1235 1632 1277 occisus
1655 1191 1786 1275 iiomo

357 1290 394 1330 is
416 1300 494 1340 est,
522 1291 602 1332 iste
627 1292 738 1332 visus
768 1292 893 1332 estin
916 1306 966 1332 eo
989 1292 1098 1343 loco,
1122 1293 1164 1333 in
1194 1307 1279 1348 quo
1302 1293 1462 1335 occisio
1492 1292 1620 1342 facta,
1643 1290 1782 1332 solus:

359 1348 502 1404 paullo
534 1358 631 1404 post
661 1349 705 1389 in
737 1349 830 1405 ipso
861 1348 1086 1400 maleficio,
1117 1365 1202 1391 vox
1235 1349 1359 1402 illius,
1391 1350 1463 1406 qui
1495 1349 1787 1398 occidebatur,

359 1405 530 1447 audita:
554 1406 707 1446 deinde
729 1415 827 1462 post
849 1406 1124 1458 occisionem,
1147 1408 1276 1448 istum
1298 1407 1433 1449 multa
1458 1415 1585 1448 nocte
1609 1406 1788 1447 domum

364 1462 535 1502 rediisse
565 1472 759 1504 constat:
793 1472 963 1518 postera
991 1463 1060 1505 die
1088 1465 1324 1505 titubanter
1354 1474 1396 1506 et
1422 1465 1714 1506 inconstanter
1735 1461 1788 1502 de

360 1519 577 1559 occisione
608 1519 720 1560 illius
751 1519 964 1561 locutum:
998 1520 1093 1563 haec
1132 1522 1290 1577 partim
1330 1520 1601 1570 testimoniis,
1633 1518 1791 1575 partim

359 1576 673 1630 quaestionibus
695 1585 738 1617 et
755 1578 1018 1632 argumentis
1033 1580 1178 1619 omnia
1195 1579 1545 1634 comprobantur,
1558 1586 1602 1618 et
1619 1588 1789 1617 rumore

360 1632 525 1688 populi,
548 1647 675 1688 quem
697 1648 751 1674 ex
776 1635 1038 1690 argumentis
1057 1645 1220 1686 natum,
1240 1650 1411 1677 necesse
1428 1644 1491 1676 est
1510 1648 1600 1675 esse
1618 1646 1788 1674 verum:

361 1700 549 1730 vestrum
573 1699 650 1741 cst,
667 1690 852 1745 judices,
877 1693 934 1721 ¹00
948 1692 1014 1733 his
1036 1693 1078 1733 in
1103 1707 1235 1733 unum
1261 1692 1402 1734 locum
1424 1691 1604 1742 collatis,
1625 1698 1788 1732 certam

361 1761 527 1787 sumere
550 1748 787 1798 scientiam,
814 1763 898 1790 non
928 1750 1214 1805 suspicionem
1237 1749 1452 1790 maleficii.
1514 1748 1628 1790 Nam
1656 1759 1790 1788 unum

360 1803 536 1858 aliquid,
559 1814 633 1845 aut
653 1805 832 1846 alterum
864 1815 1006 1862 potest
1037 1807 1078 1846 in
1111 1807 1240 1847 istum
1263 1821 1362 1849 casu
1386 1806 1590 1848 cecidisse
1611 1803 1792 1860 suspici-

359 1874 457 1902 ose:
481 1870 529 1901 ut
551 1862 697 1903 omnia
718 1863 827 1903 inter
849 1878 892 1904 se
926 1879 950 1903 a
982 1863 1119 1918 primo
1153 1864 1206 1905 ad
1238 1872 1501 1921 postremum
1530 1861 1791 1904 conveniant

364 1920 375 1947 ¹
403 1917 667 1972 [maleficia]‚
700 1934 871 1961 necesse
900 1930 964 1962 est
986 1935 1084 1961 casu
1113 1936 1198 1962 non
1229 1936 1352 1977 posse
1381 1920 1488 1961 fieri.
1548 1919 1790 1960 Vehemens

360 1986 426 2014 est
455 1975 549 2016 haec
579 1976 820 2027 exornatio,
851 1987 894 2018 ct
926 1977 968 2018 in
999 1977 1279 2032 conjecturali
1311 1977 1619 2019 constitutione
1649 1987 1789 2016 causae

359 2029 493 2071 ferme
516 2045 682 2087 semper
711 2034 961 2084 necessaria,
983 2042 1026 2074 et
1049 2035 1091 2074 in
1113 2036 1264 2075 ceteris
1295 2034 1522 2090 generibus
1544 2045 1792 2082 causarum,

359 2096 403 2127 et
425 2087 466 2128 in
491 2089 608 2130 omni
628 2090 820 2131 oratione
843 2091 1086 2132 adhibenda
1108 2106 1429 2147 nonnunquam.

399 2236 440 2267 98
463 2232 614 2264 Fortunoe
622 2233 818 2274 familiares
838 2238 1057 2267 attenuatissi-
1100 2241 1165 2268 cet:
1188 2238 1306 2269 saltem
1326 2237 1405 2268 ordo
1424 2236 1596 2268 verborum
1611 2233 1794 2266 occultandi
1886 2243 1891 2249 ·
1915 2228 1933 2257 '¹¹

359 2275 444 2315 moe.]
479 2276 531 2305 Sic
554 2276 619 2306 sere
641 2277 716 2307 libri
739 2288 798 2308 scr.
823 2284 857 2308 et
879 2277 948 2309 edd.
973 2286 1052 2310 vett.

357 2317 443 2355 quod
458 2317 527 2348 sine
542 2317 639 2348 dubio
654 2319 769 2350 melius
782 2325 830 2350 est
841 2320 1053 2361 vulgatojhr-

357 2363 441 2389 tuna
465 2360 513 2389 rei
526 2358 619 2399 sam.
645 2364 919 2393 uttenzmlissima.
965 2364 1052 2395 Nam

357 2400 397 2430 de
424 2402 569 2441 pecuniis
595 2401 818 2442 nonfortrmct
841 2405 895 2435 fwd
905 2404 1057 2444 sortunoe

358 2442 525 2473 (licuntur.
569 2444 710 2484 Quidam
725 2447 824 2476 etiam
841 2447 1054 2487 librifamili-

359 2494 434 2514 ares
452 2487 629 2522 omittunt,
649 2492 688 2517 ut
709 2487 758 2517 ed.
783 2489 915 2520 Mediol.
934 2491 1052 2529 prima:

360 2527 446 2564 quod
459 2529 559 2557 ctiam
576 2529 680 2567 magis
694 2529 811 2569 placet.
857 2532 1056 2571 Coniectura

360 2569 671 2608 Gronoviijbreunae
685 2572 921 2612 reifamiliuris
934 2579 995 2605 att.
1007 2581 1057 2606 est

360 2609 395 2640 in
414 2610 463 2640 ed.
479 2611 568 2641 Aldi:
591 2612 671 2642 mihi
696 2623 761 2645 non
779 2615 900 2655 placet:
925 2626 983 2647 nec
1003 2628 1057 2648 ex-

360 2652 472 2692 empla
485 2653 607 2684 similia
622 2660 711 2685 sunt.
932 2685 938 2689 .

404 2698 423 2714 *
440 2695 557 2734 Neque
576 2696 658 2735 ista]
684 2698 871 2737 Suspicatus
891 2709 962 2729 sum
979 2701 1056 2740 ipse,

339 2759 341 2761 .
360 2736 437 2775 quia
450 2738 641 2777 opponitur,
656 2748 714 2768 nee
725 2741 812 2770 alius
823 2742 1003 2781 quisquam.

402 2782 443 2813 99
469 2778 519 2810 Ec
540 2781 755 2821 perficiendi]
791 2782 919 2813 Absunt
945 2784 1014 2814 hoec
1038 2796 1058 2815 a

361 2817 507 2860 pluribus
519 2819 610 2853 libris
624 2823 769 2863 scriptis:
786 2825 872 2864 quod
882 2824 974 2856 valde
988 2826 1056 2866 pla-

1098 2285 1129 2309 ee
1136 2280 1325 2321 perficiendi
1340 2279 1516 2310 mutandus
1528 2287 1603 2309 cum
1618 2276 1792 2308 Lambino.

1097 2323 1176 2353 Mox
1192 2328 1265 2363 post
1279 2323 1397 2352 audita
1409 2322 1512 2353 delevi
1525 2325 1584 2358 est,
1601 2319 1688 2360 quo'd
1701 2319 1793 2350 abest

1095 2364 1185 2394 libris
1199 2364 1397 2394 melioribus.

1145 2410 1201 2437 100
1218 2406 1281 2437 His
1297 2407 1331 2436 m
1351 2415 1455 2436 unum
1477 2403 1606 2444 locam]
1631 2403 1710 2434 Mss.
1722 2401 1795 2442 qui-

1097 2448 1170 2479 dam
1185 2449 1261 2479 boni
1278 2448 1403 2478 addunt
1417 2457 1456 2479 ex
1468 2456 1536 2478 non
1552 2445 1648 2482 male,
1661 2443 1795 2484 utjudi-
1850 2446 1854 2455 ’

1097 2492 1193 2521 cahat
1212 2490 1371 2529 Graevius,
1385 2489 1441 2521 sed
1457 2495 1571 2520 tamen
1595 2497 1662 2518 non
1684 2495 1794 2518 neces-

1097 2533 1218 2563 sarium
1233 2537 1324 2572 puto.

1146 2578 1155 2604 1
1179 2573 1372 2615 Illalqficz'a]
1399 2573 1472 2604 Hoc
1493 2575 1620 2603 rectum
1640 2580 1708 2602 esse
1726 2578 1794 2600 non

1099 2623 1220 2657 potest:
1238 2616 1407 2657 maleficio,
1427 2614 1513 2655 quod
1537 2615 1573 2644 in
1594 2613 1706 2655 paucis
1729 2620 1792 2642 ser.

1100 2661 1273 2699 reperitur,
1289 2663 1339 2689 est
1353 2668 1372 2689 a
1386 2661 1578 2688 correctore.
1615 2655 1729 2695 Itaque
1745 2663 1795 2684 se·

1098 2711 1180 2739 quor
1197 2700 1408 2737 Lambinum,
1424 2700 1480 2743 qui
1497 2708 1555 2740 pro
1569 2697 1679 2738 spurio
1698 2704 1794 2743 repit-¹

1099 2743 1177 2773 diat.
1222 2742 1284 2774 Sed
1298 2746 1410 2774 tamen
1422 2742 1459 2773 in
1467 2745 1561 2773 textu
1578 2739 1692 2780 reliqui
1703 2745 1795 2770 uncis
1847 2783 1856 2787 ἱ

1100 2785 1274 2816 inclusum.
