<?xml version="1.0" encoding="UTF-8"?>
<!DOCTYPE html PUBLIC "-//W3C//DTD XHTML 1.0 Transitional//EN"
    "http://www.w3.org/TR/xhtml1/DTD/xhtml1-transitional.dtd">
<html xmlns="http://www.w3.org/1999/xhtml" xml:lang="en" lang="en">
 <head>
  <title>
</title>
<meta http-equiv="Content-Type" content="text/html;charset=utf-8" />
  <meta name='ocr-system' content='tesseract 3.04.00' />
  <meta name='ocr-capabilities' content='ocr_page ocr_carea ocr_par ocr_line ocrx_word'/>
</head>
<body>
  <div class='ocr_page' id='page_1' title='image "./operaomnia01ciceuoft/operaomnia01ciceuoft_0495.png"; bbox 0 0 1945 3235; ppageno 0'>
   <div class='ocr_carea' id='block_1_1' title="bbox 593 86 1566 129">
    <p class='ocr_par' dir='ltr' id='par_1_1' title="bbox 593 86 1566 129">
     <span class='ocr_line' id='line_1_1' title="bbox 593 86 1566 129; baseline -0.002 -3"><span class='ocrx_word' id='word_1_1' title='bbox 593 87 780 126; x_wconf 85' lang='lat' dir='ltr'><strong>LIBER</strong></span> <span class='ocrx_word' id='word_1_2' title='bbox 813 86 1088 124; x_wconf 89' lang='lat' dir='ltr'>TERTIUS.</span> <span class='ocrx_word' id='word_1_3' title='bbox 1488 88 1566 129; x_wconf 76' lang='lat'>423</span> 
     </span>
    </p>
   </div>
   <div class='ocr_carea' id='block_1_2' title="bbox 60 189 1659 1808">
    <p class='ocr_par' dir='ltr' id='par_1_2' title="bbox 60 189 1659 1808">
     <span class='ocr_line' id='line_1_2' title="bbox 112 189 1566 249; baseline -0.002 -14"><span class='ocrx_word' id='word_1_4' title='bbox 112 192 280 235; x_wconf 66' lang='lat' dir='ltr'>reditus</span> <span class='ocrx_word' id='word_1_5' title='bbox 302 194 356 236; x_wconf 86' lang='lat' dir='ltr'>ad</span> <span class='ocrx_word' id='word_1_6' title='bbox 378 208 466 235; x_wconf 87' lang='lat' dir='ltr'>rem</span> <span class='ocrx_word' id='word_1_7' title='bbox 489 201 614 249; x_wconf 87' lang='lat' dir='ltr'>aptus</span> <span class='ocrx_word' id='word_1_8' title='bbox 636 201 680 233; x_wconf 87' lang='lat' dir='ltr'>et</span> <span class='ocrx_word' id='word_1_9' title='bbox 701 191 940 233; x_wconf 89' lang='lat' dir='ltr'>concinnus</span> <span class='ocrx_word' id='word_1_10' title='bbox 959 203 1050 229; x_wconf 88' lang='lat' dir='ltr'>esse</span> <span class='ocrx_word' id='word_1_11' title='bbox 1071 189 1272 232; x_wconf 86' lang='lat' dir='ltr'><strong>debebit:</strong></span> <span class='ocrx_word' id='word_1_12' title='bbox 1304 190 1566 247; x_wconf 88' lang='lat' dir='ltr'>propositio-</span> 
     </span>
     <span class='ocr_line' id='line_1_3' title="bbox 116 245 1566 307; baseline -0.003 -14"><span class='ocrx_word' id='word_1_13' title='bbox 116 266 215 307; x_wconf 85' lang='lat' dir='ltr'>que,</span> <span class='ocrx_word' id='word_1_14' title='bbox 238 253 342 307; x_wconf 91' lang='lat' dir='ltr'>quid</span> <span class='ocrx_word' id='word_1_15' title='bbox 365 253 420 293; x_wconf 91' lang='lat' dir='ltr'>sis</span> <span class='ocrx_word' id='word_1_16' title='bbox 443 251 650 300; x_wconf 83' lang='lat' dir='ltr'>dicturus,</span> <span class='ocrx_word' id='word_1_17' title='bbox 671 259 716 290; x_wconf 87' lang='lat' dir='ltr'>et</span> <span class='ocrx_word' id='word_1_18' title='bbox 744 250 799 290; x_wconf 85' lang='lat' dir='ltr'>ab</span> <span class='ocrx_word' id='word_1_19' title='bbox 821 263 888 297; x_wconf 92' lang='lat' dir='ltr'>eo,</span> <span class='ocrx_word' id='word_1_20' title='bbox 910 247 1025 301; x_wconf 82' lang='lat' dir='ltr'>quod</span> <span class='ocrx_word' id='word_1_21' title='bbox 1047 256 1113 286; x_wconf 86' lang='lat' dir='ltr'>est</span> <span class='ocrx_word' id='word_1_22' title='bbox 1134 245 1314 296; x_wconf 86' lang='lat' dir='ltr'>dictum,</span> <span class='ocrx_word' id='word_1_23' title='bbox 1337 248 1566 303; x_wconf 82' lang='lat' dir='ltr'>sejunctio,</span> 
     </span>
     <span class='ocr_line' id='line_1_4' title="bbox 116 303 1567 365; baseline -0.001 -16"><span class='ocrx_word' id='word_1_24' title='bbox 116 319 161 350; x_wconf 88' lang='lat' dir='ltr'>et</span> <span class='ocrx_word' id='word_1_25' title='bbox 192 310 353 351; x_wconf 89' lang='lat' dir='ltr'>reditus</span> <span class='ocrx_word' id='word_1_26' title='bbox 383 310 437 350; x_wconf 88' lang='lat' dir='ltr'>ad</span> <span class='ocrx_word' id='word_1_27' title='bbox 468 308 754 365; x_wconf 87' lang='lat' dir='ltr'>propositum,</span> <span class='ocrx_word' id='word_1_28' title='bbox 776 312 820 347; x_wconf 84' lang='lat' dir='ltr'>et</span> <span class='ocrx_word' id='word_1_29' title='bbox 849 304 1036 354; x_wconf 84' lang='lat' dir='ltr'>iteratio,</span> <span class='ocrx_word' id='word_1_30' title='bbox 1057 312 1101 344; x_wconf 89' lang='lat' dir='ltr'>et</span> <span class='ocrx_word' id='word_1_31' title='bbox 1132 303 1310 344; x_wconf 83' lang='lat' dir='ltr'>rationis</span> <span class='ocrx_word' id='word_1_32' title='bbox 1341 315 1442 361; x_wconf 82' lang='lat' dir='ltr'>apta</span> <span class='ocrx_word' id='word_1_33' title='bbox 1462 321 1567 347; x_wconf 90' lang='lat' dir='ltr'>con-</span> 
     </span>
     <span class='ocr_line' id='line_1_5' title="bbox 117 361 1566 422; baseline -0.003 -14"><span class='ocrx_word' id='word_1_34' title='bbox 117 367 279 409; x_wconf 82' lang='lat' dir='ltr'>clusio:</span> <span class='ocrx_word' id='word_1_35' title='bbox 313 376 404 408; x_wconf 88' lang='lat' dir='ltr'>tum</span> <span class='ocrx_word' id='word_1_36' title='bbox 431 366 618 422; x_wconf 80' lang='lat' dir='ltr'>augendi</span> <span class='ocrx_word' id='word_1_37' title='bbox 646 362 922 405; x_wconf 84' lang='lat' dir='ltr'>minuendive</span> <span class='ocrx_word' id='word_1_38' title='bbox 945 376 1087 411; x_wconf 83' lang='lat' dir='ltr'>causa,</span> <span class='ocrx_word' id='word_1_39' title='bbox 1111 361 1303 401; x_wconf 83' lang='lat' dir='ltr'>veritatis</span> <span class='ocrx_word' id='word_1_40' title='bbox 1335 363 1566 417; x_wconf 72' lang='lat' dir='ltr'>superlatio</span> 
     </span>
     <span class='ocr_line' id='line_1_6' title="bbox 60 417 1568 480; baseline -0.003 -15"><span class='ocrx_word' id='word_1_41' title='bbox 60 458 63 461; x_wconf 95' lang='lat'>.</span> <span class='ocrx_word' id='word_1_42' title='bbox 117 435 247 480; x_wconf 85' lang='lat' dir='ltr'>atque</span> <span class='ocrx_word' id='word_1_43' title='bbox 269 424 490 479; x_wconf 86' lang='lat' dir='ltr'>trajectio:</span> <span class='ocrx_word' id='word_1_44' title='bbox 523 432 567 464; x_wconf 89' lang='lat' dir='ltr'>et</span> <span class='ocrx_word' id='word_1_45' title='bbox 587 426 628 457; x_wconf 78' lang='grc'>79</span> <span class='ocrx_word' id='word_1_46' title='bbox 641 421 826 477; x_wconf 80' lang='lat' dir='ltr'>rogatio,</span> <span class='ocrx_word' id='word_1_47' title='bbox 846 429 975 474; x_wconf 83' lang='lat' dir='ltr'>atque</span> <span class='ocrx_word' id='word_1_48' title='bbox 997 419 1099 459; x_wconf 90' lang='lat' dir='ltr'>huic</span> <span class='ocrx_word' id='word_1_49' title='bbox 1120 417 1306 458; x_wconf 86' lang='lat' dir='ltr'>finitima</span> <span class='ocrx_word' id='word_1_50' title='bbox 1329 420 1449 473; x_wconf 90' lang='lat' dir='ltr'>quasi</span> <span class='ocrx_word' id='word_1_51' title='bbox 1473 435 1568 475; x_wconf 90' lang='lat' dir='ltr'>per-</span> 
     </span>
     <span class='ocr_line' id='line_1_7' title="bbox 119 476 1568 536; baseline -0.006 -12"><span class='ocrx_word' id='word_1_52' title='bbox 119 482 356 532; x_wconf 81' lang='lat' dir='ltr'>cunctatio,</span> <span class='ocrx_word' id='word_1_53' title='bbox 378 480 682 536; x_wconf 81' lang='lat' dir='ltr'>expositioque</span> <span class='ocrx_word' id='word_1_54' title='bbox 713 478 938 519; x_wconf 81' lang='lat' dir='ltr'>sententiae</span> <span class='ocrx_word' id='word_1_55' title='bbox 972 491 1084 518; x_wconf 82' lang='lat' dir='ltr'>suae:</span> <span class='ocrx_word' id='word_1_56' title='bbox 1119 486 1209 517; x_wconf 82' lang='lat' dir='ltr'>tum</span> <span class='ocrx_word' id='word_1_57' title='bbox 1243 476 1327 526; x_wconf 87' lang='lat' dir='ltr'>illa,</span> <span class='ocrx_word' id='word_1_58' title='bbox 1350 491 1447 530; x_wconf 82' lang='lat' dir='ltr'>quae</span> <span class='ocrx_word' id='word_1_59' title='bbox 1481 491 1568 517; x_wconf 77' lang='lat' dir='ltr'>mu-</span> 
     </span>
     <span class='ocr_line' id='line_1_8' title="bbox 117 533 1569 594; baseline -0.006 -13"><span class='ocrx_word' id='word_1_60' title='bbox 117 540 237 581; x_wconf 71' lang='lat' dir='ltr'>xime</span> <span class='ocrx_word' id='word_1_61' title='bbox 259 539 379 594; x_wconf 84' lang='lat' dir='ltr'>quasi</span> <span class='ocrx_word' id='word_1_62' title='bbox 411 537 560 592; x_wconf 86' lang='lat' dir='ltr'>irrepit</span> <span class='ocrx_word' id='word_1_63' title='bbox 581 537 625 577; x_wconf 86' lang='lat' dir='ltr'>in</span> <span class='ocrx_word' id='word_1_64' title='bbox 648 535 872 577; x_wconf 89' lang='lat' dir='ltr'>hominum</span> <span class='ocrx_word' id='word_1_65' title='bbox 905 545 1084 584; x_wconf 84' lang='lat' dir='ltr'>mentes,</span> <span class='ocrx_word' id='word_1_66' title='bbox 1107 534 1189 575; x_wconf 82' lang='lat' dir='ltr'>alia</span> <span class='ocrx_word' id='word_1_67' title='bbox 1210 533 1409 585; x_wconf 84' lang='lat' dir='ltr'>dicentis,</span> <span class='ocrx_word' id='word_1_68' title='bbox 1431 549 1482 574; x_wconf 85' lang='lat' dir='ltr'>ac</span> <span class='ocrx_word' id='word_1_69' title='bbox 1514 534 1569 574; x_wconf 90' lang='lat' dir='ltr'>si-</span> 
     </span>
     <span class='ocr_line' id='line_1_9' title="bbox 120 592 1565 653; baseline -0.003 -15"><span class='ocrx_word' id='word_1_70' title='bbox 120 596 381 653; x_wconf 82' lang='lat' dir='ltr'>gnificantis,</span> <span class='ocrx_word' id='word_1_71' title='bbox 414 593 724 645; x_wconf 80' lang='lat' dir='ltr'>dissimulati03</span> <span class='ocrx_word' id='word_1_72' title='bbox 764 595 934 648; x_wconf 77' lang='lat' dir='ltr'>&#39;‘30[quae</span> <span class='ocrx_word' id='word_1_73' title='bbox 969 603 1033 633; x_wconf 85' lang='lat' dir='ltr'>est</span> <span class='ocrx_word' id='word_1_74' title='bbox 1072 592 1352 646; x_wconf 74' lang='lat' dir='ltr'>perjucunda,</span> <span class='ocrx_word' id='word_1_75' title='bbox 1385 607 1484 632; x_wconf 87' lang='lat' dir='ltr'>cum</span> <span class='ocrx_word' id='word_1_76' title='bbox 1522 592 1565 633; x_wconf 85' lang='lat' dir='ltr'>in</span> 
     </span>
     <span class='ocr_line' id='line_1_10' title="bbox 118 650 1652 703; baseline -0.001 -8"><span class='ocrx_word' id='word_1_77' title='bbox 118 655 313 695; x_wconf 86' lang='lat' dir='ltr'>oratione</span> <span class='ocrx_word' id='word_1_78' title='bbox 345 667 429 693; x_wconf 90' lang='lat' dir='ltr'>non</span> <span class='ocrx_word' id='word_1_79' title='bbox 461 652 757 702; x_wconf 81' lang='lat' dir='ltr'>contentione,</span> <span class='ocrx_word' id='word_1_80' title='bbox 791 653 863 693; x_wconf 87' lang='lat' dir='ltr'>sed</span> <span class='ocrx_word' id='word_1_81' title='bbox 896 664 1092 691; x_wconf 77' lang='lat' dir='ltr'>sermone</span> <span class='ocrx_word' id='word_1_82' title='bbox 1125 650 1377 703; x_wconf 75' lang='lat' dir='ltr'>tractatui-2]</span> <span class='ocrx_word' id='word_1_83' title='bbox 1410 650 1652 693; x_wconf 70' lang='lat' dir='ltr'>deinde202</span> 
     </span>
     <span class='ocr_line' id='line_1_11' title="bbox 118 706 1565 763; baseline -0.002 -11"><span class='ocrx_word' id='word_1_84' title='bbox 118 711 348 760; x_wconf 82' lang='lat' dir='ltr'>dubitatio,</span> <span class='ocrx_word' id='word_1_85' title='bbox 372 718 463 751; x_wconf 89' lang='lat' dir='ltr'>tum</span> <span class='ocrx_word' id='word_1_86' title='bbox 485 709 750 760; x_wconf 80' lang='lat' dir='ltr'>distributio,</span> <span class='ocrx_word' id='word_1_87' title='bbox 775 718 865 750; x_wconf 84' lang='lat' dir='ltr'>tum</span> <span class='ocrx_word' id='word_1_88' title='bbox 889 708 1116 757; x_wconf 84' lang='lat' dir='ltr'>correctio,</span> <span class='ocrx_word' id='word_1_89' title='bbox 1138 707 1201 748; x_wconf 81' lang='lat' dir='ltr'>vel</span> <span class='ocrx_word' id='word_1_90' title='bbox 1223 717 1338 757; x_wconf 82' lang='lat' dir='ltr'>ante,</span> <span class='ocrx_word' id='word_1_91' title='bbox 1358 706 1423 748; x_wconf 86' lang='lat' dir='ltr'>vel</span> <span class='ocrx_word' id='word_1_92' title='bbox 1448 719 1565 763; x_wconf 86' lang='lat' dir='ltr'>post-</span> 
     </span>
     <span class='ocr_line' id='line_1_12' title="bbox 115 765 1566 824; baseline -0.002 -15"><span class='ocrx_word' id='word_1_93' title='bbox 115 783 245 824; x_wconf 83' lang='lat' dir='ltr'>quam</span> <span class='ocrx_word' id='word_1_94' title='bbox 267 767 445 818; x_wconf 81' lang='lat' dir='ltr'>dixeris,</span> <span class='ocrx_word' id='word_1_95' title='bbox 468 767 533 808; x_wconf 86' lang='lat' dir='ltr'>vel</span> <span class='ocrx_word' id='word_1_96' title='bbox 554 782 652 808; x_wconf 87' lang='lat' dir='ltr'>cum</span> <span class='ocrx_word' id='word_1_97' title='bbox 675 767 838 822; x_wconf 80' lang='lat' dir='ltr'>aliquid</span> <span class='ocrx_word' id='word_1_98' title='bbox 860 770 938 807; x_wconf 79' lang='lat' dir='ltr'>31a</span> <span class='ocrx_word' id='word_1_99' title='bbox 959 776 1001 807; x_wconf 88' lang='lat' dir='ltr'>te</span> <span class='ocrx_word' id='word_1_100' title='bbox 1029 766 1119 821; x_wconf 82' lang='lat' dir='ltr'>ipse</span> <span class='ocrx_word' id='word_1_101' title='bbox 1151 765 1344 818; x_wconf 73' lang='lat' dir='ltr'>rejicias:</span> <span class='ocrx_word' id='word_1_102' title='bbox 1381 780 1566 822; x_wconf 77' lang='lat' dir='ltr'>praemu-</span> 
     </span>
     <span class='ocr_line' id='line_1_13' title="bbox 115 823 1567 881; baseline -0.001 -15"><span class='ocrx_word' id='word_1_103' title='bbox 115 826 225 867; x_wconf 84' lang='lat' dir='ltr'>nitio</span> <span class='ocrx_word' id='word_1_104' title='bbox 258 834 324 866; x_wconf 87' lang='lat' dir='ltr'>est</span> <span class='ocrx_word' id='word_1_105' title='bbox 355 825 487 866; x_wconf 80' lang='lat' dir='ltr'>etiam</span> <span class='ocrx_word' id='word_1_106' title='bbox 525 825 578 866; x_wconf 86' lang='lat' dir='ltr'>ad</span> <span class='ocrx_word' id='word_1_107' title='bbox 615 825 673 876; x_wconf 86' lang='lat' dir='ltr'>id,</span> <span class='ocrx_word' id='word_1_108' title='bbox 711 825 829 880; x_wconf 88' lang='lat' dir='ltr'>quod</span> <span class='ocrx_word' id='word_1_109' title='bbox 863 823 1130 881; x_wconf 79' lang='lat' dir='ltr'>aggrediare,</span> <span class='ocrx_word' id='word_1_110' title='bbox 1165 825 1256 863; x_wconf 73' lang='lat' dir='ltr'>82et</span> <span class='ocrx_word' id='word_1_111' title='bbox 1288 823 1486 878; x_wconf 78' lang='lat' dir='ltr'>trajectio</span> <span class='ocrx_word' id='word_1_112' title='bbox 1522 824 1567 865; x_wconf 84' lang='lat' dir='ltr'>in</span> 
     </span>
     <span class='ocr_line' id='line_1_14' title="bbox 116 881 1569 938; baseline -0.001 -14"><span class='ocrx_word' id='word_1_113' title='bbox 116 883 274 925; x_wconf 86' lang='lat' dir='ltr'>alium:</span> <span class='ocrx_word' id='word_1_114' title='bbox 306 882 661 934; x_wconf 86' lang='lat' dir='ltr'>communicatio,</span> <span class='ocrx_word' id='word_1_115' title='bbox 694 897 792 937; x_wconf 85' lang='lat' dir='ltr'>quae</span> <span class='ocrx_word' id='word_1_116' title='bbox 830 892 896 923; x_wconf 79' lang='lat' dir='ltr'>est</span> <span class='ocrx_word' id='word_1_117' title='bbox 927 881 1048 937; x_wconf 84' lang='lat' dir='ltr'>quasi</span> <span class='ocrx_word' id='word_1_118' title='bbox 1078 895 1177 922; x_wconf 91' lang='lat' dir='ltr'>cum</span> <span class='ocrx_word' id='word_1_119' title='bbox 1218 881 1268 922; x_wconf 91' lang='lat' dir='ltr'>iis</span> <span class='ocrx_word' id='word_1_120' title='bbox 1302 881 1420 936; x_wconf 81' lang='lat' dir='ltr'>ipsis,</span> <span class='ocrx_word' id='word_1_121' title='bbox 1454 882 1569 938; x_wconf 85' lang='lat' dir='ltr'>apud</span> 
     </span>
     <span class='ocr_line' id='line_1_15' title="bbox 116 938 1573 996; baseline -0.001 -14"><span class='ocrx_word' id='word_1_122' title='bbox 116 955 225 996; x_wconf 88' lang='lat' dir='ltr'>quos</span> <span class='ocrx_word' id='word_1_123' title='bbox 247 941 381 992; x_wconf 82' lang='lat' dir='ltr'>dicas,</span> <span class='ocrx_word' id='word_1_124' title='bbox 403 941 681 982; x_wconf 85' lang='lat' dir='ltr'>deliberatio:</span> <span class='ocrx_word' id='word_1_125' title='bbox 714 955 884 981; x_wconf 88' lang='lat' dir='ltr'>morum</span> <span class='ocrx_word' id='word_1_126' title='bbox 907 955 956 981; x_wconf 85' lang='lat' dir='ltr'>ac</span> <span class='ocrx_word' id='word_1_127' title='bbox 981 940 1080 980; x_wconf 83' lang='lat' dir='ltr'>vitae</span> <span class='ocrx_word' id='word_1_128' title='bbox 1110 938 1297 979; x_wconf 81' lang='lat' dir='ltr'>imitatio</span> <span class='ocrx_word' id='word_1_129' title='bbox 1321 938 1385 979; x_wconf 79' lang='lat' dir='ltr'>vel</span> <span class='ocrx_word' id='word_1_130' title='bbox 1410 940 1451 979; x_wconf 90' lang='lat' dir='ltr'>in</span> <span class='ocrx_word' id='word_1_131' title='bbox 1476 954 1573 995; x_wconf 84' lang='lat' dir='ltr'>per-</span> 
     </span>
     <span class='ocr_line' id='line_1_16' title="bbox 117 997 1571 1055; baseline -0.001 -15"><span class='ocrx_word' id='word_1_132' title='bbox 117 1000 248 1050; x_wconf 82' lang='lat' dir='ltr'>sonis,</span> <span class='ocrx_word' id='word_1_133' title='bbox 271 998 338 1039; x_wconf 87' lang='lat' dir='ltr'>vel</span> <span class='ocrx_word' id='word_1_134' title='bbox 369 998 461 1039; x_wconf 89' lang='lat' dir='ltr'>sine</span> <span class='ocrx_word' id='word_1_135' title='bbox 491 998 588 1048; x_wconf 85' lang='lat' dir='ltr'>illis,</span> <span class='ocrx_word' id='word_1_136' title='bbox 612 1012 818 1055; x_wconf 79' lang='lat' dir='ltr'>magnum</span> <span class='ocrx_word' id='word_1_137' title='bbox 846 998 1061 1053; x_wconf 85' lang='lat' dir='ltr'>quoddam</span> <span class='ocrx_word' id='word_1_138' title='bbox 1086 1005 1387 1037; x_wconf 86' lang='lat' dir='ltr'>ornamentum</span> <span class='ocrx_word' id='word_1_139' title='bbox 1410 997 1571 1038; x_wconf 84' lang='lat' dir='ltr'>oratio-</span> 
     </span>
     <span class='ocr_line' id='line_1_17' title="bbox 115 1054 1569 1112; baseline -0.001 -14"><span class='ocrx_word' id='word_1_140' title='bbox 115 1057 198 1107; x_wconf 87' lang='lat' dir='ltr'>nis,</span> <span class='ocrx_word' id='word_1_141' title='bbox 221 1066 264 1097; x_wconf 92' lang='lat' dir='ltr'>et</span> <span class='ocrx_word' id='word_1_142' title='bbox 285 1064 435 1112; x_wconf 89' lang='lat' dir='ltr'>aptum</span> <span class='ocrx_word' id='word_1_143' title='bbox 458 1057 511 1097; x_wconf 85' lang='lat' dir='ltr'>ad</span> <span class='ocrx_word' id='word_1_144' title='bbox 534 1056 700 1097; x_wconf 84' lang='lat' dir='ltr'>animos</span> <span class='ocrx_word' id='word_1_145' title='bbox 723 1055 1016 1097; x_wconf 87' lang='lat' dir='ltr'>conciliandos</span> <span class='ocrx_word' id='word_1_146' title='bbox 1039 1054 1107 1095; x_wconf 87' lang='lat' dir='ltr'>vel</span> <span class='ocrx_word' id='word_1_147' title='bbox 1129 1055 1333 1106; x_wconf 79' lang='lat' dir='ltr'>maxime,</span> <span class='ocrx_word' id='word_1_148' title='bbox 1357 1070 1472 1111; x_wconf 82' lang='lat' dir='ltr'>saepe</span> <span class='ocrx_word' id='word_1_149' title='bbox 1494 1070 1569 1096; x_wconf 83' lang='lat' dir='ltr'>au-</span> 
     </span>
     <span class='ocr_line' id='line_1_18' title="bbox 117 1112 1657 1168; baseline 0 -13"><span class='ocrx_word' id='word_1_150' title='bbox 117 1123 206 1156; x_wconf 87' lang='lat' dir='ltr'>tem</span> <span class='ocrx_word' id='word_1_151' title='bbox 244 1115 376 1156; x_wconf 88' lang='lat' dir='ltr'>etiam</span> <span class='ocrx_word' id='word_1_152' title='bbox 419 1114 472 1155; x_wconf 88' lang='lat' dir='ltr'>ad</span> <span class='ocrx_word' id='word_1_153' title='bbox 508 1114 868 1155; x_wconf 85' lang='lat' dir='ltr'>commovendos:</span> <span class='ocrx_word' id='word_1_154' title='bbox 910 1127 1189 1168; x_wconf 81' lang='lat' dir='ltr'>personarum</span> <span class='ocrx_word' id='word_1_155' title='bbox 1226 1112 1328 1153; x_wconf 81' lang='lat' dir='ltr'>ficta</span> <span class='ocrx_word' id='word_1_156' title='bbox 1357 1113 1657 1164; x_wconf 75' lang='lat' dir='ltr'>inductio‚205</span> 
     </span>
     <span class='ocr_line' id='line_1_19' title="bbox 115 1170 1569 1229; baseline -0.001 -16"><span class='ocrx_word' id='word_1_157' title='bbox 115 1172 185 1213; x_wconf 77' lang='lat' dir='ltr'>vel</span> <span class='ocrx_word' id='word_1_158' title='bbox 206 1172 508 1229; x_wconf 83' lang='lat' dir='ltr'>gravissimum</span> <span class='ocrx_word' id='word_1_159' title='bbox 538 1172 681 1213; x_wconf 88' lang='lat' dir='ltr'>lumen</span> <span class='ocrx_word' id='word_1_160' title='bbox 713 1171 914 1227; x_wconf 78' lang='lat' dir='ltr'>augendi,</span> <span class='ocrx_word' id='word_1_161' title='bbox 937 1170 1187 1226; x_wconf 86' lang='lat' dir='ltr'>descriptio,</span> <span class='ocrx_word' id='word_1_162' title='bbox 1209 1171 1412 1211; x_wconf 57' lang='lat' dir='ltr'>&amp;erroris</span> <span class='ocrx_word' id='word_1_163' title='bbox 1444 1171 1569 1212; x_wconf 86' lang='lat' dir='ltr'>indu-</span> 
     </span>
     <span class='ocr_line' id='line_1_20' title="bbox 117 1228 1568 1285; baseline -0.001 -14"><span class='ocrx_word' id='word_1_164' title='bbox 117 1230 222 1282; x_wconf 87' lang='lat' dir='ltr'>ctio,</span> <span class='ocrx_word' id='word_1_165' title='bbox 261 1230 315 1271; x_wconf 90' lang='lat' dir='ltr'>ad</span> <span class='ocrx_word' id='word_1_166' title='bbox 347 1229 610 1271; x_wconf 86' lang='lat' dir='ltr'>hilaritatem</span> <span class='ocrx_word' id='word_1_167' title='bbox 643 1229 871 1285; x_wconf 86' lang='lat' dir='ltr'>impulsio:</span> <span class='ocrx_word' id='word_1_168' title='bbox 915 1240 1015 1269; x_wconf 86' lang='lat' dir='ltr'>ante</span> <span class='ocrx_word' id='word_1_169' title='bbox 1051 1228 1304 1284; x_wconf 84' lang='lat' dir='ltr'>occupatio:</span> <span class='ocrx_word' id='word_1_170' title='bbox 1355 1238 1447 1269; x_wconf 86' lang='lat' dir='ltr'>tum</span> <span class='ocrx_word' id='word_1_171' title='bbox 1481 1229 1568 1270; x_wconf 84' lang='lat' dir='ltr'>duo</span> 
     </span>
     <span class='ocr_line' id='line_1_21' title="bbox 117 1286 1569 1343; baseline -0.001 -15"><span class='ocrx_word' id='word_1_172' title='bbox 117 1288 203 1339; x_wconf 87' lang='lat' dir='ltr'>illa,</span> <span class='ocrx_word' id='word_1_173' title='bbox 234 1302 332 1343; x_wconf 83' lang='lat' dir='ltr'>quae</span> <span class='ocrx_word' id='word_1_174' title='bbox 366 1288 554 1329; x_wconf 85' lang='lat' dir='ltr'>maxime</span> <span class='ocrx_word' id='word_1_175' title='bbox 589 1297 779 1338; x_wconf 79' lang='lat' dir='ltr'>movent,</span> <span class='ocrx_word' id='word_1_176' title='bbox 808 1286 1046 1328; x_wconf 78' lang='lat' dir='ltr'>similitudo</span> <span class='ocrx_word' id='word_1_177' title='bbox 1077 1295 1122 1327; x_wconf 84' lang='lat' dir='ltr'>et</span> <span class='ocrx_word' id='word_1_178' title='bbox 1151 1286 1416 1342; x_wconf 83' lang='lat' dir='ltr'>exemplum,</span> <span class='ocrx_word' id='word_1_179' title='bbox 1442 1286 1569 1343; x_wconf 31' lang='lat' dir='ltr'>,dige-</span> 
     </span>
     <span class='ocr_line' id='line_1_22' title="bbox 117 1344 1568 1401; baseline 0 -15"><span class='ocrx_word' id='word_1_180' title='bbox 117 1346 216 1396; x_wconf 88' lang='lat' dir='ltr'>stio,</span> <span class='ocrx_word' id='word_1_181' title='bbox 249 1345 554 1401; x_wconf 83' lang='lat' dir='ltr'>interpellatio,</span> <span class='ocrx_word' id='word_1_182' title='bbox 585 1345 824 1395; x_wconf 86' lang='lat' dir='ltr'>contentio,</span> <span class='ocrx_word' id='word_1_183' title='bbox 856 1345 1096 1394; x_wconf 84' lang='lat' dir='ltr'>reticentia,</span> <span class='ocrx_word' id='word_1_184' title='bbox 1122 1344 1459 1395; x_wconf 82' lang='lat' dir='ltr'>commendatio,</span> <span class='ocrx_word' id='word_1_185' title='bbox 1482 1360 1568 1395; x_wconf 82' lang='lat' dir='ltr'>vox</span> 
     </span>
     <span class='ocr_line' id='line_1_23' title="bbox 117 1402 1570 1459; baseline 0 -15"><span class='ocrx_word' id='word_1_186' title='bbox 117 1403 317 1459; x_wconf 64' lang='lat' dir='ltr'>quasdam</span> <span class='ocrx_word' id='word_1_187' title='bbox 352 1403 500 1454; x_wconf 85' lang='lat' dir='ltr'>libera,</span> <span class='ocrx_word' id='word_1_188' title='bbox 533 1411 664 1458; x_wconf 83' lang='lat' dir='ltr'>atque</span> <span class='ocrx_word' id='word_1_189' title='bbox 696 1403 828 1443; x_wconf 82' lang='lat' dir='ltr'>etiam</span> <span class='ocrx_word' id='word_1_190' title='bbox 863 1402 1152 1452; x_wconf 68' lang='lat' dir='ltr'>84et}&#39;renati0,</span> <span class='ocrx_word' id='word_1_191' title='bbox 1188 1403 1375 1458; x_wconf 79' lang='lat' dir='ltr'>augendi</span> <span class='ocrx_word' id='word_1_192' title='bbox 1415 1418 1570 1444; x_wconf 84' lang='lat' dir='ltr'>causa:</span> 
     </span>
     <span class='ocr_line' id='line_1_24' title="bbox 117 1460 1572 1517; baseline 0 -15"><span class='ocrx_word' id='word_1_193' title='bbox 117 1461 353 1512; x_wconf 85' lang='lat' dir='ltr'>iracundia,</span> <span class='ocrx_word' id='word_1_194' title='bbox 376 1461 642 1517; x_wconf 81' lang='lat' dir='ltr'>objurgatio,</span> <span class='ocrx_word' id='word_1_195' title='bbox 666 1460 910 1517; x_wconf 87' lang='lat' dir='ltr'>promissio,</span> <span class='ocrx_word' id='word_1_196' title='bbox 933 1461 1196 1516; x_wconf 83' lang='lat' dir='ltr'>deprecatiO,</span> <span class='ocrx_word' id='word_1_197' title='bbox 1216 1461 1475 1511; x_wconf 85' lang='lat' dir='ltr'>obsecratio,</span> <span class='ocrx_word' id='word_1_198' title='bbox 1499 1461 1572 1502; x_wconf 86' lang='lat' dir='ltr'>de-</span> 
     </span>
     <span class='ocr_line' id='line_1_25' title="bbox 117 1518 1571 1574; baseline 0 -14"><span class='ocrx_word' id='word_1_199' title='bbox 117 1519 295 1560; x_wconf 85' lang='lat' dir='ltr'>clinatio</span> <span class='ocrx_word' id='word_1_200' title='bbox 330 1520 470 1560; x_wconf 83' lang='lat' dir='ltr'>brevis</span> <span class='ocrx_word' id='word_1_201' title='bbox 501 1535 526 1559; x_wconf 87' lang='lat' dir='ltr'>a</span> <span class='ocrx_word' id='word_1_202' title='bbox 557 1518 797 1574; x_wconf 87' lang='lat' dir='ltr'>proposito,</span> <span class='ocrx_word' id='word_1_203' title='bbox 819 1533 905 1559; x_wconf 91' lang='lat' dir='ltr'>non</span> <span class='ocrx_word' id='word_1_204' title='bbox 938 1529 986 1558; x_wconf 84' lang='lat' dir='ltr'>ut</span> <span class='ocrx_word' id='word_1_205' title='bbox 1015 1518 1209 1573; x_wconf 84' lang='lat' dir='ltr'>superior</span> <span class='ocrx_word' id='word_1_206' title='bbox 1238 1518 1309 1559; x_wconf 89' lang='lat' dir='ltr'>illa</span> <span class='ocrx_word' id='word_1_207' title='bbox 1336 1518 1571 1574; x_wconf 80' lang='lat' dir='ltr'>degressio,</span> 
     </span>
     <span class='ocr_line' id='line_1_26' title="bbox 119 1575 1568 1634; baseline -0.001 -16"><span class='ocrx_word' id='word_1_208' title='bbox 119 1577 337 1634; x_wconf 80' lang='lat' dir='ltr'>purgatio,</span> <span class='ocrx_word' id='word_1_209' title='bbox 360 1576 625 1626; x_wconf 80' lang='lat' dir='ltr'>conciliatio,</span> <span class='ocrx_word' id='word_1_210' title='bbox 648 1576 783 1626; x_wconf 86' lang='lat' dir='ltr'>laesio,</span> <span class='ocrx_word' id='word_1_211' title='bbox 806 1575 990 1631; x_wconf 77' lang='lat' dir='ltr'>optatio,</span> <span class='ocrx_word' id='word_1_212' title='bbox 1013 1587 1143 1631; x_wconf 83' lang='lat' dir='ltr'>atque</span> <span class='ocrx_word' id='word_1_213' title='bbox 1165 1576 1422 1617; x_wconf 78' lang='lat' dir='ltr'>exsecratio.</span> <span class='ocrx_word' id='word_1_214' title='bbox 1484 1577 1568 1618; x_wconf 88' lang='lat' dir='ltr'>His</span> 
     </span>
     <span class='ocr_line' id='line_1_27' title="bbox 118 1628 1659 1677; baseline 0 -1"><span class='ocrx_word' id='word_1_215' title='bbox 118 1634 207 1677; x_wconf 81' lang='lat' dir='ltr'>fere</span> <span class='ocrx_word' id='word_1_216' title='bbox 246 1634 482 1675; x_wconf 80' lang='lat' dir='ltr'>luminibus</span> <span class='ocrx_word' id='word_1_217' title='bbox 518 1634 732 1675; x_wconf 81' lang='lat' dir='ltr'>illustrant</span> <span class='ocrx_word' id='word_1_218' title='bbox 766 1634 1007 1674; x_wconf 88' lang='lat' dir='ltr'>orationem</span> <span class='ocrx_word' id='word_1_219' title='bbox 1041 1635 1283 1675; x_wconf 80' lang='lat' dir='ltr'>sententiae.</span> <span class='ocrx_word' id='word_1_220' title='bbox 1346 1628 1659 1677; x_wconf 69' lang='lat' dir='ltr'>Orationis54·</span> 
     </span>
     <span class='ocr_line' id='line_1_28' title="bbox 120 1691 1657 1747; baseline 0.001 -14"><span class='ocrx_word' id='word_1_221' title='bbox 120 1701 265 1734; x_wconf 83' lang='lat' dir='ltr'>autem</span> <span class='ocrx_word' id='word_1_222' title='bbox 297 1692 445 1747; x_wconf 88' lang='lat' dir='ltr'>ipsius,</span> <span class='ocrx_word' id='word_1_223' title='bbox 468 1702 674 1747; x_wconf 85' lang='lat' dir='ltr'>tanquam</span> <span class='ocrx_word' id='word_1_224' title='bbox 705 1706 938 1743; x_wconf 85' lang='lat' dir='ltr'>armorum,</span> <span class='ocrx_word' id='word_1_225' title='bbox 960 1700 1024 1732; x_wconf 88' lang='lat' dir='ltr'>est</span> <span class='ocrx_word' id='word_1_226' title='bbox 1057 1691 1122 1732; x_wconf 89' lang='lat' dir='ltr'>vel</span> <span class='ocrx_word' id='word_1_227' title='bbox 1152 1692 1207 1733; x_wconf 85' lang='lat' dir='ltr'>ad</span> <span class='ocrx_word' id='word_1_228' title='bbox 1238 1707 1362 1733; x_wconf 90' lang='lat' dir='ltr'>usum</span> <span class='ocrx_word' id='word_1_229' title='bbox 1387 1692 1657 1735; x_wconf 72' lang='lat' dir='ltr'>commi-206</span> 
     </span>
     <span class='ocr_line' id='line_1_29' title="bbox 120 1749 1570 1808; baseline 0 -16"><span class='ocrx_word' id='word_1_230' title='bbox 120 1749 240 1792; x_wconf 84' lang='lat' dir='ltr'>natio</span> <span class='ocrx_word' id='word_1_231' title='bbox 271 1758 316 1791; x_wconf 89' lang='lat' dir='ltr'>et</span> <span class='ocrx_word' id='word_1_232' title='bbox 344 1750 465 1806; x_wconf 84' lang='lat' dir='ltr'>quasi</span> <span class='ocrx_word' id='word_1_233' title='bbox 501 1749 670 1806; x_wconf 90' lang='lat' dir='ltr'>petitio,</span> <span class='ocrx_word' id='word_1_234' title='bbox 693 1749 761 1791; x_wconf 89' lang='lat' dir='ltr'>vel</span> <span class='ocrx_word' id='word_1_235' title='bbox 794 1749 896 1791; x_wconf 73' lang='lat' dir='ltr'>35ad</span> <span class='ocrx_word' id='word_1_236' title='bbox 929 1758 1199 1791; x_wconf 85' lang='lat' dir='ltr'>venustatem</span> <span class='ocrx_word' id='word_1_237' title='bbox 1228 1750 1323 1808; x_wconf 86' lang='lat' dir='ltr'>ipsa</span> <span class='ocrx_word' id='word_1_238' title='bbox 1354 1751 1570 1792; x_wconf 81' lang='lat' dir='ltr'>tractatio.</span> 
     </span>
    </p>
   </div>
   <div class='ocr_carea' id='block_1_3' title="bbox 118 1863 1575 2118">
    <p class='ocr_par' dir='ltr' id='par_1_3' title="bbox 121 1863 1575 1943">
     <span class='ocr_line' id='line_1_30' title="bbox 121 1863 1575 1907; baseline 0.001 -11"><span class='ocrx_word' id='word_1_239' title='bbox 121 1863 163 1896; x_wconf 83' lang='lat' dir='ltr'>ad</span> <span class='ocrx_word' id='word_1_240' title='bbox 182 1864 458 1895; x_wconf 80' lang='lat' dir='ltr'>delectationem:</span> <span class='ocrx_word' id='word_1_241' title='bbox 482 1865 518 1895; x_wconf 85' lang='lat' dir='ltr'>in</span> <span class='ocrx_word' id='word_1_242' title='bbox 538 1874 604 1904; x_wconf 82' lang='lat' dir='ltr'>qua</span> <span class='ocrx_word' id='word_1_243' title='bbox 626 1874 702 1895; x_wconf 80' lang='lat' dir='ltr'>cum</span> <span class='ocrx_word' id='word_1_244' title='bbox 710 1863 825 1904; x_wconf 76' lang='lat' dir='ltr'>fuerit</span> <span class='ocrx_word' id='word_1_245' title='bbox 868 1865 928 1901; x_wconf 81' lang='lat' dir='ltr'>tia,</span> <span class='ocrx_word' id='word_1_246' title='bbox 944 1864 996 1895; x_wconf 76' lang='lat' dir='ltr'>vel</span> <span class='ocrx_word' id='word_1_247' title='bbox 1011 1865 1258 1905; x_wconf 82' lang='lat' dir='ltr'>transponenda</span> <span class='ocrx_word' id='word_1_248' title='bbox 1272 1866 1339 1897; x_wconf 85' lang='lat' dir='ltr'>sie:</span> <span class='ocrx_word' id='word_1_249' title='bbox 1365 1876 1436 1907; x_wconf 79' lang='lat' dir='ltr'>quoe</span> <span class='ocrx_word' id='word_1_250' title='bbox 1451 1877 1478 1897; x_wconf 89' lang='lat' dir='ltr'>e.</span> <span class='ocrx_word' id='word_1_251' title='bbox 1488 1877 1522 1907; x_wconf 82' lang='lat' dir='ltr'>p.</span> <span class='ocrx_word' id='word_1_252' title='bbox 1539 1867 1575 1897; x_wconf 83' lang='lat' dir='ltr'>in</span> 
     </span>
     <span class='ocr_line' id='line_1_31' title="bbox 121 1907 1310 1943; baseline 0.001 -6"><span class='ocrx_word' id='word_1_253' title='bbox 121 1907 303 1943; x_wconf 73' lang='lat' dir='ltr'>delectatio,</span> <span class='ocrx_word' id='word_1_254' title='bbox 332 1911 404 1937; x_wconf 76' lang='lat' dir='ltr'>tum</span> <span class='ocrx_word' id='word_1_255' title='bbox 439 1907 572 1937; x_wconf 85' lang='lat' dir='ltr'>demum</span> <span class='ocrx_word' id='word_1_256' title='bbox 602 1908 726 1937; x_wconf 73' lang='lat' dir='ltr'>reditus</span> <span class='ocrx_word' id='word_1_257' title='bbox 765 1908 823 1938; x_wconf 53' lang='lat' dir='ltr'>&amp;a</span> <span class='ocrx_word' id='word_1_258' title='bbox 869 1908 1024 1943; x_wconf 72' lang='lat' dir='ltr'>oratione,</span> <span class='ocrx_word' id='word_1_259' title='bbox 1038 1917 1114 1938; x_wconf 56' lang='lat' dir='ltr'>cum&gt;</span> <span class='ocrx_word' id='word_1_260' title='bbox 1129 1912 1191 1938; x_wconf 75' lang='lat' dir='ltr'>non</span> <span class='ocrx_word' id='word_1_261' title='bbox 1207 1919 1234 1938; x_wconf 68' lang='grc' dir='ltr'>τ’.</span> <span class='ocrx_word' id='word_1_262' title='bbox 1252 1910 1310 1939; x_wconf 69' lang='grc' dir='ltr'>ἃς.</span> 
     </span>
    </p>

    <p class='ocr_par' dir='ltr' id='par_1_4' title="bbox 121 1949 1574 2033">
     <span class='ocr_line' id='line_1_32' title="bbox 121 1949 1574 1994; baseline 0.003 -14"><span class='ocrx_word' id='word_1_263' title='bbox 121 1950 217 1980; x_wconf 81' lang='lat' dir='ltr'>Clare</span> <span class='ocrx_word' id='word_1_264' title='bbox 229 1950 351 1980; x_wconf 74' lang='lat' dir='ltr'>nonita</span> <span class='ocrx_word' id='word_1_265' title='bbox 361 1949 469 1979; x_wconf 86' lang='lat' dir='ltr'>multo</span> <span class='ocrx_word' id='word_1_266' title='bbox 479 1955 564 1989; x_wconf 78' lang='lat' dir='ltr'>post:</span> <span class='ocrx_word' id='word_1_267' title='bbox 579 1951 750 1980; x_wconf 76' lang='lat' dir='ltr'>declinatio</span> <span class='ocrx_word' id='word_1_268' title='bbox 758 1951 826 1979; x_wconf 73' lang='lat' dir='ltr'>bre·</span> <span class='ocrx_word' id='word_1_269' title='bbox 913 1953 947 1980; x_wconf 75' lang='lat'>81</span> <span class='ocrx_word' id='word_1_270' title='bbox 976 1961 995 1981; x_wconf 78' lang='lat' dir='ltr'>ct</span> <span class='ocrx_word' id='word_1_271' title='bbox 1021 1956 1052 1981; x_wconf 80' lang='lat' dir='ltr'>te</span> <span class='ocrx_word' id='word_1_272' title='bbox 1074 1951 1141 1991; x_wconf 67' lang='lat' dir='ltr'>ipse</span> <span class='ocrx_word' id='word_1_273' title='bbox 1165 1949 1310 1990; x_wconf 75' lang='lat' dir='ltr'>rejicias]</span> <span class='ocrx_word' id='word_1_274' title='bbox 1345 1951 1398 1981; x_wconf 79' lang='lat' dir='ltr'>Sic</span> <span class='ocrx_word' id='word_1_275' title='bbox 1425 1952 1574 1994; x_wconf 87' lang='lat' dir='ltr'>rescripsi</span> 
     </span>
     <span class='ocr_line' id='line_1_33' title="bbox 121 1993 1411 2033; baseline 0.001 -10"><span class='ocrx_word' id='word_1_276' title='bbox 121 1994 171 2023; x_wconf 77' lang='lat' dir='ltr'>vis</span> <span class='ocrx_word' id='word_1_277' title='bbox 186 2002 207 2022; x_wconf 82' lang='grc' dir='ltr'><em>α</em></span> <span class='ocrx_word' id='word_1_278' title='bbox 216 1993 392 2032; x_wconf 74' lang='lat' dir='ltr'>proposito,</span> <span class='ocrx_word' id='word_1_279' title='bbox 408 2002 472 2023; x_wconf 76' lang='lat' dir='ltr'>mm</span> <span class='ocrx_word' id='word_1_280' title='bbox 485 1997 524 2023; x_wconf 83' lang='lat' dir='ltr'>ut</span> <span class='ocrx_word' id='word_1_281' title='bbox 537 1993 686 2032; x_wconf 62' lang='lat' dir='ltr'>superior</span> <span class='ocrx_word' id='word_1_282' title='bbox 699 1993 759 2023; x_wconf 77' lang='lat' dir='ltr'>illa</span> <span class='ocrx_word' id='word_1_283' title='bbox 773 1993 826 2022; x_wconf 73' lang='lat' dir='ltr'>cle·</span> <span class='ocrx_word' id='word_1_284' title='bbox 869 2002 929 2033; x_wconf 83' lang='lat' dir='ltr'>pro</span> <span class='ocrx_word' id='word_1_285' title='bbox 945 1995 1066 2033; x_wconf 73' lang='lat' dir='ltr'>teipso,</span> <span class='ocrx_word' id='word_1_286' title='bbox 1081 1994 1167 2032; x_wconf 82' lang='lat' dir='ltr'>qnod</span> <span class='ocrx_word' id='word_1_287' title='bbox 1182 1994 1335 2024; x_wconf 81' lang='lat' dir='ltr'>vitiosum</span> <span class='ocrx_word' id='word_1_288' title='bbox 1350 1999 1411 2024; x_wconf 86' lang='lat' dir='ltr'>est.</span> 
     </span>
    </p>

    <p class='ocr_par' dir='ltr' id='par_1_5' title="bbox 118 2034 1574 2118">
     <span class='ocr_line' id='line_1_34' title="bbox 118 2034 1570 2079; baseline 0.003 -14"><span class='ocrx_word' id='word_1_289' title='bbox 118 2037 252 2074; x_wconf 71' lang='lat' dir='ltr'>gressio.</span> <span class='ocrx_word' id='word_1_290' title='bbox 296 2034 380 2064; x_wconf 82' lang='lat' dir='ltr'>Eam</span> <span class='ocrx_word' id='word_1_291' title='bbox 407 2045 484 2074; x_wconf 82' lang='lat' dir='ltr'>ergo</span> <span class='ocrx_word' id='word_1_292' title='bbox 500 2037 647 2075; x_wconf 52' lang='lat' dir='ltr'>‚jusserat</span> <span class='ocrx_word' id='word_1_293' title='bbox 669 2045 736 2065; x_wconf 70' lang='lat' dir='ltr'>esse</span> <span class='ocrx_word' id='word_1_294' title='bbox 749 2035 823 2065; x_wconf 85' lang='lat' dir='ltr'>lon·</span> <span class='ocrx_word' id='word_1_295' title='bbox 908 2038 947 2065; x_wconf 71' lang='lat'>82</span> <span class='ocrx_word' id='word_1_296' title='bbox 971 2041 1001 2066; x_wconf 78' lang='lat' dir='ltr'>et</span> <span class='ocrx_word' id='word_1_297' title='bbox 1016 2034 1166 2075; x_wconf 62' lang='lat' dir='ltr'>trajectio</span> <span class='ocrx_word' id='word_1_298' title='bbox 1182 2038 1216 2067; x_wconf 79' lang='lat' dir='ltr'>in</span> <span class='ocrx_word' id='word_1_299' title='bbox 1231 2037 1351 2076; x_wconf 69' lang='lat' dir='ltr'>alium]</span> <span class='ocrx_word' id='word_1_300' title='bbox 1370 2038 1422 2067; x_wconf 82' lang='lat' dir='ltr'>Sic</span> <span class='ocrx_word' id='word_1_301' title='bbox 1436 2038 1507 2070; x_wconf 86' lang='lat' dir='ltr'>edd.</span> <span class='ocrx_word' id='word_1_302' title='bbox 1523 2048 1570 2079; x_wconf 82' lang='lat' dir='ltr'>pr.</span> 
     </span>
     <span class='ocr_line' id='line_1_35' title="bbox 121 2077 1574 2118; baseline 0.003 -10"><span class='ocrx_word' id='word_1_303' title='bbox 121 2088 209 2118; x_wconf 75' lang='lat' dir='ltr'>gam.</span> <span class='ocrx_word' id='word_1_304' title='bbox 254 2078 358 2107; x_wconf 79' lang='lat' dir='ltr'>Gestii</span> <span class='ocrx_word' id='word_1_305' title='bbox 379 2077 498 2107; x_wconf 83' lang='lat' dir='ltr'>inferre</span> <span class='ocrx_word' id='word_1_306' title='bbox 516 2078 625 2108; x_wconf 76' lang='lat' dir='ltr'>textui</span> <span class='ocrx_word' id='word_1_307' title='bbox 647 2078 823 2115; x_wconf 73' lang='lat' dir='ltr'>eorrectio·</span> <span class='ocrx_word' id='word_1_308' title='bbox 865 2086 899 2107; x_wconf 87' lang='lat' dir='ltr'>et</span> <span class='ocrx_word' id='word_1_309' title='bbox 915 2077 977 2109; x_wconf 59' lang='grc' dir='ltr'>ΜΞ.</span> <span class='ocrx_word' id='word_1_310' title='bbox 990 2079 1028 2109; x_wconf 89' lang='grc' dir='ltr'>Ε.</span> <span class='ocrx_word' id='word_1_311' title='bbox 1044 2078 1228 2118; x_wconf 71' lang='lat' dir='ltr'>vulgatum</span> <span class='ocrx_word' id='word_1_312' title='bbox 1245 2078 1376 2117; x_wconf 64' lang='lat' dir='ltr'>rejeetio</span> <span class='ocrx_word' id='word_1_313' title='bbox 1390 2085 1439 2110; x_wconf 85' lang='lat' dir='ltr'>est</span> <span class='ocrx_word' id='word_1_314' title='bbox 1461 2083 1500 2112; x_wconf 74' lang='lat' dir='ltr'>ab</span> <span class='ocrx_word' id='word_1_315' title='bbox 1516 2082 1574 2112; x_wconf 72' lang='lat' dir='ltr'>Al-</span> 
     </span>
    </p>
   </div>
   <div class='ocr_carea' id='block_1_4' title="bbox 121 2119 832 2874">
    <p class='ocr_par' dir='ltr' id='par_1_6' title="bbox 122 2119 823 2203">
     <span class='ocr_line' id='line_1_36' title="bbox 122 2119 823 2160; baseline 0 -10"><span class='ocrx_word' id='word_1_316' title='bbox 122 2129 197 2151; x_wconf 85' lang='lat' dir='ltr'>nem</span> <span class='ocrx_word' id='word_1_317' title='bbox 211 2132 220 2151; x_wconf 70' lang='grc' dir='ltr'>ς</span> <span class='ocrx_word' id='word_1_318' title='bbox 244 2120 299 2150; x_wconf 68' lang='lat' dir='ltr'>sed</span> <span class='ocrx_word' id='word_1_319' title='bbox 312 2120 391 2150; x_wconf 79' lang='lat' dir='ltr'>satis</span> <span class='ocrx_word' id='word_1_320' title='bbox 407 2119 505 2150; x_wconf 79' lang='lat' dir='ltr'>habui</span> <span class='ocrx_word' id='word_1_321' title='bbox 521 2121 630 2151; x_wconf 83' lang='lat' dir='ltr'>delere</span> <span class='ocrx_word' id='word_1_322' title='bbox 646 2130 721 2157; x_wconf 79' lang='lat' dir='ltr'>non,</span> <span class='ocrx_word' id='word_1_323' title='bbox 737 2120 823 2160; x_wconf 82' lang='lat' dir='ltr'>quod</span> 
     </span>
     <span class='ocr_line' id='line_1_37' title="bbox 122 2162 569 2203; baseline 0.002 -10"><span class='ocrx_word' id='word_1_324' title='bbox 122 2167 210 2193; x_wconf 79' lang='lat' dir='ltr'>stare</span> <span class='ocrx_word' id='word_1_325' title='bbox 227 2162 319 2192; x_wconf 83' lang='lat' dir='ltr'>nullo</span> <span class='ocrx_word' id='word_1_326' title='bbox 335 2162 433 2192; x_wconf 84' lang='lat' dir='ltr'>modo</span> <span class='ocrx_word' id='word_1_327' title='bbox 448 2168 569 2203; x_wconf 80' lang='lat' dir='ltr'>potest.</span> 
     </span>
    </p>

    <p class='ocr_par' dir='ltr' id='par_1_7' title="bbox 121 2205 825 2500">
     <span class='ocr_line' id='line_1_38' title="bbox 163 2205 818 2246; baseline 0.003 -12"><span class='ocrx_word' id='word_1_328' title='bbox 163 2209 204 2240; x_wconf 81' lang='lat'>79</span> <span class='ocrx_word' id='word_1_329' title='bbox 237 2206 377 2244; x_wconf 66' lang='lat' dir='ltr'>rogatio,</span> <span class='ocrx_word' id='word_1_330' title='bbox 413 2210 566 2245; x_wconf 68' lang='lat' dir='ltr'>atqzce—</span> <span class='ocrx_word' id='word_1_331' title='bbox 573 2205 818 2246; x_wconf 75' lang='lat' dir='ltr'>percunctatio]</span> 
     </span>
     <span class='ocr_line' id='line_1_39' title="bbox 121 2247 823 2288; baseline 0 -9"><span class='ocrx_word' id='word_1_332' title='bbox 121 2247 354 2288; x_wconf 79' lang='lat' dir='ltr'>Interpunetio</span> <span class='ocrx_word' id='word_1_333' title='bbox 382 2247 453 2278; x_wconf 84' lang='lat' dir='ltr'>haec</span> <span class='ocrx_word' id='word_1_334' title='bbox 483 2249 515 2278; x_wconf 90' lang='lat' dir='ltr'>h.</span> <span class='ocrx_word' id='word_1_335' title='bbox 545 2248 567 2278; x_wconf 84' lang='lat' dir='ltr'>l.</span> <span class='ocrx_word' id='word_1_336' title='bbox 597 2248 732 2284; x_wconf 85' lang='lat' dir='ltr'>sufficit,</span> <span class='ocrx_word' id='word_1_337' title='bbox 763 2258 823 2279; x_wconf 84' lang='lat' dir='ltr'>nee</span> 
     </span>
     <span class='ocr_line' id='line_1_40' title="bbox 121 2290 822 2331; baseline 0.001 -11"><span class='ocrx_word' id='word_1_338' title='bbox 121 2300 204 2331; x_wconf 81' lang='lat' dir='ltr'>opus</span> <span class='ocrx_word' id='word_1_339' title='bbox 226 2295 277 2321; x_wconf 82' lang='lat' dir='ltr'>est</span> <span class='ocrx_word' id='word_1_340' title='bbox 300 2290 397 2320; x_wconf 82' lang='lat' dir='ltr'>colon</span> <span class='ocrx_word' id='word_1_341' title='bbox 420 2291 560 2320; x_wconf 79' lang='lat' dir='ltr'>scribere</span> <span class='ocrx_word' id='word_1_342' title='bbox 583 2300 658 2320; x_wconf 85' lang='lat' dir='ltr'>cum</span> <span class='ocrx_word' id='word_1_343' title='bbox 677 2291 822 2321; x_wconf 71' lang='lat' dir='ltr'>Peareio.</span> 
     </span>
     <span class='ocr_line' id='line_1_41' title="bbox 122 2332 825 2364; baseline 0.001 -1"><span class='ocrx_word' id='word_1_344' title='bbox 122 2338 201 2363; x_wconf 87' lang='lat' dir='ltr'>sunt</span> <span class='ocrx_word' id='word_1_345' title='bbox 231 2334 320 2364; x_wconf 87' lang='lat' dir='ltr'>enim</span> <span class='ocrx_word' id='word_1_346' title='bbox 349 2342 399 2362; x_wconf 85' lang='lat' dir='ltr'>res</span> <span class='ocrx_word' id='word_1_347' title='bbox 421 2333 565 2364; x_wconf 82' lang='lat' dir='ltr'>similes:</span> <span class='ocrx_word' id='word_1_348' title='bbox 590 2332 646 2362; x_wconf 81' lang='lat' dir='ltr'>sed</span> <span class='ocrx_word' id='word_1_349' title='bbox 668 2333 825 2364; x_wconf 79' lang='lat' dir='ltr'>differunt</span> 
     </span>
     <span class='ocr_line' id='line_1_42' title="bbox 122 2374 823 2414; baseline -0.001 -7"><span class='ocrx_word' id='word_1_350' title='bbox 122 2380 258 2407; x_wconf 76' lang='lat' dir='ltr'>tamen:</span> <span class='ocrx_word' id='word_1_351' title='bbox 295 2375 334 2405; x_wconf 87' lang='lat' dir='ltr'>de</span> <span class='ocrx_word' id='word_1_352' title='bbox 370 2385 434 2414; x_wconf 84' lang='lat' dir='ltr'>quo</span> <span class='ocrx_word' id='word_1_353' title='bbox 471 2375 613 2405; x_wconf 74' lang='lat' dir='ltr'>adeundi</span> <span class='ocrx_word' id='word_1_354' title='bbox 650 2374 823 2414; x_wconf 80' lang='lat' dir='ltr'>rhetores3</span> 
     </span>
     <span class='ocr_line' id='line_1_43' title="bbox 124 2417 825 2457; baseline 0 -8"><span class='ocrx_word' id='word_1_355' title='bbox 124 2418 205 2449; x_wconf 84' lang='lat' dir='ltr'>item</span> <span class='ocrx_word' id='word_1_356' title='bbox 232 2418 273 2449; x_wconf 85' lang='lat' dir='ltr'>ad</span> <span class='ocrx_word' id='word_1_357' title='bbox 288 2417 322 2448; x_wconf 82' lang='lat' dir='ltr'>h.</span> <span class='ocrx_word' id='word_1_358' title='bbox 340 2417 364 2448; x_wconf 87' lang='lat' dir='ltr'>l.</span> <span class='ocrx_word' id='word_1_359' title='bbox 390 2418 553 2456; x_wconf 78' lang='lat' dir='ltr'>Peareius,</span> <span class='ocrx_word' id='word_1_360' title='bbox 569 2417 626 2457; x_wconf 82' lang='lat' dir='ltr'>qui</span> <span class='ocrx_word' id='word_1_361' title='bbox 649 2418 825 2449; x_wconf 85' lang='lat' dir='ltr'>discrimen</span> 
     </span>
     <span class='ocr_line' id='line_1_44' title="bbox 122 2459 374 2500; baseline 0.004 -11"><span class='ocrx_word' id='word_1_362' title='bbox 122 2459 206 2492; x_wconf 83' lang='lat' dir='ltr'>bene</span> <span class='ocrx_word' id='word_1_363' title='bbox 219 2461 374 2500; x_wconf 80' lang='lat' dir='ltr'>explicat.</span> 
     </span>
    </p>

    <p class='ocr_par' dir='ltr' id='par_1_8' title="bbox 123 2501 832 2874">
     <span class='ocr_line' id='line_1_45' title="bbox 167 2501 822 2544; baseline -0.005 -10"><span class='ocrx_word' id='word_1_364' title='bbox 167 2506 208 2534; x_wconf 87' lang='grc'>80</span> <span class='ocrx_word' id='word_1_365' title='bbox 232 2514 302 2544; x_wconf 79' lang='lat' dir='ltr'>quoe</span> <span class='ocrx_word' id='word_1_366' title='bbox 321 2508 368 2533; x_wconf 79' lang='lat' dir='ltr'>est</span> <span class='ocrx_word' id='word_1_367' title='bbox 387 2501 822 2543; x_wconf 54' lang='lat' dir='ltr'>perjaczcnclcoe—ti·actat¹zc›·]</span> 
     </span>
     <span class='ocr_line' id='line_1_46' title="bbox 123 2543 830 2586; baseline -0.001 -11"><span class='ocrx_word' id='word_1_368' title='bbox 123 2543 246 2576; x_wconf 78' lang='lat' dir='ltr'>Totam</span> <span class='ocrx_word' id='word_1_369' title='bbox 269 2547 355 2576; x_wconf 84' lang='lat' dir='ltr'>hane</span> <span class='ocrx_word' id='word_1_370' title='bbox 372 2545 569 2586; x_wconf 69' lang='lat' dir='ltr'>particulam</span> <span class='ocrx_word' id='word_1_371' title='bbox 586 2546 731 2585; x_wconf 82' lang='lat' dir='ltr'>spuriam</span> <span class='ocrx_word' id='word_1_372' title='bbox 739 2545 830 2583; x_wconf 79' lang='lat' dir='ltr'>judi-</span> 
     </span>
     <span class='ocr_line' id='line_1_47' title="bbox 126 2588 829 2628; baseline -0.001 -10"><span class='ocrx_word' id='word_1_373' title='bbox 126 2597 176 2617; x_wconf 78' lang='lat' dir='ltr'>co·</span> <span class='ocrx_word' id='word_1_374' title='bbox 193 2597 270 2618; x_wconf 85' lang='lat' dir='ltr'>nam</span> <span class='ocrx_word' id='word_1_375' title='bbox 286 2589 443 2628; x_wconf 82' lang='lat' dir='ltr'>primum,</span> <span class='ocrx_word' id='word_1_376' title='bbox 463 2588 651 2627; x_wconf 67' lang='lat' dir='ltr'>jucundum</span> <span class='ocrx_word' id='word_1_377' title='bbox 666 2597 747 2623; x_wconf 86' lang='lat' dir='ltr'>esse,</span> <span class='ocrx_word' id='word_1_378' title='bbox 758 2588 829 2626; x_wconf 82' lang='lat' dir='ltr'>jam</span> 
     </span>
     <span class='ocr_line' id='line_1_48' title="bbox 126 2630 830 2662; baseline -0.001 -2"><span class='ocrx_word' id='word_1_379' title='bbox 126 2635 205 2660; x_wconf 81' lang='lat' dir='ltr'>ante</span> <span class='ocrx_word' id='word_1_380' title='bbox 226 2630 308 2661; x_wconf 84' lang='lat' dir='ltr'>dixit</span> <span class='ocrx_word' id='word_1_381' title='bbox 324 2631 438 2662; x_wconf 84' lang='lat' dir='ltr'>Cicero</span> <span class='ocrx_word' id='word_1_382' title='bbox 454 2642 464 2661; x_wconf 67' lang='grc' dir='ltr'>ι</span> <span class='ocrx_word' id='word_1_383' title='bbox 488 2630 605 2661; x_wconf 78' lang='lat' dir='ltr'>deinde</span> <span class='ocrx_word' id='word_1_384' title='bbox 628 2639 695 2660; x_wconf 88' lang='lat' dir='ltr'>non</span> <span class='ocrx_word' id='word_1_385' title='bbox 711 2639 830 2659; x_wconf 76' lang='lat' dir='ltr'>conve-</span> 
     </span>
     <span class='ocr_line' id='line_1_49' title="bbox 127 2673 830 2712; baseline -0.001 -10"><span class='ocrx_word' id='word_1_386' title='bbox 127 2673 179 2702; x_wconf 81' lang='lat' dir='ltr'>nit</span> <span class='ocrx_word' id='word_1_387' title='bbox 207 2673 373 2703; x_wconf 81' lang='lat' dir='ltr'>sententia</span> <span class='ocrx_word' id='word_1_388' title='bbox 401 2674 468 2711; x_wconf 82' lang='lat' dir='ltr'>rei3</span> <span class='ocrx_word' id='word_1_389' title='bbox 501 2682 574 2712; x_wconf 81' lang='lat' dir='ltr'>quae</span> <span class='ocrx_word' id='word_1_390' title='bbox 600 2673 690 2702; x_wconf 85' lang='lat' dir='ltr'>enim</span> <span class='ocrx_word' id='word_1_391' title='bbox 720 2677 830 2712; x_wconf 81' lang='lat' dir='ltr'>potest</span> 
     </span>
     <span class='ocr_line' id='line_1_50' title="bbox 127 2715 829 2755; baseline 0.003 -12"><span class='ocrx_word' id='word_1_392' title='bbox 127 2723 196 2744; x_wconf 68' lang='lat' dir='ltr'>esse</span> <span class='ocrx_word' id='word_1_393' title='bbox 211 2719 382 2745; x_wconf 78' lang='lat' dir='ltr'>contentio</span> <span class='ocrx_word' id='word_1_394' title='bbox 397 2716 432 2745; x_wconf 86' lang='lat' dir='ltr'>in</span> <span class='ocrx_word' id='word_1_395' title='bbox 453 2715 514 2745; x_wconf 79' lang='lat' dir='ltr'>hac</span> <span class='ocrx_word' id='word_1_396' title='bbox 530 2716 637 2755; x_wconf 81' lang='lat' dir='ltr'>figura</span> <span class='ocrx_word' id='word_1_397' title='bbox 651 2716 662 2745; x_wconf 89' lang='lat'>?</span> <span class='ocrx_word' id='word_1_398' title='bbox 688 2715 829 2751; x_wconf 75' lang='lat' dir='ltr'>denique</span> 
     </span>
     <span class='ocr_line' id='line_1_51' title="bbox 129 2757 829 2796; baseline 0.001 -10"><span class='ocrx_word' id='word_1_399' title='bbox 129 2757 221 2786; x_wconf 84' lang='lat' dir='ltr'>abest</span> <span class='ocrx_word' id='word_1_400' title='bbox 243 2767 263 2787; x_wconf 88' lang='lat' dir='ltr'>a</span> <span class='ocrx_word' id='word_1_401' title='bbox 285 2757 348 2787; x_wconf 83' lang='lat' dir='ltr'>Ms.</span> <span class='ocrx_word' id='word_1_402' title='bbox 373 2758 564 2794; x_wconf 79' lang='lat' dir='ltr'>Pearciarm,</span> <span class='ocrx_word' id='word_1_403' title='bbox 592 2757 738 2796; x_wconf 81' lang='lat' dir='ltr'>itemque</span> <span class='ocrx_word' id='word_1_404' title='bbox 761 2757 829 2787; x_wconf 75' lang='lat' dir='ltr'>Erl.</span> 
     </span>
     <span class='ocr_line' id='line_1_52' title="bbox 130 2799 830 2839; baseline 0 -10"><span class='ocrx_word' id='word_1_405' title='bbox 130 2799 164 2829; x_wconf 76' lang='lat' dir='ltr'>Si</span> <span class='ocrx_word' id='word_1_406' title='bbox 179 2804 292 2829; x_wconf 84' lang='lat' dir='ltr'>tamen</span> <span class='ocrx_word' id='word_1_407' title='bbox 306 2801 450 2839; x_wconf 74' lang='lat' dir='ltr'>genuina</span> <span class='ocrx_word' id='word_1_408' title='bbox 468 2800 524 2838; x_wconf 87' lang='lat' dir='ltr'>sit,</span> <span class='ocrx_word' id='word_1_409' title='bbox 540 2801 640 2831; x_wconf 79' lang='lat' dir='ltr'>verba</span> <span class='ocrx_word' id='word_1_410' title='bbox 662 2801 696 2829; x_wconf 72' lang='lat' dir='ltr'>in</span> <span class='ocrx_word' id='word_1_411' title='bbox 711 2802 830 2830; x_wconf 74' lang='lat' dir='ltr'>oratio-</span> 
     </span>
     <span class='ocr_line' id='line_1_53' title="bbox 131 2841 832 2874; baseline 0 -2"><span class='ocrx_word' id='word_1_412' title='bbox 131 2851 172 2873; x_wconf 71' lang='lat' dir='ltr'>ne</span> <span class='ocrx_word' id='word_1_413' title='bbox 186 2846 244 2873; x_wconf 82' lang='lat' dir='ltr'>aut</span> <span class='ocrx_word' id='word_1_414' title='bbox 259 2841 396 2874; x_wconf 75' lang='lat' dir='ltr'>delenda</span> <span class='ocrx_word' id='word_1_415' title='bbox 411 2849 490 2874; x_wconf 83' lang='lat' dir='ltr'>sunt</span> <span class='ocrx_word' id='word_1_416' title='bbox 506 2842 546 2874; x_wconf 86' lang='lat' dir='ltr'>de</span> <span class='ocrx_word' id='word_1_417' title='bbox 560 2843 684 2874; x_wconf 73' lang='lat' dir='ltr'>Pearcii</span> <span class='ocrx_word' id='word_1_418' title='bbox 699 2847 832 2874; x_wconf 79' lang='lat' dir='ltr'>senten-</span> 
     </span>
    </p>
   </div>
   <div class='ocr_carea' id='block_1_5' title="bbox 867 2121 1574 2450">
    <p class='ocr_par' dir='ltr' id='par_1_9' title="bbox 867 2121 1574 2238">
     <span class='ocr_line' id='line_1_54' title="bbox 867 2121 1572 2161; baseline 0.006 -11"><span class='ocrx_word' id='word_1_419' title='bbox 867 2121 920 2156; x_wconf 91' lang='lat' dir='ltr'>do,</span> <span class='ocrx_word' id='word_1_420' title='bbox 937 2121 1025 2158; x_wconf 80' lang='lat' dir='ltr'>quod</span> <span class='ocrx_word' id='word_1_421' title='bbox 1039 2122 1169 2160; x_wconf 82' lang='lat' dir='ltr'>quidem</span> <span class='ocrx_word' id='word_1_422' title='bbox 1184 2126 1272 2151; x_wconf 78' lang='lat' dir='ltr'>recte</span> <span class='ocrx_word' id='word_1_423' title='bbox 1285 2122 1407 2155; x_wconf 79' lang='lat' dir='ltr'>dicitur</span> <span class='ocrx_word' id='word_1_424' title='bbox 1419 2123 1458 2154; x_wconf 83' lang='lat' dir='ltr'>de</span> <span class='ocrx_word' id='word_1_425' title='bbox 1472 2135 1509 2155; x_wconf 81' lang='lat' dir='ltr'>ea</span> <span class='ocrx_word' id='word_1_426' title='bbox 1525 2134 1572 2161; x_wconf 87' lang='lat' dir='ltr'>re,</span> 
     </span>
     <span class='ocr_line' id='line_1_55' title="bbox 868 2164 1574 2204; baseline 0.007 -11"><span class='ocrx_word' id='word_1_427' title='bbox 868 2173 939 2202; x_wconf 64' lang='lat' dir='ltr'>qum</span> <span class='ocrx_word' id='word_1_428' title='bbox 957 2164 1010 2194; x_wconf 81' lang='lat' dir='ltr'>hic</span> <span class='ocrx_word' id='word_1_429' title='bbox 1023 2164 1242 2204; x_wconf 77' lang='lat' dir='ltr'>significatur,</span> <span class='ocrx_word' id='word_1_430' title='bbox 1258 2165 1313 2195; x_wconf 78' lang='lat' dir='ltr'>sed</span> <span class='ocrx_word' id='word_1_431' title='bbox 1329 2171 1363 2195; x_wconf 80' lang='lat' dir='ltr'>et</span> <span class='ocrx_word' id='word_1_432' title='bbox 1378 2165 1471 2197; x_wconf 78' lang='lat' dir='ltr'>iilud.</span> <span class='ocrx_word' id='word_1_433' title='bbox 1508 2167 1574 2198; x_wconf 84' lang='lat' dir='ltr'>Ra-</span> 
     </span>
     <span class='ocr_line' id='line_1_56' title="bbox 868 2207 1373 2238; baseline 0.006 -3"><span class='ocrx_word' id='word_1_434' title='bbox 868 2207 933 2236; x_wconf 78' lang='lat' dir='ltr'>rins</span> <span class='ocrx_word' id='word_1_435' title='bbox 950 2210 1118 2237; x_wconf 75' lang='lat' dir='ltr'>mutatum</span> <span class='ocrx_word' id='word_1_436' title='bbox 1136 2213 1185 2238; x_wconf 79' lang='lat' dir='ltr'>est</span> <span class='ocrx_word' id='word_1_437' title='bbox 1202 2208 1235 2237; x_wconf 84' lang='lat' dir='ltr'>in</span> <span class='ocrx_word' id='word_1_438' title='bbox 1251 2208 1373 2238; x_wconf 77' lang='lat' dir='ltr'>notius.</span> 
     </span>
    </p>

    <p class='ocr_par' dir='ltr' id='par_1_10' title="bbox 867 2250 1573 2450">
     <span class='ocr_line' id='line_1_57' title="bbox 910 2250 1572 2289; baseline 0.008 -11"><span class='ocrx_word' id='word_1_439' title='bbox 910 2251 949 2279; x_wconf 77' lang='lat'>83</span> <span class='ocrx_word' id='word_1_440' title='bbox 978 2250 1100 2280; x_wconf 78' lang='lat' dir='ltr'>erroris</span> <span class='ocrx_word' id='word_1_441' title='bbox 1126 2251 1284 2289; x_wconf 70' lang='lat' dir='ltr'>inductio]</span> <span class='ocrx_word' id='word_1_442' title='bbox 1313 2251 1386 2287; x_wconf 63' lang='lat' dir='ltr'>Est,</span> <span class='ocrx_word' id='word_1_443' title='bbox 1415 2262 1490 2282; x_wconf 86' lang='lat' dir='ltr'>cum</span> <span class='ocrx_word' id='word_1_444' title='bbox 1518 2252 1572 2283; x_wconf 86' lang='lat' dir='ltr'>de-</span> 
     </span>
     <span class='ocr_line' id='line_1_58' title="bbox 867 2293 1572 2332; baseline 0.006 -11"><span class='ocrx_word' id='word_1_445' title='bbox 867 2297 1092 2323; x_wconf 51' lang='lat' dir='ltr'>monstramus</span> <span class='ocrx_word' id='word_1_446' title='bbox 1120 2302 1243 2323; x_wconf 76' lang='lat' dir='ltr'>eri-asse</span> <span class='ocrx_word' id='word_1_447' title='bbox 1276 2293 1426 2324; x_wconf 75' lang='lat' dir='ltr'>homines</span> <span class='ocrx_word' id='word_1_448' title='bbox 1459 2296 1494 2325; x_wconf 86' lang='lat' dir='ltr'>in</span> <span class='ocrx_word' id='word_1_449' title='bbox 1524 2305 1572 2332; x_wconf 82' lang='lat' dir='ltr'>re,</span> 
     </span>
     <span class='ocr_line' id='line_1_59' title="bbox 869 2335 1573 2376; baseline 0.009 -14"><span class='ocrx_word' id='word_1_450' title='bbox 869 2343 943 2372; x_wconf 54' lang='grc' dir='ltr'>(μω</span> <span class='ocrx_word' id='word_1_451' title='bbox 963 2335 1046 2365; x_wconf 83' lang='lat' dir='ltr'>nihil</span> <span class='ocrx_word' id='word_1_452' title='bbox 1061 2335 1279 2366; x_wconf 72' lang='lat' dir='ltr'>dubitationis</span> <span class='ocrx_word' id='word_1_453' title='bbox 1305 2342 1362 2365; x_wconf 80' lang='lat' dir='ltr'>aut</span> <span class='ocrx_word' id='word_1_454' title='bbox 1378 2338 1573 2376; x_wconf 76' lang='lat' dir='ltr'>suspicionis</span> 
     </span>
     <span class='ocr_line' id='line_1_60' title="bbox 870 2376 1573 2422; baseline 0.01 -17"><span class='ocrx_word' id='word_1_455' title='bbox 870 2376 1011 2407; x_wconf 75' lang='lat' dir='ltr'>habebat</span> <span class='ocrx_word' id='word_1_456' title='bbox 1026 2389 1032 2407; x_wconf 79' lang='lat' dir='ltr'>z</span> <span class='ocrx_word' id='word_1_457' title='bbox 1057 2377 1091 2406; x_wconf 89' lang='lat' dir='ltr'>in</span> <span class='ocrx_word' id='word_1_458' title='bbox 1107 2388 1171 2417; x_wconf 83' lang='lat' dir='ltr'>quo</span> <span class='ocrx_word' id='word_1_459' title='bbox 1192 2379 1225 2408; x_wconf 68' lang='grc' dir='ltr'>τᾶ</span> <span class='ocrx_word' id='word_1_460' title='bbox 1246 2377 1403 2420; x_wconf 61' lang='grc' dir='ltr'><em>ταξάδοξον</em></span> <span class='ocrx_word' id='word_1_461' title='bbox 1417 2386 1451 2411; x_wconf 86' lang='lat' dir='ltr'>et</span> <span class='ocrx_word' id='word_1_462' title='bbox 1466 2381 1573 2422; x_wconf 87' lang='lat' dir='ltr'>inopi-</span> 
     </span>
     <span class='ocr_line' id='line_1_61' title="bbox 870 2419 1159 2450; baseline 0.01 -2"><span class='ocrx_word' id='word_1_463' title='bbox 870 2425 988 2449; x_wconf 75' lang='lat' dir='ltr'>natum</span> <span class='ocrx_word' id='word_1_464' title='bbox 1006 2419 1159 2450; x_wconf 73' lang='lat' dir='ltr'>delectat.</span> 
     </span>
    </p>
   </div>
   <div class='ocr_carea' id='block_1_6' title="bbox 912 2457 1634 2506">
    <p class='ocr_par' dir='ltr' id='par_1_11' title="bbox 912 2457 1634 2506">
     <span class='ocr_line' id='line_1_62' title="bbox 912 2457 1634 2506; baseline 0.006 -15"><span class='ocrx_word' id='word_1_465' title='bbox 912 2464 953 2492; x_wconf 72' lang='lat'>84</span> <span class='ocrx_word' id='word_1_466' title='bbox 974 2460 1162 2502; x_wconf 49' lang='lat' dir='ltr'>effrenatio]</span> <span class='ocrx_word' id='word_1_467' title='bbox 1181 2464 1234 2493; x_wconf 80' lang='lat' dir='ltr'>Sic</span> <span class='ocrx_word' id='word_1_468' title='bbox 1250 2474 1308 2503; x_wconf 82' lang='lat' dir='ltr'>pro</span> <span class='ocrx_word' id='word_1_469' title='bbox 1324 2465 1460 2505; x_wconf 75' lang='lat' dir='ltr'>vulgato</span> <span class='ocrx_word' id='word_1_470' title='bbox 1475 2457 1575 2506; x_wconf 53' lang='lat' dir='ltr'>eff&#39;ress</span> <span class='ocrx_word' id='word_1_471' title='bbox 1631 2484 1634 2486; x_wconf 94' lang='lat'><em>-</em></span> 
     </span>
    </p>
   </div>
   <div class='ocr_carea' id='block_1_7' title="bbox 869 2505 1575 2591">
    <p class='ocr_par' dir='ltr' id='par_1_12' title="bbox 869 2505 1575 2591">
     <span class='ocr_line' id='line_1_63' title="bbox 869 2505 1575 2543; baseline 0.014 -11"><span class='ocrx_word' id='word_1_472' title='bbox 869 2505 979 2533; x_wconf 60' lang='lat' dir='ltr'>natisn-</span> <span class='ocrx_word' id='word_1_473' title='bbox 991 2505 1074 2534; x_wconf 84' lang='lat' dir='ltr'>edidi</span> <span class='ocrx_word' id='word_1_474' title='bbox 1088 2516 1164 2536; x_wconf 71' lang='lat' dir='ltr'>eum</span> <span class='ocrx_word' id='word_1_475' title='bbox 1179 2506 1323 2543; x_wconf 60' lang='lat' dir='ltr'>Pom-1:10,</span> <span class='ocrx_word' id='word_1_476' title='bbox 1334 2518 1373 2538; x_wconf 60' lang='grc' dir='ltr'>οι</span> <span class='ocrx_word' id='word_1_477' title='bbox 1383 2508 1432 2538; x_wconf 80' lang='lat' dir='ltr'>ed.</span> <span class='ocrx_word' id='word_1_478' title='bbox 1446 2509 1499 2540; x_wconf 82' lang='lat' dir='ltr'>&#39;W.</span> <span class='ocrx_word' id='word_1_479' title='bbox 1521 2512 1575 2542; x_wconf 85' lang='lat' dir='ltr'>Sic</span> 
     </span>
     <span class='ocr_line' id='line_1_64' title="bbox 873 2546 1575 2591; baseline 0.013 -16"><span class='ocrx_word' id='word_1_480' title='bbox 873 2552 907 2576; x_wconf 85' lang='lat' dir='ltr'>et</span> <span class='ocrx_word' id='word_1_481' title='bbox 930 2546 1171 2586; x_wconf 69' lang='lat' dir='ltr'>Quintilianus,</span> <span class='ocrx_word' id='word_1_482' title='bbox 1188 2555 1221 2578; x_wconf 88' lang='lat' dir='ltr'>et</span> <span class='ocrx_word' id='word_1_483' title='bbox 1238 2549 1300 2579; x_wconf 69' lang='grc' dir='ltr'>ΜΞ.</span> <span class='ocrx_word' id='word_1_484' title='bbox 1326 2550 1365 2580; x_wconf 91' lang='lat' dir='ltr'>E.</span> <span class='ocrx_word' id='word_1_485' title='bbox 1389 2551 1575 2591; x_wconf 58' lang='lat' dir='ltr'>Vulgatum</span> 
     </span>
    </p>
   </div>
   <div class='ocr_carea' id='block_1_8' title="bbox 865 2589 1575 2634">
    <p class='ocr_par' dir='ltr' id='par_1_13' title="bbox 865 2589 1575 2634">
     <span class='ocr_line' id='line_1_65' title="bbox 865 2589 1575 2634; baseline 0.013 -17"><span class='ocrx_word' id='word_1_486' title='bbox 865 2589 938 2628; x_wconf 73' lang='lat' dir='ltr'>jam</span> <span class='ocrx_word' id='word_1_487' title='bbox 966 2589 1061 2620; x_wconf 64' lang='lat' dir='ltr'>hahet</span> <span class='ocrx_word' id='word_1_488' title='bbox 1087 2591 1137 2620; x_wconf 71' lang='lat' dir='ltr'>etl.</span> <span class='ocrx_word' id='word_1_489' title='bbox 1161 2600 1187 2621; x_wconf 77' lang='lat' dir='ltr'>S.</span> <span class='ocrx_word' id='word_1_490' title='bbox 1211 2591 1234 2621; x_wconf 83' lang='lat' dir='ltr'>l.</span> <span class='ocrx_word' id='word_1_491' title='bbox 1259 2597 1292 2621; x_wconf 81' lang='lat' dir='ltr'>ct</span> <span class='ocrx_word' id='word_1_492' title='bbox 1315 2603 1345 2622; x_wconf 83' lang='lat' dir='ltr'>a.</span> <span class='ocrx_word' id='word_1_493' title='bbox 1372 2593 1412 2623; x_wconf 80' lang='lat' dir='ltr'>In</span> <span class='ocrx_word' id='word_1_494' title='bbox 1435 2602 1575 2634; x_wconf 73' lang='lat' dir='ltr'>utraque</span> 
     </span>
    </p>
   </div>
   <div class='ocr_carea' id='block_1_9' title="bbox 872 2631 1581 2890">
    <p class='ocr_par' dir='ltr' id='par_1_14' title="bbox 872 2631 1576 2747">
     <span class='ocr_line' id='line_1_66' title="bbox 872 2631 1575 2675; baseline 0.013 -16"><span class='ocrx_word' id='word_1_495' title='bbox 872 2631 998 2661; x_wconf 75' lang='lat' dir='ltr'>editum</span> <span class='ocrx_word' id='word_1_496' title='bbox 1028 2633 1127 2663; x_wconf 83' lang='lat' dir='ltr'>etiam</span> <span class='ocrx_word' id='word_1_497' title='bbox 1165 2635 1286 2669; x_wconf 55' lang='lat' dir='ltr'>offendi</span> <span class='ocrx_word' id='word_1_498' title='bbox 1321 2645 1381 2674; x_wconf 77' lang='lat' dir='ltr'>pro</span> <span class='ocrx_word' id='word_1_499' title='bbox 1416 2639 1575 2675; x_wconf 53' lang='lat' dir='ltr'>augendi,</span> 
     </span>
     <span class='ocr_line' id='line_1_67' title="bbox 873 2673 1576 2721; baseline 0.014 -19"><span class='ocrx_word' id='word_1_500' title='bbox 873 2673 959 2711; x_wconf 75' lang='lat' dir='ltr'>qnod</span> <span class='ocrx_word' id='word_1_501' title='bbox 982 2680 1016 2721; x_wconf 79' lang='lat' dir='ltr'>et</span> <span class='ocrx_word' id='word_1_502' title='bbox 1040 2675 1104 2706; x_wconf 77' lang='lat' dir='ltr'>Ms.</span> <span class='ocrx_word' id='word_1_503' title='bbox 1126 2676 1163 2705; x_wconf 89' lang='lat' dir='ltr'>E.</span> <span class='ocrx_word' id='word_1_504' title='bbox 1184 2676 1293 2707; x_wconf 73' lang='lat' dir='ltr'>habet.</span> <span class='ocrx_word' id='word_1_505' title='bbox 1316 2677 1348 2707; x_wconf 83' lang='lat' dir='ltr'>id</span> <span class='ocrx_word' id='word_1_506' title='bbox 1369 2679 1418 2711; x_wconf 85' lang='lat' dir='ltr'>ed.</span> <span class='ocrx_word' id='word_1_507' title='bbox 1441 2681 1576 2712; x_wconf 73' lang='lat' dir='ltr'>Mediol.</span> 
     </span>
     <span class='ocr_line' id='line_1_68' title="bbox 872 2724 1026 2747; baseline 0.006 -1"><span class='ocrx_word' id='word_1_508' title='bbox 872 2724 1026 2747; x_wconf 81' lang='lat' dir='ltr'>correxit.</span> 
     </span>
    </p>

    <p class='ocr_par' dir='ltr' id='par_1_15' title="bbox 875 2760 1581 2890">
     <span class='ocr_line' id='line_1_69' title="bbox 916 2760 1576 2806; baseline 0.011 -18"><span class='ocrx_word' id='word_1_509' title='bbox 916 2761 956 2789; x_wconf 79' lang='grc'>85</span> <span class='ocrx_word' id='word_1_510' title='bbox 995 2760 1041 2789; x_wconf 75' lang='lat' dir='ltr'>ad</span> <span class='ocrx_word' id='word_1_511' title='bbox 1075 2766 1276 2792; x_wconf 70' lang='lat' dir='ltr'>venustatem</span> <span class='ocrx_word' id='word_1_512' title='bbox 1306 2763 1377 2802; x_wconf 73' lang='lat' dir='ltr'>ipsa</span> <span class='ocrx_word' id='word_1_513' title='bbox 1404 2764 1576 2806; x_wconf 69' lang='lat' dir='ltr'>trac-talio]</span> 
     </span>
     <span class='ocr_line' id='line_1_70' title="bbox 876 2800 1580 2837; baseline 0.011 -7"><span class='ocrx_word' id='word_1_514' title='bbox 876 2800 1047 2832; x_wconf 54' lang='lat' dir='ltr'>Praefatio</span> <span class='ocrx_word' id='word_1_515' title='bbox 1058 2813 1226 2834; x_wconf 78' lang='lat' dir='ltr'>armorum</span> <span class='ocrx_word' id='word_1_516' title='bbox 1240 2809 1289 2835; x_wconf 81' lang='lat' dir='ltr'>est</span> <span class='ocrx_word' id='word_1_517' title='bbox 1303 2806 1337 2835; x_wconf 84' lang='lat' dir='ltr'>in</span> <span class='ocrx_word' id='word_1_518' title='bbox 1350 2807 1448 2836; x_wconf 85' lang='lat' dir='ltr'>modo</span> <span class='ocrx_word' id='word_1_519' title='bbox 1462 2813 1580 2837; x_wconf 85' lang='lat' dir='ltr'>tenen-</span> 
     </span>
     <span class='ocr_line' id='line_1_71' title="bbox 875 2843 1581 2890; baseline 0.011 -17"><span class='ocrx_word' id='word_1_520' title='bbox 875 2843 919 2880; x_wconf 88' lang='lat' dir='ltr'>di,</span> <span class='ocrx_word' id='word_1_521' title='bbox 935 2845 1098 2884; x_wconf 80' lang='lat' dir='ltr'>gestandi,</span> <span class='ocrx_word' id='word_1_522' title='bbox 1115 2847 1269 2878; x_wconf 79' lang='lat' dir='ltr'>movendi</span> <span class='ocrx_word' id='word_1_523' title='bbox 1287 2849 1344 2879; x_wconf 70' lang='grc' dir='ltr'>διο.</span> <span class='ocrx_word' id='word_1_524' title='bbox 1361 2849 1417 2880; x_wconf 82' lang='lat' dir='ltr'>sed</span> <span class='ocrx_word' id='word_1_525' title='bbox 1432 2850 1501 2890; x_wconf 68' lang='grc' dir='ltr'>ἕρπε</span> <span class='ocrx_word' id='word_1_526' title='bbox 1515 2859 1581 2890; x_wconf 83' lang='lat' dir='ltr'>quo</span> 
     </span>
    </p>
   </div>
   <div class='ocr_carea' id='block_1_10' title="bbox 796 2894 918 2928">
    <p class='ocr_par' dir='ltr' id='par_1_16' title="bbox 796 2894 918 2928">
     <span class='ocr_line' id='line_1_72' title="bbox 796 2894 918 2928; baseline 0.008 -2"><span class='ocrx_word' id='word_1_527' title='bbox 796 2894 918 2928; x_wconf 74' lang='lat' dir='ltr'>Ee4</span> 
     </span>
    </p>
   </div>
  </div>
 </body>
</html>
