1914 3220
312 131 472 184 xxxiv
796 129 1248 190 PRAEFATIO.

310 277 470 311 onem
504 258 729 322 faciunt,
764 260 913 312 illam
952 262 1208 315 Aldinam
1245 262 1501 333 majorem
1536 260 1590 312 in
1628 262 1741 315 ani-

309 362 401 396 mo
447 342 668 406 habent,
718 363 843 414 quae
895 355 1140 398 extrema
1191 346 1330 398 illius
1379 345 1544 398 seculi
1586 354 1742 416 parte

310 428 456 481 facta
483 437 587 481 est:
630 430 698 481 de
727 447 840 499 qua
871 429 1010 481 infra
1042 429 1271 492 dicetur,
1298 430 1438 483 sieut
1469 438 1525 482 et
1550 429 1620 482 de
1646 430 1744 482 mi-

308 514 525 565 noribus
554 514 782 565 Aldinis.
851 512 935 566 Ut
960 514 1030 566 ad
1060 515 1205 566 illam
1233 514 1528 586 genuinam
1556 514 1749 567 Paulli

306 598 600 650 editionem
630 598 943 658 redeamu53
983 598 1032 650 ei
1061 598 1279 651 Scholia
1319 598 1533 651 addidit
1575 597 1743 650 modo

306 682 358 733 in
418 682 784 752 Epistolarum
833 682 902 734 ad
961 682 1216 736 Diversos
1266 683 1558 745 volumine,
1602 699 1741 752 quas

305 767 510 819 scilieet
543 769 662 838 jam
705 777 834 820 ante
876 768 1469 837 separatim'ediderat.
1549 766 1615 819 In
1660 767 1741 830 iis,

305 852 438 921 quia
467 850 769 904 Victorium
803 852 1099 914 vellicamt,
1138 852 1330 905 habuit
1371 851 1498 904 inde
1530 848 1742 921 aliquid

303 954 429 988 cuni
460 954 524 987 eo
554 935 949 993 controversiae,
978 954 1105 987 cum
1139 937 1181 988 is
1220 934 1616 1006 Castigationes
1645 952 1744 1006 po·-

301 1021 544 1074 steriores
572 1021 623 1071 in
656 1020 770 1072 illas
799 1020 1056 1090 epistolas
1089 1020 1360 1073 edidisset.
1395 1039 1508 1090 qua
1538 1026 1599 1073 're
1626 1038 1742 1072 mo-

300 1114 404 1166 tUS,
433 1123 498 1157 ea
526 1113 650 1175 post
678 1105 798 1157 loca
821 1105 1002 1157 omisit
1013 1125 1025 1164 ;
1067 1122 1194 1175 quae
1218 1105 1314 1175 qui
1336 1104 1520 1157 volent
1545 1105 1739 1176 legere,

298 1191 382 1242 vel
404 1190 718 1260 exemplum
743 1190 1095 1261 epistolarum
1123 1188 1348 1260 aliquod
1371 1188 1636 1260 superius,
1653 1188 1739 1242 vel

298 1274 591 1327 editionem
622 1275 833 1328 illorum
875 1273 1212 1328 Scholiorum
1245 1274 1300 1326 in
1338 1273 1576 1327 editione
1605 1272 1738 1327 Rob.

298 1358 553 1430 Stephani
582 1369 808 1431 possunt
836 1359 1002 1422 adire,
1029 1360 1098 1412 de
1127 1377 1236 1429 qua
1268 1376 1414 1410 nunc
1441 1357 1703 1412 dicemus-

370 1444 488 1496 Rex
527 1452 644 1497 tum
679 1443 923 1497 Franeiae
959 1452 1074 1496 erat
1103 1444 1429 1506 Francisczw,
1468 1443 1736 1496 bonarum

293 1529 568 1581 literarum
613 1529 860 1581 omnium
898 1530 1319 1582 amantissimus.
1402 1527 1457 1580 Is
1495 1535 1551 1580 et
1581 1527 1738 1580 bibli-

294 1615 546 1668 othecam
591 1633 745 1666 suam
789 1615 1116 1667 instruxerat
1154 1613 1408 1666 omnibus
1455 1613 1627 1684 copiis
1673 1612 1735 1665 li-

292 1700 511 1753 brorum
548 1699 945 1761 hebraicorum‚
979 1718 1280 1771 graecorum
1323 1708 1378 1752 et
1419 1700 1734 1761 latinorum,

290 1795 347 1838 et
381 1785 578 1837 formas
616 1803 782 1837 novas
816 1785 1204 1856 elegantesque
1240 1785 1515 1836 literarum
1552 1783 1730 1836 omnis

288 1871 496 1944 generis
530 1871 705 1941 sculpi
724 1871 976 1941 jusserat,
1014 1870 1068 1921 in
1102 1870 1181 1921 his
1209 1888 1415 1932 earum,
1445 1887 1585 1939 quas
1612 1889 1737 1924 cur-¹

288 1965 461 2010 rentes
489 1956 652 2026 vulgo
680 1963 897 2018 vocant,
927 1956 1174 2008 inventas
1203 1955 1357 2007 initio
1393 1954 1533 2007 illius
1561 1955 1730 2008 seculi-

288 2060 321 2093 a
354 2041 599 2112 quodam
630 2040 905 2092 Frmzcisco
934 2040 1266 2103 Bononiensi,
1296 2049 1356 2092 ut
1387 2040 1448 2092 iis
1487 2041 1729 2111 optimus

289 2127 525 2198 quisque
571 2125 705 2177 liber
746 2125 945 2177 latinus
988 2125 1396 2178 describeretur.
1476 2124 1610 2196 Ejus
1651 2126 1727 2178 rei

287 2210 504 2263 initium
532 2209 644 2262 fieri
674 2209 882 2280 placuit
908 2209 962 2261 in
989 2208 1263 2262 Ciceronis
1292 2209 1436 2261 libris
1467 2227 1561 2280 per
1589 2208 1724 2263 Rob.

286 2295 628 2366 Stephanum,
685 2294 1092 2366 typographum
1151 2294 1378 2365 regium.
1457 2294 1512 2346 Is
1564 2294 1727 2365 igitur

284 2381 440 2434 annis
473 2385 619 2434 1543
640 2388 696 2432 et
743 2384 883 2434 1544
909 2398 999 2432 eos
1042 2379 1315 2431 universos
1344 2387 1470 2432 octo
1500 2380 1726 2433 volumi-

285 2465 445 2517 nibus
473 2464 690 2516 minoris
719 2465 906 2517 formae
935 2464 1253 2516 nitidissime
1285 2463 1460 2516 edidit
1486 2463 1720 2517 Parisii&

284 2550 582 2602 Volumina
627 2550 803 2620 prima
855 2550 956 2603 tria
1006 2550 1211 2602 habent
1261 2550 1548 2612 orationeS,
1599 2565 1723 2619 pro-

283 2634 431 2686 xima
458 2634 568 2687 duo
594 2635 869 2706 epistolem,
909 2644 1124 2688 sextum
1151 2646 1209 2688 et
1234 2635 1528 2705 septimum
1556 2633 1719 2686 libros

285 2719 705 2790 pliilosophicoS‚
733 2720 986 2772 ultimum
1016 2719 1323 2772 rhetoricos.
1391 2717 1482 2770 De
1508 2717 1719 2771 ratione

282 2804 438 2875 hujus
470 2804 720 2858 editionis
754 2804 883 2857 nihil
922 2803 1067 2856 aliud
1107 2804 1273 2858 tradit
1307 2803 1588 2865 Robertus‚
1616 2802 1718 2856 nisi
