1945 3235
320 159 400 196 390
841 159 920 197 DE
956 158 1248 197 ORATORE

317 259 529 301 micorum
563 275 719 303 nomen
751 273 816 304 est
845 278 991 313 unum,
1024 262 1247 304 sententiae
1279 261 1392 303 duae.
1423 274 1521 300 nam
1555 259 1757 317 Speusip-

318 331 398 372 pus
423 316 614 360 Platonis
639 321 794 361 sororis
820 321 945 372 filius,
964 331 1008 361 et
1032 321 1316 368 Xenocrates,
1335 317 1409 372 qui
1436 317 1658 358 Platonem
1683 332 1757 358 au-

318 373 469 423 dien-,at
503 385 548 416 et
577 376 651 431 qui
683 353 991 428 Xenocratem,
1034 377 1223 426 Polemo,
1251 385 1295 418 et
1329 374 1528 424 Crantor,
1561 373 1668 415 nihil
1701 374 1756 415 ab

316 429 563 494 Aristotele,
581 433 654 488 qui
675 448 759 474 una
777 434 969 475 audierat
989 433 1125 475 Plato
1130 448 1227 483 iem,
1250 446 1510 488 magnopere
1534 431 1754 472 dissensit:

316 487 443 543 copia
466 488 659 539 fortasse,
687 502 731 531 et
755 492 957 532 varietate
980 491 1149 532 dicendi
1171 504 1290 547 pares
1315 503 1401 530 uon
1431 489 1617 529 fuerunt.
1675 487 1757 528 Ar-

315 544 465 585 cesilas
491 548 691 602 primum,
709 548 782 602 qui
810 548 1086 590 Polemonem
1118 548 1324 597 audier‚at
1342 561 1395 587 ex
1415 546 1542 586 variis
1564 544 1756 586 Platonis

316 600 450 651 libris,
474 604 827 659 sermonibusque
847 605 1077 645 Socraticis
1108 604 1190 645 hoc
1215 604 1403 645 mixime
1434 602 1627 658 arripuit,
1650 601 1757 643 nihil

317 672 409 699 esse
427 661 530 700 certi
537 661 675 724 ..quod
691 671 765 702 aut
782 661 990 711 sensibus,
1010 671 1084 702 aut
1101 661 1244 702 animo
1265 660 1424 717 percipi
1446 659 1605 716 possit.
1629 673 1757 715 quem

318 715 462 756 ferunt
494 718 655 758 exuuio
690 718 874 781 quod-un
918 732 1041 758 usum
1076 717 1218 773 lepore
1257 717 1442 781 dicendi,
1486 725 1759 781 aspernatum

318 786 409 814 esse
433 788 559 814 omne
577 775 706 816 animi
726 789 957 830 sensusque
974 774 1204 829 judicium,
1219 775 1490 830 primumque
1510 773 1758 825 instituisse,

318 832 596 892 (quamquam
621 831 662 872 id
687 832 770 872 fuit
787 832 1056 873 Socraticum
1075 831 1296 882 maxime,)
1315 846 1415 881 uon,
1432 831 1563 886 quid
1555 845 1645 896 ipse
1663 845 1758 872 sen-

320 887 433 937 tiret,
457 888 703 940 ostendere;
737 889 809 930 sed
834 898 985 930 contra
1008 888 1063 939 id,
1086 888 1200 943 quod
1231 889 1412 943 quisque
1435 903 1478 929 se
1508 889 1664 929 sentire
1693 888 1758 930 di-

256 943 466 995 68xisset,
490 944 722 1000 disputare.
784 945 903 988 Hinc
922 945 1015 987 haec
1034 946 1245 987 recentior
1265 944 1500 986 Academia
1528 945 1758 996 emanavit,

316 999 359 1041 in
384 1015 470 1064 qua
490 1002 660 1043 exstitit
683 1003 830 1044 divina
853 1003 1036 1058 quadam
1070 1002 1287 1043 celeritate
1318 1002 1479 1057 ingenii
1503 1002 1758 1058 dicendique

314 1059 443 1113 copia
473 1057 742 1102 Carneades:
773 1060 896 1116 cujus
919 1075 1000 1117 ego
1023 1060 1102 1101 etsi
1132 1059 1290 1100 multos
1323 1059 1539 1100 auditores
1571 1074 1758 1116 cognovr

313 1113 513 1166 Athenis,
539 1125 680 1158 tamen
705 1127 901 1159 auctores
931 1093 1192 1159 certissimos
1212 1116 1383 1157 laudare
1405 1130 1595 1172 possum,
1624 1127 1667 1157 et
1690 1131 1758 1158 so-

312 1186 457 1213 cerum
482 1187 624 1215 meum
650 1174 904 1225 Scaevolam,
922 1174 995 1229 qui
1019 1189 1118 1215 eum
1138 1174 1290 1214 Romae
1311 1174 1476 1214 audivit
1498 1173 1759 1225 adolescens,

313 1238 358 1269 et
379 1230 439 1293 Ω.
466 1228 693 1273 Metellum
715 1231 763 1272 L.
786 1231 832 1272 F.
854 1206 1282 1281 f2'1111iliare1nmeum‚
1301 1230 1585 1272 clarissimum
1604 1231 1759 1282 virum,

316 1287 388 1341 qui
415 1286 532 1329 illum
552 1303 576 1329 a
600 1303 643 1329 se
667 1289 936 1330 adolescente
967 1288 1200 1340 Athenis,
1183 1303 1276 1344 pam
1297 1287 1500 1328 aflectum
1525 1297 1759 1339 senectute,

238 1338 305 1392 19
318 1344 474 1385 multos
493 1345 583 1386 dies
600 1347 793 1387 auditum
812 1360 902 1387 esse
919 1346 1105 1387 dicebat.
1166 1334 1279 1387 Haee
1298 1353 1456 1395 autem,
1472 1354 1518 1386 ut
1539 1359 1594 1386 ex
1611 1343 1759 1402 Apen-

254 1407 304 1445 69
318 1400 436 1452 nino,
461 1402 703 1454 fluminum,
727 1403 788 1444 sic
811 1418 865 1444 ex
898 1403 1117 1444 communi
1137 1402 1394 1458 sapientium
1410 1402 1538 1458 jugo,
1561 1413 1661 1444 sunt
1683 1403 1760 1444 do-

318 1458 552 1500 ctrinarum
588 1459 704 1501 facta
737 1460 937 1510 divortia,
959 1469 1006 1500 ut
1032 1458 1293 1515 philosophi,
1326 1468 1530 1514 tanquam
1558 1459 1602 1500 in
1633 1475 1759 1517 supe·

317 1529 413 1558 rum
438 1516 478 1547 62
492 1531 607 1558 mare
630 1516 801 1558 Ionium
826 1517 1078 1567 defluer‚ent
1102 1516 1305 1557 Graecum
1329 1516 1560 1571 quoddam,
1584 1526 1628 1558 et
1659 1532 1757 1573 por-

317 1581 511 1615 tuosum:
544 1583 733 1614 oratores
752 1584 895 1615 autem
919 1575 962 1615 iu
986 1549 1169 1614 interum
1200 1573 1282 1614 hoc
1311 1572 1514 1624 Tuscum,
1539 1583 1584 1615 et
1605 1575 1758 1616 barba·

315 1642 426 1680 rum,
448 1631 722 1686 scopulosum
757 1641 885 1686 atque
918 1631 1138 1680 infestum,
1171 1630 1460 1681 laberentur,
1452 1645 1495 1671 in
1518 1645 1605 1686 quo
1627 1631 1757 1673 etiam

253 1686 408 1742 Toipse
439 1687 614 1743 Ulysses
647 1699 841 1729 errasset.
903 1689 1062 1752 Quare,
1093 1689 1127 1728 si
1153 1686 1233 1728 hac
1256 1686 1502 1742 eloquentia
1523 1697 1651 1744 atque
1673 1688 1758 1730 hoc

316 1752 486 1785 oratore
503 1746 696 1786 contenti
715 1760 876 1796 sumus,
898 1746 971 1801 qui
997 1745 1118 1796 sciat,
1138 1754 1213 1785 aut
1234 1759 1390 1800 negare
1407 1756 1619 1801 oportere,
1641 1746 1756 1801 quod

315 1815 508 1856 arguare,
537 1812 626 1853 aut,
646 1803 734 1844 6331
759 1802 801 1844 id
825 1817 913 1844 non
943 1802 1094 1859 possit,
1124 1812 1216 1842 tum
1241 1802 1478 1852 ostendere,
1502 1802 1651 1858 quod
1642 1817 1676 1843 is
1695 1802 1758 1845 fe..

269 1863 301 1895 b.
315 1859 436 1909 cerit,
464 1859 537 1914 qui
569 1859 853 1911 insimuletur,
876 1870 951 1901 aut
981 1868 1096 1901 recte
1127 1858 1304 1910 factum,
1333 1868 1407 1900 aut
1435 1859 1606 1901 alterius
1631 1860 1758 1917 culpa

314 1924 390 1956 aut
413 1915 583 1971 injuria,
608 1927 682 1957 aut
707 1931 760 1961 ex
787 1917 897 1981 lege,
923 1926 997 1958 aut
1019 1931 1105 1957 non
1134 1927 1286 1957 contla
1314 1916 1422 1972 lege·
1414 1931 1468 1967 Ἦ,
1491 1925 1565 1957 aut
1596 1917 1756 1973 impru-

313 1972 474 2023 dentia,
498 1982 571 2014 aut
595 1988 847 2025 necessario,
866 1983 941 2015 aut
959 1988 1045 2015 non
1069 1987 1119 2014 eo
1141 1974 1316 2014 nomine
1341 1974 1645 2039 usurpandum,
1669 1990 1756 2030 quo

313 2041 533 2085 arguatur,
552 2041 626 2072 aut
643 2045 729 2073 non
748 2032 808 2072 ita
824 2032 911 2087 agi,
932 2040 978 2072 ut
1001 2031 1212 2082 debuerit,
1231 2045 1281 2071 ac
1300 2030 1492 2083 licuerit3
1523 2040 1579 2081 et,
1599 2032 1633 2072 si
1653 2033 1754 2073 satis

312 2100 405 2127 esse
442 2089 617 2143 putatis,
651 2103 714 2139 ea,
743 2103 840 2144 quae
874 2089 943 2129 isti
976 2088 1204 2143 scriptores
1236 2088 1337 2128 artis
1369 2087 1539 2139 docent,
1577 2088 1753 2140 discere,

313 2158 412 2197 quae
429 2144 563 2186 multo
583 2156 725 2187 tamen
744 2146 950 2196 ornatius,
968 2159 1096 2200 quam
1117 2146 1171 2187 ab
1187 2143 1268 2185 illis
1285 2145 1501 2195 dicuntur,
1520 2154 1564 2186 et
1582 2146 1754 2188 uberius

315 2201 551 2256 explieaxit
584 2202 821 2253 Antonius3
873 2203 960 2253 sed,
997 2216 1031 2242 sl
1073 2201 1138 2243 his
1171 2202 1364 2243 contenti
1394 2202 1509 2253 estis,
1541 2211 1669 2258 atque
1702 2204 1753 2245 iis

317 2259 462 2321 etiam,
491 2273 588 2314 quae
619 2259 704 2300 dici
728 2259 922 2300 voluistis
951 2274 976 2300 a
998 2272 1087 2300 me:
1120 2273 1173 2300 ex
1206 2258 1371 2314 ingenti
1403 2259 1588 2313 quodam
1613 2269 1755 2302 orato-

318 2329 407 2355 rem
433 2315 726 2371 immensoque
757 2331 910 2372 eampo
931 2316 972 2356 in
997 2315 1203 2372 exiguum
1227 2330 1327 2356 sane
1351 2330 1505 2372 gyrum
1535 2317 1754 2381 compelli-

255 2377 302 2415 '71
321 2372 388 2413 tis.
449 2372 524 2413 Sin
549 2382 735 2414 veterem
758 2373 876 2414 illum
900 2350 1123 2424 Periclem,
1142 2381 1214 2413 aut
1235 2372 1348 2414 hunc
1369 2373 1514 2423 etiam,
1533 2388 1606 2428 qui
1629 2374 1754 2415 lami-

315 2429 458 2470 liarior
489 2430 613 2471 nobis
648 2441 822 2486 propter
852 2430 1109 2494 scriptorum
1140 2429 1458 2471 multitudinem
1487 2439 1565 2481 est,
1592 2429 1754 2471 Demo-

315 2487 525 2539 sthenem,
544 2490 662 2544 sequi
682 2487 823 2539 vultis,
842 2496 899 2538 et,
918 2488 952 2528 si
971 2487 1085 2528 illam
1105 2486 1352 2544 praeclaram
1371 2496 1415 2529 et
1431 2487 1635 2530 eximiam
1657 2503 1752 2544 spe-

359 2645 400 2675 62
427 2653 520 2673 mare
546 2644 687 2683 Ionium]
716 2643 847 2675 Ionium
871 2642 1014 2674 nonnul·
1099 2644 1138 2675 63
1161 2645 1188 2674 si
1202 2644 1434 2684 idnonpossit]
1460 2646 1512 2676 Sic
1526 2645 1612 2676 edidi
1627 2646 1753 2676 cumP.

318 2687 559 2725 lislsuspectum
573 2692 622 2716 est
639 2697 697 2726 pro
712 2687 831 2725 glossa,
848 2687 909 2716 etsi
926 2695 1014 2717 mare
1057 2685 1211 2719 Manutio
1226 2697 1283 2726 pro
1297 2687 1384 2726 vulg.
1393 2688 1512 2727 possis:
1529 2697 1604 2718 nam
1622 2697 1754 2728 respon-

317 2729 523 2759 Adriaticum
547 2728 586 2758 ab
601 2728 673 2758 aliis
690 2728 819 2759 Ionium
834 2728 897 2758 dici
913 2728 1011 2758 solet:
1057 2727 1112 2758 det
1127 2728 1212 2758 clare
1228 2729 1343 2765 verbis,
1359 2730 1414 2768 qui
1427 2730 1521 2760 sciat.
1566 2731 1598 2760 Si
1612 2731 1682 2770 quis
1694 2740 1752 2760 au-

316 2771 372 2804 sed
386 2779 500 2800 sanum
516 2776 566 2801 est
582 2770 643 2800 hoc
658 2771 802 2800 verbum.
836 2770 922 2800 Nam
940 2776 1016 2810 apte
1058 2775 1126 2800 tem
1152 2770 1246 2800 malit
1259 2781 1356 2810 supra
1371 2773 1545 2811 corrigere,
1560 2781 1617 2811 neg
1611 2773 1690 2810 ran‘,
1704 2773 1753 2803 f-a

317 2813 378 2843 sibi
402 2813 611 2852 respondent,
635 2822 723 2842 mare
739 2822 893 2851 superum
911 2818 946 2842 et
966 2814 1017 2842 in·
1059 2812 1119 2842 cile
1135 2812 1327 2852 concedam,
1351 2819 1385 2844 et
1401 2814 1432 2844 id
1455 2819 1504 2845 est
1525 2815 1634 2855 aptius
1653 2815 1750 2846 verbo

306 2854 439 2894 ,lbi-tun,
460 2855 585 2885 Ionium
599 2860 633 2886 et
647 2853 802 2891 Tuscum,
825 2854 973 2885 Groecum
983 2859 1017 2885 et
1058 2864 1218 2893 arguare.

321 2897 512 2928 &urbm-nm.
