1945 3235
392 127 471 162 320
912 121 994 160 DE
1020 121 1306 160 ORATORE
1360 111 1362 114 ’

397 227 466 277 sit,
501 241 540 268 Sl
586 240 699 267 Min!
742 239 899 267 rimus
943 240 1181 276 cimirun,
1215 239 1361 278 1591]ss
1399 237 1539 265 Pinus
1581 235 1823 275 monn-un,

397 294 437 324 ct
461 295 615 333 cetera,
648 297 749 324 Tun
788 297 847 324 UT
886 298 997 324 mini
1039 297 1149 325 1111AE
1181 298 1255 324 srr
1294 295 1476 323 nunes:
1509 280 1689 322 sinatus
1712 280 1823 322 filius

401 355 484 381 non
507 342 586 391 sit3
620 340 863 380 videaturne
898 341 945 390 is,
972 339 1043 395 qui
1069 340 1154 379 filio
1187 349 1354 380 mortno
1377 337 1594 378 institutus
1613 337 1732 378 heres
1754 337 1825 388 sit,

318 404 387 451 33
403 397 521 439 lieres
545 413 648 440 esse.
712 397 909 452 l'crpctui
925 397 1051 452 Juris,
1073 406 1116 437 et
1142 396 1324 437 universi
1348 394 1512 451 generis
1535 394 1716 449 quaestio
1737 408 1825 436 non

403 454 623 496 hominum
647 453 832 504 noniina,
855 454 926 494 sed
960 453 1164 494 rationein
1194 453 1377 503 dicendi,
1399 462 1442 493 et
1473 461 1825 507 argumentorum

318 513 388 547 14⁴)-
402 511 540 553 fontes
561 511 784 553 desiderat.
847 509 895 550 In
915 526 1000 565 quo
1021 511 1150 551 etiam
1175 511 1240 550 isti
1267 525 1342 550 nos
1366 507 1661 564 jurisconsulti
1693 507 1827 563 impe-

399 568 537 619 diunt,
569 585 591 609 a
619 567 904 622 discendoque
930 567 1157 608 deterrent.
1218 567 1353 608 Video
1382 566 1494 606 enim
1520 564 1559 606 in
1582 564 1762 614 ,Catonis
1783 572 1826 605 et

404 625 524 667 Bruti
550 625 664 665 libris
689 624 940 664 nominatim
964 624 1050 664 sese
1074 623 1232 674 referri,
1265 624 1367 679 quid
1394 622 1520 664 alicui
1547 621 1712 678 dejure
1737 617 1825 662 viro

399 693 472 723 aut
496 682 658 723 mulieri
683 680 999 736 responderint:
1033 681 1174 730 credo,
1208 690 1255 720 ut
1287 689 1545 736 putaremus,
1575 679 1618 720 in
1643 677 1827 726 homini-¹

402 741 493 789 bus,
527 754 608 779 non
633 739 673 778 in
700 753 757 787 rc,
781 737 1106 778 consultationis
1140 746 1214 777 aut
1237 736 1517 778 dubitationis
1550 749 1720 777 causam
1750 734 1826 777 ali-

398 812 525 851 quam
548 795 697 845 fuisse;
731 804 789 845 ut,
821 795 933 848 qnod
959 794 1149 836 homines
1170 804 1311 835 essent
1338 792 1679 844 innumerabiles,
1704 791 1827 834 1³de-

401 853 555 893 bilitati
583 868 605 893 a
620 853 719 907 jure
748 851 1064 906 cognoscendo,
1087 849 1347 892 voluntatem
1370 850 1561 892 discendi
1583 849 1707 892 simul
1728 863 1827 894 cum

399 924 472 966 spe
494 909 758 965 perdiscendi
781 908 1077 966 abjicere—inus.

456 967 539 1008 Sed
569 967 662 1007 liaec
696 965 872 1006 Crassus
906 963 1133 1020 aliquando
1165 964 1287 1005 nobis
1320 963 1534 1019 expediet,
1564 973 1607 1005 et
1638 970 1828 1019 exponet

397 1023 610 1079 descripta
637 1023 888 1078 feneratirn.
913 1031 976 1063 est
1000 1021 1129 1072 enini,
1160 1035 1214 1061 ne
1239 1021 1348 1062 forte
1376 1021 1552 1071 nescias,
1583 1019 1671 1061 heri
1703 1020 1826 1061 nobis

400 1080 467 1121 ille
498 1080 594 1131 hoc,
628 1056 794 1130 Catule,
822 1078 1050 1135 pollicitus,
1083 1093 1125 1118 se
1151 1077 1224 1133 jus
1257 1077 1396 1128 civile,
1427 1077 1541 1133 quod
1567 1091 1680 1125 nunc
1701 1075 1828 1126 diffu-

399 1152 491 1178 sum
513 1147 557 1178 et
577 1137 829 1193 dissipatum
851 1145 929 1187 est,
961 1136 1003 1176 in
1036 1145 1152 1176 certa
1183 1149 1340 1191 genera
1367 1144 1639 1186 coacturum„
1666 1136 1754 1174 14et
1775 1133 1825 1175 ad

315 1199 385 1233 143
399 1206 532 1236 artem
555 1194 678 1236 facile
700 1194 982 1235 redacturum.
1034 1191 1087 1233 Et
1106 1192 1293 1247 quidem,
1316 1191 1456 1247 inquit
1478 1191 1670 1240 Catulus,
1692 1189 1827 1232 haud-

397 1267 609 1307 quaquam
634 1252 674 1292 id
698 1260 762 1292 est
782 1250 956 1291 difficile
980 1249 1149 1299 Crasso,
1171 1250 1243 1304 qui
1267 1259 1324 1300 et,
1345 1248 1459 1304 quod
1482 1249 1587 1290 disci
1611 1248 1753 1304 potuit
1774 1247 1827 1289 de

389 1310 503 1364 jure,
533 1309 706 1350 didicit:
739 1318 795 1358 et,
826 1308 939 1362 quod
964 1307 1028 1358 iis,
1060 1308 1251 1361 quicum
1275 1306 1525 1357 docuerunt,
1556 1305 1708 1355 defuit,
1738 1305 1829 1361 ipse

397 1365 564 1417 afferct3
597 1375 657 1416 ut,
688 1380 784 1420 quae
816 1365 901 1405 sint
930 1364 1102 1418 injure,
1137 1362 1197 1403 vel
1225 1366 1372 1419 ¹5apte
1393 1363 1646 1415 describere,
1668 1361 1736 1404 vel
1760 1376 1828 1408 or-

396 1434 494 1463 nate
529 1423 734 1463 illustrare
769 1422 917 1478 possit.
982 1420 1094 1476 Ergo
1125 1420 1219 1470 ista,
1251 1420 1391 1475 inquit
1423 1418 1653 1470 Antonius,
1686 1428 1776 1460 tum
1804 1433 1831 1459 a

399 1479 553 1520 Crasso
575 1480 800 1529 discemus,
823 1493 920 1519 cuin
945 1492 988 1518 se
1010 1478 1061 1518 de
1092 1478 1216 1517 turba
1247 1486 1291 1517 ct
1319 1492 1344 1517 a
1375 1476 1583 1517 subselliis
1611 1476 1653 1517 in
1675 1477 1828 1526 otium,

313 1547 382 1578 144
399 1541 465 1589 (ut
483 1537 666 1592 cogitat)
690 1536 926 1590 soliumque
948 1534 1190 1575 contulerit.
1239 1534 1334 1576 Jam
1358 1533 1398 1574 id
1421 1533 1593 1588 quidem
1616 1547 1744 1589 saepe,
1763 1532 1827 1573 in-

396 1594 489 1648 quit
513 1593 705 1642 Catulus,
727 1607 780 1633 ex
804 1607 854 1633 eo
877 1591 1036 1641 audivi,
1059 1605 1157 1632 cum
1183 1590 1356 1640 diceret,
1388 1590 1468 1631 sibi
1491 1599 1655 1631 certum
1676 1603 1780 1641 esse,
1803 1605 1829 1630 a

386 1651 564 1705 judiciis
586 1650 809 1704 causisque
839 1649 1075 1689 discedere:
1109 1647 1196 1698 sed,
1230 1657 1273 1688 ut
1307 1647 1387 1702 ipsi
1421 1646 1535 1688 soleo
1564 1646 1719 1696 dicere,
1743 1660 1828 1688 non

393 1708 553 1748 licebit.
577 1721 713 1762 neque
735 1707 848 1747 enim
880 1707 969 1761 ipse
998 1704 1205 1746 auxilium
1237 1719 1360 1745 snum
1391 1719 1505 1760 saepe
1533 1719 1559 1744 a
1580 1703 1680 1744 viris
1695 1703 1827 1749 bonis

394 1764 549 1805 frustra
571 1764 787 1820 implorari
819 1764 1018 1818 patietur,
1041 1776 1177 1816 neque
1208 1761 1248 1802 id
1279 1776 1404 1816 aequo
1426 1761 1569 1802 animo
1591 1760 1699 1809 feret
1720 1759 1827 1802 civi-

394 1831 482 1863 tas:
514 1836 611 1876 quae
634 1821 666 1861 si
693 1834 795 1861 voce
823 1820 868 1860 L.
888 1819 1030 1860 Crassi
1049 1819 1225 1869 carebit,
1257 1827 1508 1859 ornamento
1526 1817 1713 1873 quodam
1736 1831 1826 1859 sese

393 1878 618 1934 spoliatum
652 1878 836 1934 putabit.
898 1876 1011 1917 Nam
1045 1875 1199 1926 hercle,
1232 1875 1371 1930 inquit
1401 1874 1631 1925 Antonius,
1662 1874 1695 1915 si
1728 1873 1825 1916 haec

395 1950 490 1976 vere
512 1951 537 1976 a
556 1934 712 1976 Catulo
736 1934 852 1974 dicta
881 1942 993 1983 sunt,
1017 1932 1094 1973 tibi
1120 1946 1287 1973 mecum
1308 1932 1344 1962 ¹6
1359 1932 1401 1972 in
1423 1932 1573 1972 eodem
1595 1940 1659 1972 est
1680 1928 1824 1988 pistri-

392 2007 463 2043 no,
487 1992 652 2043 Crasse,
683 1991 937 2031 vivendum:
970 1999 1013 2030 et
1034 1990 1158 2030 istam
1181 1989 1435 2030 oscitantem
1457 1997 1500 2029 et
1520 1989 1825 2030 dormitantem

391 2049 643 2104 sapientiam
668 2047 972 2098 Scaevolarum,
994 2055 1037 2086 et
1058 2056 1295 2087 ceterorum
1315 2045 1536 2087 beatorum
1559 2045 1649 2086 otio
1671 2046 1824 2086 eonce-

308 2115 378 2147 145
393 2106 556 2146 damus.
615 2104 772 2145 Arrisit
798 2104 868 2145 hie
897 2103 1074 2145 Crassus
1105 2103 1269 2153 leniter,
1299 2112 1357 2153 et,
1382 2102 1565 2143 Pertexe
1584 2101 1729 2154 modo,
1759 2102 1825 2157 in-

438 2236 472 2264 13
496 2234 655 2263 debilitati
690 2243 711 2262 a
736 2231 819 2274 jure
853 2231 1081 2270 cognoscendo]

394 2276 464 2306 Hoc
479 2276 637 2314 exquisite
651 2275 784 2310 dicitur,
799 2284 829 2304 v.
847 2275 935 2305 Clav.
954 2275 986 2303 in
1003 2274 1086 2303 debi-

391 2319 498 2347 litare.
542 2318 618 2348 Non
639 2326 720 2356 opus
736 2316 851 2346 addere
871 2321 972 2351 metu,
988 2320 1026 2346 ut
1040 2316 1087 2345 vi-

390 2359 485 2390 detur
511 2360 654 2395 Peme-io,
680 2368 878 2398 quamquam
903 2359 948 2388 sic
972 2362 1022 2388 est
1047 2357 1086 2388 de

389 2401 460 2431 lnv.
482 2405 509 2438 1,
524 2404 574 2431 ⁶25.
590 2406 672 2431 extr.

437 2446 471 2474 14
494 2447 524 2473 et
546 2444 591 2473 ad
614 2447 719 2473 artem
731 2441 840 2482 facile
854 2441 1081 2480 redacturum]

390 2484 496 2515 Facile
521 2495 554 2514 se
578 2485 609 2514 id
634 2485 840 2519 effectui-uin,
865 2493 970 2521 neque
990 2483 1084 2520 dixit,

389 2535 491 2564 neque
515 2527 680 2566 promisit:
706 2536 765 2556 nee
791 2525 822 2555 id
843 2531 892 2554 est
918 2526 1084 2565 promissi;

387 2568 530 2607 adeoque
545 2578 610 2598 non
627 2567 893 2607 convenitfucile
907 2568 1004 2597 verbo
1013 2569 1083 2606 pol-

387 2610 506 2640 licitus.
542 2610 647 2640 Facile
663 2610 694 2640 id
708 2619 783 2639 cum
798 2608 1033 2649 perfecturum,
1047 2620 1085 2640 ea

387 2660 462 2681 vero
486 2651 596 2681 Catuli
621 2652 691 2681 laus
713 2660 775 2687 est,
801 2652 881 2681 bene
906 2650 945 2680 de
969 2652 1084 2681 Crasso

385 2694 556 2732 sperantis.
602 2694 706 2723 Credo
717 2694 826 2732 facile
848 2701 914 2723 esse
938 2693 1085 2732 spurium

385 2740 420 2765 et
436 2741 550 2765 natum
566 2745 583 2763 e
600 2734 710 2764 Catuli
725 2736 883 2764 oratione.
917 2735 944 2763 A
961 2734 1022 2764 Ms.
1041 2734 1080 2765 E.

385 2777 482 2817 plane
496 2777 565 2806 haec
582 2777 701 2806 absunt
715 2782 745 2806 et
759 2776 1069 2806 (td—redacturum.

433 2821 467 2849 15
490 2823 565 2857 apte
591 2818 780 2857 describere]
812 2818 893 2847 Edd.
925 2828 972 2856 pr.
1003 2819 1083 2848 item

384 2860 465 2891 Mss.
480 2861 603 2891 Prarcii
626 2861 747 2892 habent
769 2865 876 2897 acute,
897 2859 982 2890 unde
998 2869 1084 2891 reee-

1129 2231 1178 2271 pit
1200 2231 1266 2270 ipse
1283 2231 1315 2261 in
1330 2233 1471 2261 textum.
1517 2230 1602 2262 Mihi
1621 2235 1696 2270 apte
1709 2239 1822 2262 verum

1129 2273 1269 2309 videtur,
1292 2273 1368 2312 quia
1381 2273 1478 2303 verbo
1497 2273 1695 2303 describendi
1708 2276 1826 2303 conve-

1130 2316 1192 2351 nit,
1206 2316 1240 2345 in
1254 2325 1317 2354 quo
1332 2314 1494 2355 partiendi
1507 2324 1619 2345 sensus
1630 2320 1691 2344 est.
1734 2313 1829 2345 Nam

1129 2361 1204 2396 apte
1218 2358 1320 2387 deser.
1338 2357 1419 2387 nihii
1437 2357 1526 2387 aliud
1540 2363 1601 2393 est,
1623 2366 1721 2395 quam
1737 2360 1824 2387 recte

1127 2399 1239 2429 onmia
1253 2399 1292 2429 ad
1313 2408 1371 2429 sua
1385 2399 1505 2437 genera'
1516 2407 1680 2434 revocare,
1703 2407 1824 2437 genera.

1128 2441 1162 2470 in
1188 2448 1295 2480 partes
1319 2441 1462 2471 tribuere
1484 2441 1538 2470 &e
1566 2444 1606 2470 ut
1628 2449 1728 2480 supra
1753 2440 1821 2480 ipse

1128 2482 1223 2519 dixit,
1245 2493 1320 2513 cuin
1341 2483 1475 2513 modum
1489 2482 1647 2512 doctrinae
1661 2482 1702 2512 ad
1716 2486 1821 2512 artem

1128 2525 1317 2554 revocandae
1331 2524 1518 2564 explicaret.
1818 2543 1821 2546 -

1174 2566 1209 2596 16
1232 2567 1265 2595 in
1280 2567 1386 2596 eodem
1401 2570 1446 2595 est
1462 2566 1601 2605 pistrino
1618 2564 1698 2604 viv.]
1726 2565 1821 2596 Hane

1128 2607 1304 2638 lectionem
1328 2609 1471 2648 primum
1488 2609 1521 2637 in
1537 2606 1587 2637 ed.
1603 2607 1676 2636 Ald.
1690 2611 1723 2636 et
1737 2607 1825 2636 «Jun-

1127 2650 1199 2679 tina
1215 2650 1327 2689 reperi.
1372 2650 1456 2679 Ante
1477 2649 1540 2678 suit
1559 2649 1665 2679 eodem
1683 2650 1824 2688 pristino

1127 2693 1287 2727 instituto,
1301 2697 1337 2721 ut
1348 2698 1379 2721 et
1391 2692 1422 2721 in
1438 2691 1515 2720 Mss.
1530 2691 1678 2720 Pearcius
1692 2691 1823 2730 reperit,

1125 2743 1183 2762 nos
1199 2734 1232 2762 in
1249 2733 1315 2763 Eri.
1360 2732 1454 2763 Unde
1470 2733 1526 2762 illa
1540 2732 1612 2762 Am.
1627 2738 1661 2762 et
1675 2731 1706 2762 J.
1723 2733 1820 2762 lectio

1126 2780 1255 2814 recepta
1279 2775 1333 2811 sit,
1349 2775 1472 2811 nescim
1496 2774 1551 2804 sed
1565 2781 1615 2804 est
1637 2774 1741 2804 altera
1756 2783 1822 2804 me·

1127 2817 1200 2852 lior,
1215 2821 1248 2847 et
1263 2817 1471 2855 sequentibus
1486 2817 1606 2855 aptior,
1621 2816 1676 2846 ubi
1690 2815 1822 2847 liberta·

1126 2861 1169 2889 tis
1187 2859 1415 2901 recuperandae
1432 2859 1572 2889 mentio.
