1945 3235
346 170 423 214 '190
808 173 889 212 DE
922 173 1302 212 INVENTIONE

347 291 449 325 non,
485 275 557 317 illo
588 283 794 334 tempore,
829 286 1083 320 testamento
1115 278 1341 332 quisquam
1381 277 1563 333 scriptus
1596 284 1700 329 erat,
1733 276 1770 318 si

344 333 447 388 quid
481 333 642 389 pupillo
681 335 926 376 accidisset:
975 345 1016 376 et
1055 335 1107 375 de
1145 335 1289 385 aqilteia
1325 334 1456 390 patris
1493 334 1622 375 etiam
1655 347 1770 375 nunc

346 391 503 431 mortui
527 390 757 432 voluntas
746 396 777 425 17
796 393 1024 447 plurimum
1057 392 1239 442 valtbat,
1261 406 1356 445 qua
1371 405 1464 445 Jam
1497 399 1668 432 mortuo
1692 405 1770 447 pu-

340 446 450 510 *pillo
473 448 557 487 suis
581 448 806 489 heredibus
836 423 1392 489 concedtbat..lu'<lic-1ti0
1423 456 1500 498 est,
1526 447 1676 489 Unane
1698 460 1772 503 pe-

345 518 475 545 cunia
497 503 648 546 luc-iit:
681 521 744 555 ac,
768 506 800 545 si
825 505 905 546 liae
926 516 1050 546 crunt
1073 507 1134 545 usi
1157 506 1308 545 infir-m
1300 506 1457 555 atione,
1483 504 1613 545 Posse
1631 503 1771 560 plures

346 575 438 624 esse
468 562 592 601 unius
624 561 816 617 pecuniae
847 562 1020 603 heredes
1050 562 1326 603 dissimilibus
1360 562 1412 602 de
1444 561 1606 611 causis3
1637 561 1690 600 de
1719 571 1771 600 eo

397 632 442 657 so
457 618 672 672 judic-itio
704 618 907 668 uase-itm,
941 618 1168 659 Possintne
1200 619 1390 673 ejusdem
1416 617 1608 681 pecuniae
1631 615 1768 680 plures

265 669 332 716 22
379 675 624 715 issimilibus
646 676 873 730 gweneiibus
895 688 985 716 esse
1007 675 1195 716 heredes.
1257 675 1372 731 Ergo
1398 690 1465 716 un«
1468 692 1480 714 ι
1501 689 1542 714 1n
1563 673 1773 715 constitu-

349 731 465 772 tione
487 731 751 772 intellectum
773 740 852 782 est,
874 732 1091 787 quomodo
1121 741 1164 772 et
1185 733 1385 783 lationcs‚
1407 741 1449 772 et
1472 731 1685 772 rationum
1707 729 1773 770 in-

349 788 457 828 firm«
459 788 626 839 itiones,
647 797 691 828 et
714 788 1063 844 piaetcleaJudic·
1058 789 1221 830 ¹itiones
1244 789 1383 844 plures
1403 788 1445 829 fi·
1446 798 1523 828 mt.

285 851 334 885 65
407 845 535 886 Nunc
567 844 694 900 hujus
725 846 892 901 generis
924 855 1140 901 praecepta
1168 846 1401 886 videamus.
1461 845 1678 900 Utrisque,
1700 850 1776 884 aut

346 902 477 943 etiam
515 879 752 952 omnibus?
763 903 796 943 si
828 902 966 958 pluies
1000 903 1236 958 ambigent,
1267 902 1341 957 jus
1376 917 1430 943 ex
1463 903 1618 958 quibus
1646 901 1773 942 rebus

346 966 529 1009 constet,
560 969 624 1000 est
647 959 1017 1000 conside1··mdu1n.
1079 936 1258 1000 Initium
1289 974 1391 1015 ergo
1423 959 1514 1014 ejus
1545 960 1599 999 ab
1621 965 1774 999 natura

344 1016 524 1057 ductum
555 1015 747 1057 videtur:
778 1016 976 1072 quaedam
1009 1023 1153 1056 autem
1184 1029 1239 1056 ex
1273 1016 1470 1056 utilitatis
1500 1015 1664 1057 ratione
1699 1024 1774 1054 aut

346 1073 574 1128 perspicua
604 1073 744 1124 nobis,
785 1082 859 1114 aut
897 1073 1092 1123 obscura,
1121 1073 1163 1113 in
1195 1072 1545 1113 consuetudinem
1582 1071 1772 1113 venisse:

346 1138 445 1186 post
475 1140 633 1178 autem,
664 1131 903 1185 approbata
932 1130 1144 1194 quaedam,
1176 1139 1250 1170 aut
1268 1144 1293 1169 a
1318 1129 1626 1170 consuetudine
1646 1131 1686 1162 78
1700 1136 1776 1169 aut

345 1202 371 1227 a
392 1200 493 1228 velo
520 1187 642 1228 utilia
664 1188 767 1237 visa,
791 1187 957 1243 legibus
991 1202 1082 1228 esse
1113 1186 1304 1228 {ir-mita:
1337 1201 1387 1227 ac
1418 1195 1582 1227 naturae
1601 1185 1774 1248 quidem

346 1243 464 1298 79jus
487 1257 590 1295 esse,
622 1244 735 1299 quod
760 1245 883 1285 nobis
906 1259 991 1285 non
1022 1243 1185 1299 opinio,
1210 1243 1280 1283 sed
1303 1243 1501 1298 quaedam
1541 1243 1687 1284 innata
1709 1255 1773 1282 vis

304 1301 334 1329 b·
347 1300 510 1349 afferat,
534 1310 581 1341 ut
619 1300 884 1365 leligionem,
928 1302 1146 1357 piet-item,
1187 1301 1385 1355 gratiam,
1425 1300 1775 1363 vindicationem,

284 1347 334 1380 ⁶⁶
347 1358 677 1408 observantiam,
703 1359 806 1399 v·e1it
811 1368 938 1399 a.tem
1001 1357 1286 1413 Religionem,
1317 1372 1426 1421 eam,
1456 1371 1552 1412 quae
1583 1356 1627 1397 in
1657 1367 1775 1396 metu

346 1422 391 1454 et
422 1415 673 1455 caerimonia
714 1415 892 1456 deorum
928 1415 996 1465 sit,
1025 1414 1265 1470 appellant:
1303 1414 1518 1478 pietatem,
1550 1428 1646 1468 quae
1673 1425 1777 1468 erga

345 1471 543 1527 patriam,
575 1482 648 1512 aut
679 1481 889 1527 parentes,
923 1480 997 1513 aut
1027 1471 1132 1512 ⁴ilios
1165 1472 1371 1526 sanguine
1399 1470 1658 1534 conjunctos
1680 1469 1776 1510 offi-

344 1543 459 1568 cium
500 1543 752 1569 conservare
788 1537 984 1570 moneat:
1036 1528 1234 1583 g1atiam,
1268 1542 1364 1583 quae
1397 1542 1440 1568 m
1479 1526 1699 1578 memoria,
1732 1534 1777 1566 et

345 1586 688 1626 remuneratione
707 1585 964 1635 officior‚u1n
987 1588 1027 1616 80
1040 1593 1083 1625 et
1106 1584 1294 1635 honoris,
1312 1592 1355 1625 et
1372 1584 1674 1634 amicitiarum,
1697 1583 1777 1624 ob-

345 1642 602 1682 servantiam
622 1650 789 1684 teneat:
821 1642 965 1683 vindic
970 1641 1172 1692 ationem,
1195 1655 1269 1696 per
1301 1656 1444 1697 quam,
1473 1641 1575 1692 vim,
1597 1649 1641 1682 et
1673 1654 1776 1682 con-

345 1698 579 1750 tumeliam,
613 1699 896 1764 defendendo,
929 1707 1003 1739 aut
1035 1698 1296 1749 ulciscendo,
1327 1697 1624 1754 propulsamus
1655 1712 1680 1738 a
1699 1711 1778 1738 no-

345 1756 424 1806 bis,
447 1765 491 1796 et
520 1771 545 1796 a
573 1757 745 1821 nostriS‚
773 1757 845 1812 qui
879 1756 1004 1797 nobis
1034 1769 1125 1796 esse
1158 1755 1244 1796 cari
1279 1755 1453 1805 debent,
1480 1763 1524 1795 et
1545 1768 1620 1810 per
1642 1767 1772 1810 quam

343 1824 523 1876 peccata
544 1814 770 1869 punimus:
803 1813 1136 1863 observantiam,
1167 1826 1243 1868 pel
1273 1826 1402 1867 quam
1433 1818 1575 1862 aetate,
1606 1820 1681 1852 aut
1711 1825 1778 1852 sa-

343 1869 521 1924 pientia,
545 1879 619 1910 aut
636 1870 814 1921 honore,
837 1878 912 1910 aut
941 1869 1084 1925 aliqua
1101 1868 1314 1925 dignitate
1336 1868 1636 1910 antecedentes
1654 1871 1776 1909 8lve-·

343 1940 499 1977 remur,
521 1936 565 1968 et
586 1926 787 1968 colimus:
820 1927 1059 1977 veritatem,
1083 1939 1158 1982 pei
1188 1941 1317 1981 quam
1339 1925 1488 1966 damus
1511 1939 1700 1981 operam,
1722 1937 1777 1966 ne

344 1983 446 2038 quid
466 1983 601 2035 aliter,
623 1999 752 2040 quam
783 1983 1193 2034 confirmaverimus,
1224 1983 1314 2034 fiat,
1337 1991 1411 2023 aut
1429 1981 1592 2023 factum
1613 1990 1688 2022 aut
1709 1979 1777 2022 fu-

282 2046 333 2086 67
345 2049 488 2080 turum
511 2041 580 2082 sit.
639 2040 706 2082 Ac
736 2050 900 2082 naturae
931 2040 1103 2095 quidem
1125 2039 1227 2095 jura
1247 2040 1388 2081 minus
1412 2039 1504 2095 ipsa
1525 2046 1777 2101 quaeruntur

342 2097 396 2138 ad
427 2097 468 2137 h«
470 2112 539 2138 inc
568 2098 918 2149 controversiam,
949 2096 1065 2152 quod
1088 2110 1226 2151 neque
1248 2097 1292 2137 in
1313 2096 1397 2137 hoc
1429 2095 1544 2137 civili
1560 2109 1660 2150 Jure
1683 2108 1776 2136 ver·

382 2229 422 2260 77
445 2226 642 2258 Plurimum
676 2226 830 2275 ralebat3]
857 2226 921 2257 Ms.
947 2225 1036 2257 Cass.
1080 2235 1167 2262 nem,
1184 2226 1241 2256 &c.

341 2267 404 2298 Gu.
427 2270 563 2301 z·alebit;
599 2279 665 2300 non
688 2269 773 2300 male
788 2269 814 2298 si
836 2269 945 2299 locum
959 2269 1038 2299 satis
1123 2270 1164 2298 80
1192 2268 1242 2299 Et
1268 2269 1418 2308 honoris]
1441 2269 1505 2299 Pro
1525 2267 1658 2307 vulgato
1686 2268 1780 2299 hono-

342 2310 502 2350 intelligo.
523 2317 557 2341 (t
583 2311 646 2341 Ms.
666 2311 757 2341 Leid.
780 2311 921 2347 cedebat,
952 2311 1038 2358 quod
1080 2320 1169 2348 rum,
1193 2321 1210 2340 e
1233 2311 1310 2341 Mss.
1331 2311 1415 2341 Oud.
1437 2311 1525 2341 Cass
1551 2310 1614 2340 Gu.
1634 2309 1704 2340 edd.
1729 2319 1779 2350 pr.

341 2336 469 2392 placet:⁸
475 2353 718 2393 Oudendorpio,
744 2362 812 2383 non
834 2351 925 2383 video
950 2353 1041 2390 satis,
1085 2352 1264 2392 Vulgatum
1280 2352 1381 2384 Aldus
1396 2352 1535 2383 induxit.
1571 2350 1720 2383 Honores
1733 2351 1780 2382 sic

343 2404 454 2433 quare.
1085 2403 1153 2424 non
1165 2394 1330 2426 dicuntur.
1345 2405 1375 2425 v.
1393 2395 1483 2426 Clav.

384 2439 424 2470 78
448 2438 551 2468 Auta
565 2437 663 2477 vera]
696 2437 717 2467 i.
731 2448 759 2468 e.
773 2441 906 2477 propter
921 2436 1039 2466 verita-
1125 2439 1162 2467 81
1190 2436 1350 2468 Veremur
1369 2441 1401 2468 et
1419 2435 1578 2475 colimus]
1603 2434 1683 2466 Mss.
1706 2435 1778 2474 qui-

341 2482 424 2515 tem,
441 2489 507 2509 non
527 2485 661 2510 tantum
684 2484 818 2520 propter
831 2478 1040 2509 consuetudi-
1083 2477 1158 2508 dam
1185 2489 1395 2516 veneramur,
1424 2479 1503 2509 item
1530 2477 1601 2508 edd.
1624 2487 1674 2518 pr.
1701 2481 1780 2508 ante

343 2529 431 2550 nem.
1081 2520 1155 2550 Ald.
1171 2520 1234 2551 duo
1249 2521 1333 2552 ond
1347 2529 1549 2552 vereremus:
1578 2519 1665 2549 unde
1687 2518 1780 2549 colli-

387 2565 427 2595 79
450 2561 515 2592 Jus
530 2562 620 2601 esse]
645 2563 747 2594 Recte
767 2564 812 2594 sic
828 2573 887 2603 pro
902 2568 947 2594 est
962 2564 1040 2593 scri-
1083 2571 1139 2601 gas
1164 2573 1375 2597 tweneremur
1407 2572 1472 2603 quo
1497 2566 1608 2591 sumto
1636 2562 1781 2592 colamus

343 2602 501 2639 bendum,
529 2604 664 2635 credidit
687 2605 777 2636 libris
802 2606 868 2636 suis
897 2606 1039 2636 Gronov.
1083 2608 1158 2644 post
1183 2604 1356 2645 legendum
1378 2606 1431 2635 sit.
1489 2603 1635 2634 Omnino
1658 2603 1781 2633 mirum

345 2644 514 2676 Accedunt
528 2646 606 2676 Mss
624 2657 664 2686 ap
669 2647 841 2678 ..Oudend
859 2648 946 2678 Cass.
976 2647 1042 2678 lte·
1083 2653 1146 2683 est,
1169 2653 1244 2687 post
1268 2647 1492 2688 conjunctivos
1523 2646 1558 2675 in
1586 2644 1780 2676 anteceden-

344 2697 419 2717 rum
455 2687 561 2718 obfuit
590 2698 657 2718 non
699 2689 923 2720 animadversa
953 2693 1039 2720 stru·
1082 2688 1184 2725 tibus,
1221 2694 1368 2730 repente,
1404 2692 1479 2729 post
1515 2687 1779 2723 vindicationem,

345 2733 450 2759 etur-a.
473 2729 650 2760 Cohaerent
676 2737 787 2761 autem
811 2733 871 2762 sic:
900 2732 1038 2762 Initium
1084 2740 1190 2761 meros
1224 2731 1416 2761 indicativos
1451 2739 1537 2761 esse.
1581 2728 1669 2768 quod
1701 2737 1781 2759 sano

339 2772 426 2810 juris
436 2772 476 2802 ab
488 2778 607 2802 natura
621 2772 758 2802 ductum
769 2773 911 2804 videtur:
929 2784 966 2804 ac
983 2783 1039 2803 na·
1082 2771 1261 2803 seeundum
1284 2782 1394 2804 veram
1407 2772 1611 2803 latinitatem
1625 2771 1779 2801 vitiosum

345 2818 431 2843 παι-τε
451 2814 506 2852 jus
540 2823 620 2851 esse,
648 2815 734 2853 quod
769 2816 1036 2846 nobis—afferat:
1083 2820 1142 2844 est.
1175 2814 1279 2845 Credo
1294 2815 1390 2845 istam
1404 2813 1626 2845 mutationem
1638 2811 1786 2853 librarii!

349 2854 439 2894 (Non
463 2855 571 2887 locum
587 2856 722 2886 haberet
736 2855 872 2897 aff'erat,
887 2858 913 2887 si
928 2867 1041 2888 verum
1085 2856 1204 2888 deberi.

339 2902 430 2927 osset
458 2897 641 2938 vulgatum,
655 2899 716 2939 jus
742 2899 811 2939 eet.)
839 2905 876 2929 ut
911 2900 1040 2939 religio-
