1945 3235
341 123 418 160 408
865 123 946 163 DE
978 123 1270 163 ORATORE

340 227 515 281 quidem
539 226 581 268 in
606 227 884 271 Academiam
909 240 1047 272 totum
1071 228 1335 286 compulisti.
1398 225 1449 268 In
1468 242 1554 282 qua
1575 227 1702 269 velim
1726 226 1784 269 sit

344 284 462 333 illud,
490 287 604 340 quod
642 302 756 342 saepe
794 288 989 343 posuisti,
1030 299 1076 329 ut
1112 303 1194 328 non
1235 299 1407 327 necesse
1441 285 1495 325 sit
1528 299 1783 327 consumere

345 351 534 393 aetatem,
557 357 684 399 atque
708 355 754 385 ut
778 346 912 401 possit
934 346 967 386 is
991 345 1061 387 illa
1093 345 1239 386 omnia
1268 357 1455 393 cernere,
1490 343 1562 397 qui
1595 352 1784 383 tantum-

343 400 475 440 modo
497 401 767 457 adspexerit:
800 403 871 443 scd
901 404 1030 444 etiam
1066 404 1099 443 si
1137 413 1202 443 est
1234 402 1454 456 aliquanto
1488 401 1679 456 spissius,
1711 408 1786 440 aut

346 457 379 498 si
411 472 493 513 ego
528 474 619 499 sum
657 460 832 510 tardior,
865 460 1058 515 profecto
1094 474 1324 515 numquam
1361 459 1679 513 conquiescam,
1713 471 1786 498 ne-

346 529 430 570 que
452 515 725 571 defatigabor
747 528 861 568 ante,
884 533 1011 572 quam
1036 518 1202 559 illorum
1236 516 1445 572 ancipites
1469 516 1556 556 vias
1579 515 1786 556 rationes-

348 587 432 628 que
453 584 494 613 et
520 589 595 630 pro
618 575 833 625 omnibus,
853 585 894 615 et
914 587 1064 615 contra
1085 575 1231 616 onmia
1252 573 1516 630 disputandi,
1540 586 1787 629 percepero.

265 642 337 679 146
406 629 515 671 Tum
543 631 703 682 Cacsar,
731 632 887 682 Unum,
911 633 1066 687 inquit,
1093 647 1158 672 me
1181 647 1234 673 ex
1260 642 1333 672 tuo
1365 645 1559 671 sermone
1581 630 1786 680 maxime,

353 687 520 737 Crasse,
539 690 791 739 commovit,
814 690 927 744 quod
952 704 1049 730 eum
1073 690 1255 745 negasti,
1277 689 1348 744 qui
1375 704 1458 729 non
1482 689 1570 729 cito
1589 687 1689 743 quid
1721 687 1787 728 di-

350 745 539 796 dicisset,
560 761 761 801 umquam
785 748 962 788 omnino
989 761 1111 802 posse
1135 747 1372 803 perdiscere
1391 763 1399 787 :
1433 756 1480 787 ut
1501 746 1608 786 mihi
1623 760 1708 786 non
1730 744 1787 785 sit

303 814 336 845 b.
351 803 526 843 difficile
551 804 797 859 periclitari,
819 813 862 844 et
881 814 954 845 aut
978 805 1121 845 statim
1149 804 1367 860 percipere
1386 803 1480 854 ista,
1503 818 1598 859 quae
1623 814 1667 844 tu
1694 817 1786 844 ver-

350 861 413 899 bis
433 861 482 900 ad
507 861 660 901 caeluni
683 862 905 912 extulisti3
937 872 1024 912 aut,
1059 863 1092 903 si
1131 877 1212 902 non
1247 862 1475 917 potuerim,
1505 872 1674 917 tempus
1697 875 1784 901 non

262 931 334 969 147
348 917 536 972 perdere,
556 934 653 959 eum
675 928 817 959 tamen
839 918 903 959 liis
922 920 1078 960 nostris
1098 920 1256 976 possim
1281 933 1370 959 esse
1389 928 1633 959 contentus.
1695 917 1785 959 Hic

345 975 578 1030 Sulpicius,
624 976 718 1033 Ego
760 991 872 1026 vero,
916 977 1072 1032 inquit,
1117 977 1285 1027 Crasse,
1324 990 1463 1030 neque
1505 975 1784 1016 Aristotelem

345 1032 491 1083 istum,
532 1048 668 1089 neque
707 1033 990 1085 Carneadem,
1022 1050 1098 1076 nec
1136 1034 1491 1091 philosophorum
1525 1046 1785 1088 quemquam

343 1090 558 1132 desidero:
605 1092 670 1132 vel
709 1107 790 1142 me,
824 1092 924 1132 licet
957 1093 1194 1143 existimes,
1228 1093 1466 1147 desperare,
1503 1091 1636 1131 l9ista
1661 1105 1786 1146 posse

346 1149 600 1203 perdiscere,
632 1149 712 1199 vel,
747 1149 788 1189 id
820 1150 932 1204 quod
969 1149 1097 1200 facio,
1134 1161 1424 1191 contemnere.
1493 1147 1611 1189 Mihi
1645 1162 1786 1188 rerum

346 1206 578 1247 forensium
604 1217 645 1248 et
668 1208 964 1248 communium
988 1208 1176 1263 vulgaris
1210 1208 1303 1248 hacc
1335 1206 1547 1262 cognitio,
1571 1206 1673 1246 satis
1698 1220 1787 1246 ma-

348 1278 433 1318 gna
465 1275 529 1304 est
562 1265 614 1305 ad
649 1279 758 1315 eain,
782 1279 911 1320 quam
946 1277 1109 1321 specto,
1147 1265 1462 1319 eloquentiam:
1494 1279 1547 1304 ex
1580 1278 1666 1318 qua
1693 1264 1788 1319 ipsa

346 1331 488 1361 tamen
525 1322 735 1378 permulta
770 1323 940 1374 nesci03
972 1338 1068 1377 quae
1104 1333 1193 1363 tum
1217 1324 1416 1377 denique,
1439 1336 1535 1361 cum
1560 1336 1689 1362 causa
1710 1320 1788 1362 ali-

344 1393 442 1433 qua,
465 1394 561 1434 quae
581 1395 604 1420 a
626 1395 694 1420 me
712 1380 895 1431 dicenda
913 1390 991 1432 est,
1009 1381 1235 1430 desiderat,
1257 1394 1420 1434 quaero.
1471 1379 1785 1430 Quamobrem,

343 1435 424 1476 nisi
457 1437 568 1477 forte
590 1452 633 1477 es
649 1438 743 1492 jam
766 1437 972 1486 defessus,
994 1448 1037 1479 et
1070 1438 1103 1478 si
1137 1438 1216 1479 tibi
1240 1453 1325 1477 non
1350 1451 1501 1493 graves
1536 1451 1698 1486 sumus,
1721 1450 1788 1477 re-

345 1493 407 1533 fer
428 1495 479 1535 ad
506 1494 574 1535 illa
600 1505 654 1545 te,
677 1510 772 1550 quae
806 1496 858 1535 ad
891 1496 1024 1550 ipsius
1056 1495 1263 1536 orationis
1296 1495 1463 1535 laudem
1496 1493 1788 1550 splendorem-

346 1565 429 1606 que
453 1552 669 1607 pertinent
689 1569 697 1593 :
730 1567 826 1607 quae
849 1566 932 1608 ego
955 1567 1007 1593 ex
1044 1562 1085 1593 te
1119 1553 1265 1593 audire
1299 1552 1431 1603 volui,
1453 1566 1537 1592 non
1565 1561 1613 1591 ut
1635 1551 1787 1607 despe-

346 1623 481 1649 rarem
504 1624 572 1650 me
593 1610 884 1666 eloquentiam
916 1611 1121 1666 consequi
1145 1624 1285 1667 posse,
1308 1610 1381 1650 sed
1414 1619 1459 1649 ut
1482 1608 1642 1664 aliquid
1665 1609 1786 1650 addi-

347 1681 524 1707 scerem.

263 1717 331 1771 37
404 1723 515 1765 Tum
540 1725 733 1776 Crassus,
758 1725 1039 1782 Pervulgatas
1059 1742 1123 1768 res
1147 1726 1341 1782 requiris,
1365 1725 1519 1781 inquit,
1533 1732 1576 1765 et
1598 1724 1678 1765 tibi
1697 1738 1787 1765 non

263 1781 608 1838 l48incognitas,
633 1784 812 1839 Sulpici.
844 1785 939 1838 quis
969 1786 1084 1827 enim
1117 1785 1170 1825 de
1201 1785 1284 1825 isto
1317 1797 1471 1840 genere
1504 1797 1590 1823 non
1622 1782 1787 1833 docuit,

348 1854 435 1880 non
468 1841 669 1892 instituit,
693 1856 778 1882 non
803 1843 934 1882 etiam
959 1846 1166 1898 scriptum
1191 1843 1389 1897 reliquit?
1421 1840 1494 1881 sed
1517 1854 1662 1896 geram
1694 1854 1788 1881 mo-

348 1911 452 1949 rem,
467 1908 509 1938 et
530 1914 580 1939 ea
601 1898 830 1949 duntaxat,
850 1915 947 1954 quae
973 1900 1077 1940 mihi
1099 1910 1200 1941 nota
1224 1911 1337 1950 sunt,
1358 1899 1546 1940 breviter
1569 1911 1787 1954 exponam

348 1955 454 2007 tibi;
486 1957 671 1997 censebo
696 1966 837 1997 tamen
858 1957 909 1998 ad
933 1972 1021 2007 eos,
1044 1958 1117 2012 qui
1137 1968 1332 1998 auctores
1352 1967 1396 1998 et
1419 1957 1664 1997 inventores
1687 1963 1788 1996 sunt

261 2024 335 2058 149
350 2011 501 2053 harum
525 2029 624 2054 sane
643 2015 905 2055 minutarum
926 2029 1081 2066 rerum,
1101 2015 1416 2057 revertendum.
1477 2012 1632 2054 Omnis
1654 2012 1790 2069 igitur

347 2071 486 2110 oratio
519 2071 750 2112 conficitur
780 2086 832 2112 ex
869 2073 1032 2114 verbis:
1075 2087 1260 2128 quorum
1295 2074 1481 2128 primum
1515 2070 1639 2111 nobis
1676 2070 1786 2111 ratio

346 2127 599 2182 simpliciter
631 2129 815 2170 videnda
846 2140 924 2179 est,
947 2129 1101 2171 deinde
1133 2131 1380 2186 conjuncte.
1405 2143 1501 2169 nam
1526 2137 1589 2168 est
1611 2127 1788 2183 quidam

344 2195 520 2225 ornatus
544 2187 766 2236 orationis,
789 2187 937 2241 quiex
973 2187 1152 2242 singulis
1190 2188 1329 2228 verbis
1351 2197 1441 2237 est3
1473 2186 1595 2237 alius,
1624 2185 1697 2240 qui
1731 2199 1786 2226 ex

344 2243 608 2283 continuatis
632 2244 963 2299 conjunctisque
985 2256 1171 2286 constat.
1223 2245 1336 2300 Ergo
1360 2255 1530 2285 utemur
1555 2243 1694 2284 verbis
1713 2250 1789 2283 aut

346 2299 412 2349 iis,
434 2316 530 2355 quae
558 2302 729 2356 propria
753 2312 865 2352 sunt,
889 2311 932 2341 et
961 2313 1078 2343 certa
1098 2303 1218 2358 quasi
1245 2301 1455 2343 vocabula
1484 2315 1639 2351 rerum,
1662 2313 1788 2355 paene

348 2371 431 2397 una
461 2372 560 2398 naia
590 2374 687 2400 cum
722 2359 847 2399 rebus
883 2359 1012 2414 ipsis:
1053 2372 1127 2400 aut
1160 2361 1227 2411 iis,
1257 2375 1354 2416 quae
1392 2357 1721 2408 transferuntur,
1745 2366 1789 2397 et

349 2416 470 2467 quasi
495 2416 634 2456 alieno
658 2417 699 2457 in
736 2417 829 2457 loco
863 2417 1154 2459 collocantur:
1188 2427 1261 2458 aut
1295 2418 1360 2466 iis,
1383 2431 1479 2472 quae
1503 2429 1726 2464 novamus,
1745 2424 1790 2455 et

265 2480 340 2513 150
352 2471 532 2512 facimus
558 2473 653 2528 ipsi.
716 2473 765 2514 ln
791 2475 974 2530 propriis
996 2485 1061 2515 est
1083 2476 1214 2531 igitur
1232 2475 1372 2515 verbis
1394 2474 1463 2514 illa
1481 2473 1571 2514 laus
1589 2472 1787 2522 oratoris,

353 2538 399 2568 ut
419 2530 592 2582 abjecta
614 2541 683 2585 atq
693 2546 742 2571 ue
756 2527 951 2572 obsoleta
964 2532 1118 2588 fugiat,
1140 2532 1274 2582 lectis,
1290 2542 1418 2586 atque
1440 2530 1675 2571 illustribus
1695 2538 1790 2570 uta-

350 2595 433 2635 tur,
458 2589 498 2626 in
530 2588 686 2642 quibus
721 2588 892 2644 plenum
917 2590 1120 2644 quiddam
1155 2600 1198 2631 et
1231 2604 1384 2630 sonans
1409 2589 1545 2628 inesse
1580 2587 1788 2628 videatur.

349 2643 433 2683 Sed
458 2643 499 2683 in
524 2643 606 2688 hoc
630 2647 856 2686 verborum
881 2660 1037 2702 genere
1071 2647 1342 2703 propriorum
1378 2645 1568 2686 delectus
1600 2654 1666 2684 est
1693 2643 1796 2699 qui-

345 2701 444 2740 dam
469 2700 706 2753 habendus,
728 2714 857 2758 atque
876 2705 911 2743 is
940 2705 1104 2745 aurium
1140 2704 1328 2759 quodam
1355 2702 1525 2758 judicio
1548 2701 1790 2758 ponderan-

343 2755 446 2799 dus':
481 2758 522 2799 in
555 2773 640 2813 quo
666 2762 934 2802 consuetudo
968 2762 1098 2802 etiam
1138 2763 1245 2803 bene
1277 2760 1480 2816 loquendi
1515 2759 1627 2801 valet
1657 2757 1790 2815 pluri-2

366 2896 402 2929 19
417 2895 481 2925 ista
487 2894 592 2936 posse]
607 2895 680 2926 Hoc
689 2895 802 2927 ordine
813 2896 876 2928 Ms.
893 2897 932 2928 E.
947 2903 981 2928 et
994 2897 1066 2929 edd.
1084 2907 1132 2940 pr.
1158 2896 1258 2929 Aldus
1273 2897 1350 2928 fecit
1356 2906 1449 2938 posse
1464 2897 1538 2927 isla.
1552 2894 1633 2926 illud
1648 2892 1785 2925 facilius.
