1945 3235
759 98 1034 170 BRUTUs.
1074 168 1077 170 .
1544 137 1624 177 457

184 238 258 280 nio
288 252 343 280 ex
373 237 641 280 orationibus
673 235 765 292 ejus
794 234 1034 277 existimari
1067 242 1224 290 potest.
1285 236 1396 278 Sunt
1431 237 1546 279 enim
1578 246 1623 279 et

181 296 296 347 aliae,
318 305 360 336 et
383 311 460 352 pro
489 295 580 336 Ser.
603 294 755 335 Fulvio
788 294 840 334 de
871 295 1052 341 incestu,
1075 291 1232 332 nobilis
1263 295 1417 335 oratio.
1479 296 1621 336 Nobis

182 354 356 408 quidem
392 353 548 409 pueris,
581 352 773 393 omnium
808 351 974 406 optima
1007 349 1256 405 putabatur,
1284 364 1380 404 quae
1422 352 1492 392 vix
1524 353 1618 408 jam

182 421 404 467 comparet
442 411 486 451 in
525 410 605 450 hac
638 409 762 449 turba
794 421 1002 448 novorum
1049 405 1330 447 voluminum.
1393 407 1707 462 Praeclare,123

183 468 324 524 inquit
359 468 532 518 Brutus,
563 477 687 507 teneo
716 465 787 520 qui
822 465 950 505 istam
983 464 1152 504 turbam
1178 463 1444 505 voluminum
1467 466 1601 508 effece

182 526 253 566 rit.
315 525 370 566 Et
391 540 488 580 ego,
521 525 710 578 inquam,
745 521 954 577 intelligo,
987 521 1136 572 Brute,
1174 536 1301 576 quein
1335 523 1467 563 dicas.
1507 534 1622 565 certe

182 583 298 624 enim
333 593 377 624 et
412 582 512 623 boni
549 580 709 635 aliquid
732 579 954 620 attulimus
982 579 1222 634 juventuti,
1255 579 1622 636 magnificentius,

182 655 311 695 quam
341 640 495 689 suerat,
517 652 651 693 genus
682 637 867 688 dicendi,
899 648 942 677 et
973 637 1188 677 ornatius:
1222 646 1263 678 et
1288 639 1513 679 nocuimus
1537 637 1624 678 for-

182 707 309 748 tasse,
340 696 456 751 quod
490 706 651 736 veteres
686 705 900 735 orationes
933 705 1031 750 post
1062 705 1241 744 nostras,
1264 710 1350 735 non
1374 710 1398 736 a
1429 709 1498 735 me
1529 695 1625 750 qui-

182 753 278 795 dem
301 753 428 807 (meis
459 753 574 793 enim
608 751 698 792 illas
733 754 970 807 antepono)
994 751 1066 792 sed
1100 767 1124 792 a
1157 752 1368 807 plerisque
1408 752 1491 808 legi
1524 761 1624 793 sunt

181 811 346 852 desitae.
416 814 454 845 77
475 809 700 859 Enumera,
740 810 895 865 inquit,
927 823 994 850 me
1026 809 1070 849 in
1103 809 1329 864 plerisque.
1361 825 1623 865 quamquam

181 869 308 909 video
329 867 439 909 mihi
471 867 607 908 multa
639 867 928 923 legendajam
963 877 1004 907 te
1037 876 1226 917 auctore,
1250 882 1346 923 quae
1370 877 1496 908 antea
1518 883 1622 909 con-

181 927 445 967 temnebam.
507 925 640 980 Atqui
661 924 769 975 haec,
793 925 983 980 inquam,
1006 924 1061 965 de'
1078 924 1244 966 incestu
1276 925 1447 966 laudata
1468 925 1621 977 oratio,
1636 930 1711 966 124

180 983 355 1040 puerilis
374 993 437 1024 est
454 982 559 1023 locis
582 983 748 1024 multis:
782 982 834 1023 de
853 995 1012 1033 amore,
1035 982 1087 1023 de
1110 983 1349 1034 tormentis,
1364 983 1416 1023 de
1438 997 1623 1035 rumore,

180 1041 265 1082 loci
288 1055 389 1082 sane
410 1041 582 1081 inanes:
617 1050 909 1081 verumtamen
931 1040 1121 1080 nondum
1145 1040 1255 1080 tritis
1280 1049 1523 1082 nostrorum
1545 1040 1624 1082 ho-

180 1098 347 1140 minum
378 1098 568 1148 auribus,
591 1112 668 1138 nec
699 1097 866 1138 erudita
895 1097 1087 1149 civitate,
1121 1097 1377 1139 tolerabiles.
1441 1098 1625 1154 Scripsit

179 1156 312 1197 etiam
334 1156 417 1196 alia
439 1154 656 1205 nonnulla,
670 1164 714 1196 et
735 1155 869 1195 multa
890 1155 1017 1206 dixit,
1040 1164 1082 1194 et
1100 1154 1294 1206 illustria,
1316 1166 1360 1197 et
1381 1156 1423 1196 in
1445 1170 1623 1197 numero

181 1223 462 1270 patronorum
486 1212 594 1254 fuit:
627 1222 674 1253 ut
695 1227 791 1253 eum
818 1213 957 1262 mirer,
976 1227 1072 1253 cum
1089 1222 1130 1253 et
1145 1213 1234 1254 vita
1246 1214 1622 1270 suppeditavisset,

183 1280 228 1312 et
259 1270 460 1327 splendor
490 1270 528 1311 ei
563 1285 656 1311 non·
691 1269 912 1321 defuisset,
946 1271 1163 1311 consulem
1201 1285 1287 1312 non
1321 1272 1466 1312 fuisse.
1537 1271 1619 1312 Sed
1633 1271 1706 1320 33

182 1343 284 1370 ecce
306 1329 350 1370 in
370 1327 567 1369 manibus
592 1328 668 1379 vir,
690 1337 734 1368 et
753 1328 1110 1384 praestantissimo
1134 1329 1324 1384 ingenio,
1346 1339 1390 1370 et
1420 1329 1622 1385 flagranti
1638 1343 1710 1379 125

185 1386 344 1437 studio,
366 1395 408 1426 et
431 1385 584 1427 doctus
608 1401 632 1426 a
653 1400 802 1442 puero,
823 1385 874 1427 C.
891 1385 1131 1427 Gracchus.
1194 1391 1228 1427 ἡ
1239 1386 1295 1427 oli
1318 1387 1433 1428 enim
1457 1397 1623 1443 putare,

184 1457 459 1500 quemquam,
495 1443 644 1494 Brute,
678 1443 912 1499 pleniorem
947 1454 990 1484 et
1031 1445 1271 1485 uberiorem
1301 1445 1353 1485 ad
1392 1444 1625 1486 dicendum

182 1501 329 1542 fuisse.
390 1500 446 1541 Et
470 1500 552 1550 ille,
576 1501 648 1542 Sic
675 1516 861 1557 prorsus,
894 1501 1047 1556 inquit,
1079 1502 1310 1553 existimo,
1342 1511 1472 1558 atque
1495 1503 1626 1545 istum

180 1558 235 1600 de
266 1559 572 1616 superioribus,
597 1573 719 1613 paene
753 1559 889 1599 solum
923 1557 1036 1615 lego.
1099 1558 1239 1600 Immo
1271 1560 1410 1616 plane,
1433 1560 1626 1615 inquam,

182 1615 333 1668 Brute,
370 1615 486 1673 legas
520 1630 688 1657 censeo.
753 1615 971 1657 Damnum
1001 1616 1114 1657 enim
1151 1616 1261 1658 illius
1295 1619 1526 1658 immaturo
1560 1618 1626 1659 in-

182 1674 313 1719 teritu
350 1688 412 1715 res
447 1673 657 1714 Rornanae
694 1673 948 1729 Latinaeque
980 1673 1134 1715 litterae
1174 1674 1383 1716 fecerunt.
1419 1674 1624 1717 *Utinam
1640 1674 1714 1713 126

180 1746 270 1774 non
295 1744 380 1772 tam
404 1730 522 1772 fratri
557 1731 776 1787 pietatem,
800 1746 927 1786 quam
962 1733 1128 1787 patriae,
1160 1742 1364 1788 praestare
1398 1732 1624 1776 voluisset!

181 1803 310 1845 quam
337 1788 405 1829 ille
428 1788 552 1830 facile
577 1789 648 1829 tali
681 1790 870 1846 ingenio,
894 1789 1056 1830 diutius
1091 1790 1124 1830 si
1160 1790 1354 1841 vixisset,
1389 1789 1453 1831 vel
1488 1799 1628 1846 pater-

182 1860 283 1887 nam
316 1856 440 1896 esset,
475 1846 539 1887 vel
577 1846 737 1888 avitam
771 1846 952 1903 gloriam
988 1849 1304 1902 consequutus!
1369 1846 1629 1903 Eloquentia

179 1903 353 1960 quidem
378 1905 520 1945 nescio
535 1918 586 1944 an
609 1904 827 1945 habuisset
842 1919 988 1961 parem
1009 1906 1240 1946 neminem.
1259 1905 1433 1962 grandis
1451 1915 1516 1947 est
1536 1921 1628 1947 ver-

180 1962 262 2010 bis,
286 1962 455 2018 sapiens
479 1962 716 2014 sententiis,
740 1976 895 2018 genere
930 1971 1022 2003 toto
1056 1963 1223 2019 gravis:
1258 1977 1409 2003 manus
1432 1973 1628 2004 extrema

180 2033 270 2060 non
293 2019 474 2061 accessit
506 2020 708 2075 operibus
740 2020 857 2075 ejus:
891 2020 1098 2076 praeclare
1129 2019 1334 2061 inchoata
1354 2020 1504 2070 mtha,
1529 2036 1625 2077 per-

181 2076 297 2119 fecta
319 2092 406 2118 non
430 2076 569 2132 plane.
631 2077 874 2133 Legendus,
897 2079 1088 2133 inquam,
1110 2088 1174 2118 est
1197 2078 1268 2119 hic
1290 2088 1449 2128 orator,
1474 2078 1622 2130 Brute,
1635 2101 1666 2131 p.
1688 2093 1757 2128 176.

182 2135 218 2175 si
240 2135 468 2190 quisquam
502 2134 622 2185 alius,
646 2135 887 2190 juventuti.
919 2150 1005 2177 non
1040 2135 1154 2176 enim
1188 2135 1326 2177 solum
1360 2151 1526 2188 acuere,
1549 2137 1664 2179 seda·

180 2192 312 2232 etiam
335 2193 446 2233 alere
468 2192 691 2248 ingenium
712 2204 870 2249 potest.

241 2249 361 2290 Huic
397 2250 601 2290 successit
636 2252 752 2291 aetati
790 2251 841 2291 C.
867 2250 1023 2301 Galba,
1048 2251 1185 2293 Servii
1220 2250 1331 2292 illius
1361 2251 1713 2308 eloquentis-127

182 2307 278 2347 simi
322 2306 397 2347 viri
436 2306 562 2357 filius,
598 2307 648 2348 Ρ.
682 2308 824 2349 Crassi
859 2308 1098 2363 eloquentis
1128 2321 1171 2350 et
1196 2310 1439 2365 jurisperiti
1477 2324 1622 2366 gener.

184 2364 439 2406 Laudabant
455 2370 567 2405 nunc
594 2375 732 2420 patres
754 2366 903 2416 nostri,
919 2368 1122 2407 iacebant
1139 2367 1270 2407 etiam
1294 2378 1469 2423 propter
1493 2367 1623 2422 patris

180 2422 448 2471 memoriam,
472 2421 543 2461 secl
567 2423 725 2463 cecidit
746 2424 789 2463 in
812 2438 952 2464 cursu.
1016 2424 1129 2465 Nam
1152 2428 1191 2458 78
1207 2425 1432 2480 rogatione
1464 2423 1627 2465 M'aini-

181 2479 252 2529 lia,
284 2479 564 2535 Jugurthinae
600 2480 911 2535 conjurationis
950 2481 1127 2532 invidia,
1160 2496 1259 2522 cum
1303 2497 1380 2538 pro
1412 2496 1502 2522 sese
1535 2482 1628 2538 ipse

181 2536 379 2588 dixisset,
401 2551 629 2593 oppressus
653 2547 731 2578 est.
795 2537 928 2579 Extat
950 2538 1042 2594 ojus
1069 2540 1302 2595 peroratio,
1324 2540 1398 2595 qui
1430 2539 1627 2596 epilogus

225 2675 264 2707 77
280 2671 316 2703 E
319 2682 457 2703 numera
470 2683 520 2703 me
533 2675 565 2703 in
574 2674 751 2714 plerisque]
770 2674 880 2704 Prima
966 2677 1006 2707 73
1030 2675 1198 2712 rogatione
1219 2674 1391 2715 fllamilla]
1439 2676 1492 2707 Sic
1514 2676 1628 2706 rescri-

183 2715 218 2746 in
233 2725 390 2745 enumera
405 2716 513 2755 potuit
527 2727 544 2745 e
559 2716 648 2746 finali
668 2728 698 2756 p·
708 2717 805 2746 iem-cli
816 2717 880 2746 ntis
923 2716 971 2755 psi
988 2716 1057 2745 sine
1070 2716 1288 2752 haesitatione,
1301 2718 1352 2748 hic
1368 2725 1401 2749 et
1414 2718 1526 2759 paullo
1539 2723 1626 2758 post,

183 2757 413 2788 adhaerescere.
459 2758 509 2787 Ab
523 2759 666 2790 ed.Ven.
686 2759 771 2788 Med.
792 2760 882 2788 ate-*tt
925 2769 982 2797 pro
1010 2759 1143 2797 vulgato
1169 2759 1326 2792 Manilia.
1359 2771 1388 2790 v.
1416 2761 1550 2792 Sallust.
1580 2763 1626 2792 13.

184 2809 244 2830 me.
267 2800 318 2830 An
333 2799 415 2829 fuit:
434 2809 485 2830 me
498 2810 638 2831 numera
652 2803 685 2831 in
697 2803 880 2841 pler-oya&
924 2801 1002 2839 «lug.
1019 2811 1047 2831 ο.
1061 2804 1114 2832 40.
1127 2805 1161 2832 et
1170 2803 1215 2834 ibi
1231 2804 1324 2835 Cort.
1338 2803 1393 2834 ubi
1406 2813 1466 2845 par
1477 2804 1626 2834 confusio

184 2842 269 2881 quod
295 2847 344 2871 est
364 2842 526 2873 efficacius
548 2850 582 2874 et
604 2844 786 2882 venustius,
810 2854 882 2875 ineo
926 2843 960 2874 in
978 2843 1068 2873 libris
1081 2849 1144 2875 est.

183 2884 314 2925 quidem
328 2893 436 2916 sensu.
