1945 3235
364 133 411 168 80..
840 128 917 167 AD
953 126 1223 166 HERENNI
1235 125 1320 166 UM

365 233 451 288 pia,
473 231 620 274 eadem
642 231 782 274 exitus
816 233 1100 274 amarissimos
1130 231 1267 273 affert.
1329 229 1454 280 Item,
1476 225 1722 271 881nimicis
1740 235 1786 270 te

368 289 635 345 placabilem,
669 289 816 330 amieis
852 289 1160 330 inexorabilem
1200 288 1388 344 praebes?
1437 285 1563 337 Item,
1601 285 1653 327 In
1691 286 1784 326 otio

369 345 654 395 tumultuaris,
692 346 789 386 89in
826 345 1008 386 tumultu
1043 361 1086 386 es
1128 346 1314 386 otiosus?
1356 345 1398 384 in
1433 357 1476 383 re
1508 342 1786 399 frigidissima

369 402 494 454 cales,
508 402 550 444 in
571 402 883 444 ferventissima
900 401 1055 458 friges?
1084 402 1238 443 Tacito
1259 415 1357 442 cum
1380 413 1486 455 opus
1508 409 1586 450 est,
1605 398 1761 441 clamas
1772 413 1787 439 :-

371 459 445 500 ubi
477 459 592 515 loqui
616 459 832 509 convenit,
854 459 1139 500 obmutescis?
1178 458 1319 499 Ades?
1351 458 1496 498 abesse
1528 456 1615 497 vis:
1658 455 1787 496 abes?

370 517 523 558 reverti
557 517 693 572 cupis.
756 514 808 556 In
841 529 944 579 pace
972 515 1128 556 bellum
1157 515 1384 570 quaeritas:
1416 514 1459 553 in
1494 512 1604 553 bello
1638 524 1790 567 pacem

371 573 612 615 desideras?
644 571 693 613 In
728 586 936 613 coneione
961 572 1013 613 dc
1041 572 1197 613 virtute
1231 571 1428 626 loqueriS,
1452 569 1493 609 in
1530 568 1676 624 praelio
1699 581 1788 623 prae

376 630 548 693 ignavia
577 630 692 670 tubae
723 629 910 669 sonitum
942 628 1125 685 perferre
1158 643 1244 669 non
1278 630 1422 683 potes?
1456 625 1555 666 Hoc
1583 638 1736 682 genere
1754 623 1789 665 si

377 687 688 741 distinguemus
711 685 962 736 orationem,
982 695 1024 726 et
1045 686 1181 726 ornati
1197 695 1239 726 et
1263 699 1410 749 graves
1430 683 1663 739 poterimus
1684 695 1790 722 esse.

442 742 706 783 [tx-clamatio
727 752 806 792 est,
829 757 924 797 quae
947 742 1124 784 conficit
1147 742 1505 798 significationem
1524 738 1696 789 doloris,
1718 746 1792 778 aut

380 799 687 855 indignationis
724 799 918 854 alicujus,
962 813 1036 855 per
1073 799 1274 849 hominis,
1312 811 1384 838 aut
1424 797 1554 846 urbis,
1587 804 1661 837 aut
1693 794 1792 836 loci·

378 867 447 897 aut
478 857 534 897 rei
558 856 799 911 cujuspiam
821 855 1206 911 compellationem,
1230 856 1312 896 hoc
1331 855 1484 895 modo:
1515 852 1577 894 Te
1597 866 1712 893 nunc
1734 851 1794 892 al-

379 915 542 968 loquor,
567 913 783 962 Africano,
806 912 928 966 cujus
959 912 1116 952 mortni
1140 926 1309 966 quoque
1331 925 1485 952 nomen
1509 908 1722 966 splendori
1743 922 1794 949 ac

379 971 522 1011 decori
550 979 615 1010 est
643 970 826 1010 civitati.
895 967 976 1009 Tui
1011 967 1232 1009 clarissimi
1267 976 1443 1025 nepotes
1477 981 1552 1008 suo
1587 965 1796 1022 sanguine

380 1027 575 1067 aluerunt
620 1026 892 1067 inimieorum
933 1025 1244 1066 crudelitatem.
1317 1024 1442 1073 Item,
1481 1023 1521 1064 O
1554 1022 1796 1079 perfidiosae

384 1083 602 1139 Fregellae,
626 1097 754 1138 quam
779 1082 902 1124 facile
924 1082 1079 1123 scelere
1100 1091 1242 1122 vestro
1263 1079 1569 1122 contabuistis!
1592 1088 1654 1130 ut,
1673 1078 1799 1134 cujus

299 1169 302 1174 .
321 1148 366 1177 20.
382 1141 495 1181 nitor
531 1140 646 1181 urbis
670 1139 840 1181 Italiam
861 1153 996 1196 nuper
1018 1138 1259 1189 illustravit,
1290 1137 1382 1192 ejus
1412 1151 1527 1178 nunc
1548 1136 1622 1177 vix
1645 1134 1798 1176 funda-

361 1205 623 1239 ·inentorum
646 1196 835 1252 reliquiae
858 1205 1072 1238 maneant.
1134 1195 1258 1246 Item,
1287 1195 1507 1236 Bonorum
1531 1192 1798 1234 insidiatores

381 1253 606 1297 latrocinio
625 1253 757 1294 vitam
771 1252 1109 1295 innocentissimi
1131 1252 1339 1308 cujusque
1360 1250 1547 1308 petistis:
1581 1258 1802 1291 tantamne

381 1324 436 1352 ex
470 1311 696 1366 iniquitate
719 1310 985 1365 judiciorum
1015 1310 1164 1351 vestris
1193 1308 1417 1350 calumniis
1438 1310 1479 1342 90
1492 1307 1707 1348 assumitis
1737 1305 1800 1346 fa-

382 1367 610 1410 cultatem!
644 1366 743 1409 Hac
763 1367 1077 1408 exclamatione
1099 1367 1132 1407 si
1168 1366 1262 1407 loco
1293 1374 1476 1415 utemur,
1507 1378 1615 1415 raro,
1637 1372 1681 1405 et
1701 1377 1801 1405 cum

383 1424 443 1465 rei
475 1424 726 1480 magnitudo
760 1423 974 1480 postulare
1004 1424 1242 1474 videbitur3
1273 1422 1325 1464 ad
1358 1435 1486 1477 quam
1516 1420 1712 1462 volemus
1737 1420 1802 1461 in-

385 1481 680 1538 dignationem
700 1481 890 1521 animum
913 1480 1120 1521 auditoris
1141 1480 1414 1521 adducemus.

445 1537 733 1593 Interrogatio
765 1551 849 1577 non
877 1537 1016 1577 omnis
1049 1537 1191 1593 gravis
1217 1545 1295 1587 est,
1316 1548 1453 1590 neque
1483 1534 1708 1584 concinna,
1729 1532 1804 1574 sed

386 1594 493 1645 haec,
516 1609 627 1650 quae,
650 1607 748 1635 cum
778 1603 1026 1635 enumerata
1055 1602 1154 1635 sunt
1174 1607 1238 1644 ea,
1261 1607 1359 1648 quae
1390 1592 1548 1632 obsunt
1568 1605 1708 1632 causae
1730 1590 1807 1632 ad-

384 1653 681 1702 versariorum,
713 1650 940 1691 confirmat
969 1651 1229 1707 superiorem
1260 1649 1513 1699 orationem,
1536 1648 1619 1689 hoc
1649 1655 1808 1703 pacto:⁵

387 1707 500 1749 Cum
541 1707 674 1765 igitur
711 1707 806 1749 haec
853 1707 998 1749 omnia
1035 1707 1209 1758 faceres,
1250 1707 1426 1756 diceres,
1473 1704 1805 1755 administrares,

387 1774 529 1806 utrum
549 1765 715 1806 animos
737 1765 950 1806 sociorum
982 1765 1036 1805 ab
1060 1763 1279 1820 republica
1299 1762 1562 1812 removebas,
1584 1769 1628 1802 et
1648 1760 1806 1802 aliena-

388 1823 477 1873 bas,
500 1836 553 1862 an
573 1824 688 1864 non?
720 1831 776 1872 et,
799 1831 944 1862 utrum
973 1822 1158 1877 aliquem
1175 1819 1373 1862 exornari
1403 1819 1610 1876 oportuit,
1628 1817 1702 1874 qui
1724 1818 1807 1858 ista

390 1879 650 1934 prohiberet,
673 1893 722 1919 ac
744 1878 835 1919 fieri
857 1892 944 1919 non
967 1879 1137 1929 sineret,
1159 1892 1213 1918 an
1235 1879 1350 1918 non?

310 1939 376 1993 16
447 1935 740 1978 Ratiocinatio
761 1944 839 1985 est,
865 1948 940 1991 per
960 1949 1089 1990 quam
1115 1935 1196 1991 ipsi
1229 1949 1254 1975 a
1281 1933 1405 1975 nobis
1427 1932 1636 1974 rationem
1667 1931 1809 1988 posci-

327 2017 376 2051 23
392 2007 498 2043 muS,
520 2006 651 2048 quare
676 1991 865 2047 quidque
893 1992 1099 2043 dicamus,
1121 2001 1165 2033 et
1184 1991 1333 2032 crebro
1355 1999 1524 2031 nosmet
1541 2004 1566 2030 a
1586 1989 1711 2030 nobis
1734 2002 1807 2045 pe-

392 2050 518 2090 timus
540 2048 877 2104 uniuscujusque
907 2048 1212 2104 propositionis
1242 2046 1604 2103 explanationem.
1664 2044 1727 2086 Ea
1743 2054 1808 2086 est

389 2105 634 2161 hujusmodi
652 2122 660 2146 :
695 2104 887 2159 Majorcs
906 2105 1038 2145 nostri
1062 2106 1096 2146 si
1114 2118 1241 2160 quam
1256 2104 1381 2144 unius
1399 2103 1565 2158 peccati
1587 2102 1807 2143 mulierem

387 2163 664 2212 damnabant,
695 2161 878 2218 simplici
905 2161 1075 2217 judicio
1107 2161 1339 2202 multorum
1368 2159 1675 2201 maleficiorum
1703 2173 1807 2201 con-

389 2220 547 2261 victam
571 2219 796 2274 putabant,
819 2233 906 2274 quo
945 2221 1100 2275 pacto?
1131 2219 1348 2273 quoniam,
1383 2230 1512 2272 quam
1545 2216 1810 2273 impudicam

381 2276 645 2330 judicarant,
668 2290 761 2316 eam
793 2274 988 2317 veneficii
1019 2276 1190 2331 quoque
1222 2275 1466 2315 damnatam
1487 2273 1808 2314 existimabant.

389 2333 507 2379 Quid
532 2334 616 2374 ita?
647 2332 749 2386 quia
767 2346 939 2374 necesse
960 2342 1039 2384 est,
1055 2346 1165 2382 eam,
1197 2346 1293 2386 quae
1317 2345 1440 2372 suum
1459 2344 1614 2386 corpus
1633 2329 1809 2371 addixe-

388 2390 443 2430 rit
467 2389 724 2446 turpissirnae
759 2389 1002 2444 cupiditati,
1037 2389 1185 2430 timere
1217 2388 1464 2444 permultos.
1525 2387 1646 2434 Quos
1679 2386 1808 2428 istos?

390 2447 541 2498 virum,
561 2454 771 2502 parentes,
799 2456 977 2497 ceteros,
1012 2446 1062 2487 ad
1086 2459 1193 2502 quos
1226 2445 1344 2486 videt
1372 2445 1435 2486 sui
1459 2443 1678 2485 dedecoris
1700 2443 1810 2484 infa-

316 743 366 778 ‘22

427 2561 466 2590 88
481 2558 777 2598 [nimias—potes]
817 2559 892 2589 Istae
905 2559 1076 2590 sententiae

386 2610 498 2631 omnes
505 2601 735 2640 interrogative
744 2601 888 2640 legendae
897 2607 983 2632 sunt.
993 2602 1078 2632 Sunt

386 2643 474 2673 enim
487 2643 733 2683 enthymemata
746 2653 764 2673 e
778 2644 959 2674 contrariis.

429 2688 470 2718 89
496 2685 537 2715 In
560 2686 706 2714 tumultu
733 2694 759 2714 e.
786 2684 828 2724 o.]
888 2685 1076 2716 Delevimus

386 2733 460 2766 post
479 2728 638 2763 tumultu,
655 2728 759 2756 solus:
781 2727 867 2765 quod
885 2727 966 2758 bene
987 2728 1076 2758 abest

385 2779 405 2798 a
419 2769 495 2799 Mss.
512 2768 637 2799 duobus
659 2768 809 2799 Leidens.
850 2769 993 2801 Deberet
1014 2770 1077 2802 sal-

386 2817 453 2841 tem
468 2820 535 2841 esse
548 2812 621 2841 eolo.

426 2856 466 2886 30
482 2851 884 2892 Assumilisfacallatem.]
911 2852 970 2884 Ed.
988 2855 1076 2885 11:¹4,

1120 2559 1183 2590 Ms.
1199 2559 1290 2589 Cort.
1305 2563 1338 2589 et
1352 2557 1406 2589 alii
1423 2567 1471 2597 ap.
1488 2556 1574 2588 Oud.
1596 2556 1811 2587 assunzeistisss

1119 2601 1205 2640 quod
1219 2601 1340 2641 placet:
1363 2600 1418 2630 sed
1433 2608 1498 2629 non
1520 2599 1683 2638 intelligo,
1693 2598 1812 2638 facul-0

1119 2648 1220 2673 tatem
1234 2642 1310 2682 quid
1325 2643 1381 2679 sit,
1397 2651 1456 2672 nec
1477 2642 1554 2672 satis
1571 2641 1719 2682 judicare
1741 2649 1813 2680 pos-

1119 2694 1204 2722 sum,
1220 2683 1380 2724 quomodo
1394 2684 1436 2714 sit
1451 2682 1691 2723 corrigendum.
1724 2682 1820 2714 Con-.

1119 2732 1172 2757 tra
1187 2737 1262 2757 mox
1279 2731 1356 2756 ante
1374 2735 1452 2756 raro
1467 2724 1575 2756 'delevi
1590 2728 1633 2762 et,
1655 2723 1740 2764 quod
1763 2733 1811 2754 re-

1119 2768 1262 2799 ctissime
1273 2768 1365 2799 abest
1376 2777 1395 2798 a
1409 2768 1487 2798 Mss.
1500 2765 1701 2807 quibusdam.
1723 2765 1812 2798 Nam

1120 2820 1187 2840 non
1201 2809 1426 2849 adjunguntur
1447 2810 1522 2845 ista,
1536 2813 1576 2839 ut
1589 2807 1732 2845 diver-⁵23
1755 2807 1811 2838 sed

1120 2859 1157 2883 ut
1172 2851 1380 2892 explicantia,
1393 2850 1469 2891 quid
1481 2850 1523 2882 sit
1539 2852 1612 2882 loco.
