1945 3235
588 99 775 139 LIBER
800 98 1074 137 TERTIUS.
1485 102 1561 137 405

109 205 240 263 nique
259 216 333 249 aut
347 206 512 257 officio,
529 215 603 246 aut
623 203 801 260 negotio
816 202 1059 244 referretur.
1112 201 1225 243 Haec
1246 202 1329 244 fuit
1347 202 1397 244 P.
1415 202 1559 244 Crassi
1576 207 1650 241 134

109 265 222 306 illius
243 265 412 311 veteris,
438 264 533 305 liaec
555 262 622 303 Ti.
649 261 929 311 Coruncanii,
952 262 989 289 10
1005 260 1099 301 haec
1122 261 1271 315 proavi
1296 261 1440 315 generi
1460 261 1560 311 mei,

112 323 348 379 Scipionis,
368 320 693 378 prudentissimi
716 318 920 368 hominis,
945 317 1170 373 sapientia,
1193 317 1266 371 qui
1286 331 1434 357 omnes
1454 333 1562 372 pon-

111 381 249 422 tifices
273 380 451 421 maximi
476 378 666 428 fuerunt,
691 386 738 417 ut
769 376 820 417 ad
853 390 926 416 eos
951 376 1004 415 de
1022 374 1225 415 omnibus
1249 374 1407 415 divinis
1431 385 1561 428 atque

109 438 310 479 humanis
334 438 458 478 rebus
492 435 743 476 referretur:
776 433 995 488 iidemque
1025 441 1068 472 et
1101 432 1144 472 in
1174 441 1340 482 senatu,
1372 441 1415 471 et
1445 432 1559 486 apud

110 496 335 552 populum,
348 504 392 535 et
405 495 448 534 in
459 494 598 534 causis
613 492 867 540 amicorum,
881 502 924 531 et
940 489 1073 539 domi,
1087 499 1129 529 et
1145 489 1310 530 militiae
1330 488 1559 529 consilium

111 568 234 594 suum
257 553 471 606 fidemque
491 550 774 606 praestabant.
839 548 957 595 Quid
981 548 1095 588 enim
1118 547 1184 588 M.
1210 546 1386 596 Catoni,
1405 555 1560 601 praeter
1576 550 1647 584 135

109 611 226 652 hanc
251 609 550 666 politissimam
574 607 817 648 doctrinam
853 605 1179 647 transmarinam
1205 615 1334 660 atque
1365 604 1560 644 adventi-

111 669 237 718 ciam,
260 666 424 708 defuit?
456 680 575 715 num,
608 664 711 720 quia
734 663 852 719 ¹ljus
888 663 1015 704 civile
1052 662 1277 713 didicerat,
1301 675 1450 703 causas
1474 675 1560 702 non

108 726 306 767 dicebat?
330 734 404 764 aut
426 723 528 779 quia
551 731 720 779 poterat
743 721 1021 776 dicere,juris
1042 720 1267 761 scientiam
1283 719 1560 775 negligebat?

115 785 150 814 ¹2
164 792 207 823 at
226 791 408 836 utroque
427 782 469 822 in
495 795 651 836 genere
677 790 720 820 et
743 779 972 830 laboravit,
1006 788 1049 819 et
1081 778 1300 834 praestitit.
1323 792 1425 818 num
1464 791 1561 832 pro-

110 848 205 895 pter
227 839 337 880 hanc
360 853 414 879 ex
439 840 704 895 privatorum
729 837 917 892 negotiis
940 836 1165 877 collectam
1192 835 1375 892 gratiam
1400 834 1563 874 tardior

110 897 154 938 in
179 897 400 953 republica
421 896 683 952 capessenda
716 894 826 937 fuit?
861 909 988 935 nemo
1021 894 1134 950 apud
1160 893 1368 949 populum
1391 891 1560 944 fortior,

109 970 238 996 nemo
262 954 411 996 melior
434 965 629 995 senator:
665 954 776 994 idem
797 951 923 993 facile
944 952 1134 1008 optimus
1153 952 1407 1007 imperator:
1440 950 1561 990 deni-

110 1027 194 1068 que
218 1012 325 1053 nihil
348 1013 389 1052 in
405 1012 486 1053 hac
506 1012 684 1053 civitate
704 1011 974 1066 temporibus
996 1009 1076 1050 illis
1098 1009 1195 1050 sciri
1216 1008 1380 1050 discive
1403 1007 1561 1063 potuit,

111 1070 226 1126 quod
259 1070 329 1110 ille
360 1085 448 1111 non
479 1085 578 1111 cum
613 1069 888 1123 investigarit
916 1077 959 1108 et
991 1067 1152 1117 scierit,
1176 1076 1268 1107 tum
1302 1066 1433 1106 etiam
1456 1079 1561 1106 con-

112 1128 345 1184 scripserit.
409 1127 537 1168 Nunc
562 1136 713 1168 contra
737 1125 929 1182 plerique
961 1125 1013 1165 ad
1044 1124 1229 1165 honores
1259 1123 1561 1179 adipiscendos
1578 1131 1651 1166 136

110 1196 153 1227 et
176 1185 229 1226 ad
252 1185 562 1241 rempublicam
587 1184 819 1240 gerendam
842 1183 946 1224 nudi
980 1183 1159 1223 veniunt
1194 1192 1324 1237 atque
1357 1181 1562 1231 inermes3

109 1243 227 1284 nulla
256 1243 509 1300 cognitione
543 1257 699 1293 rerum,
723 1241 838 1282 nulla
871 1241 1052 1282 scientia
1082 1240 1239 1281 ornati.
1302 1239 1375 1280 Sin
1410 1238 1564 1293 aliquis

112 1301 288 1342 excellit
321 1316 426 1342 unus
449 1315 471 1341 e
494 1300 666 1351 multis3
697 1298 823 1340 effert
856 1313 914 1349 se,
942 1301 977 1329 13
993 1297 1027 1338 si
1062 1313 1195 1339 unum
1228 1296 1390 1353 aliquid
1422 1295 1562 1347 affert,

113 1369 162 1400 ut
194 1359 390 1400 bellicam
423 1359 643 1409 virtutem,
675 1367 749 1398 aut
784 1371 908 1397 usum
953 1355 1140 1411 aliquem
1175 1355 1432 1405 militarem3
1464 1368 1561 1409 quae

111 1431 214 1458 sane
235 1432 349 1457 nunc
370 1416 546 1471 quidem
559 1415 890 1466 obsoleverunt3
913 1424 988 1455 aut
1003 1413 1115 1469 juris
1140 1413 1382 1462 scientiam,
1399 1426 1453 1452 ne
1469 1411 1561 1466 ejus

112 1474 289 1530 quidem
321 1475 533 1515 universi:
565 1489 666 1514 nam
701 1472 993 1528 pontificium,
1025 1471 1141 1527 quod
1173 1480 1238 1512 est
1259 1471 1561 1525 conjunctum,

113 1546 240 1573 nemo
264 1531 418 1573 discit:
451 1542 525 1572 aut
548 1531 854 1586 eloquentiam,
878 1544 1006 1585 quam
1032 1530 1075 1569 in
1099 1528 1286 1570 clamore
1317 1538 1361 1568 et
1392 1528 1434 1568 in
1470 1541 1562 1568 ver-

112 1590 267 1631 borum
302 1604 430 1631 cursu
465 1590 651 1644 positam
685 1598 864 1645 putant:
899 1587 1093 1628 omnium
1120 1601 1218 1627 vero
1253 1587 1463 1626 bonarum
1496 1599 1563 1625 ar-

115 1647 240 1699 tium,
265 1647 450 1702 denique
486 1647 693 1687 virtutum
722 1646 909 1702 ipsarum
946 1645 1200 1685 societatem
1232 1643 1563 1699 cognationem-

114 1720 198 1761 que
227 1720 312 1746 non
347 1715 527 1745 norunt.
585 1704 684 1754 Sed,
709 1714 756 1744 ut
783 1703 836 1744 ad
873 1703 1054 1744 Graeeos
1088 1702 1270 1744 referam
1303 1700 1562 1751 orationem,
1576 1694 1649 1743 34

113 1763 292 1818 (quibus
311 1776 455 1803 carere
477 1762 522 1802 in
545 1761 628 1802 hoc
661 1761 835 1817 quidem
871 1760 1079 1801 sermonis
1114 1774 1270 1815 genere
1303 1774 1390 1800 non
1414 1772 1564 1814 possu-
1580 1767 1653 1806 137

118 1835 237 1862 mus:
271 1829 367 1867 nam
402 1831 449 1860 ut
481 1820 650 1860 virtutis
674 1835 699 1860 a
728 1819 900 1869 nostris,
933 1818 994 1859 sic
1024 1818 1236 1859 doctrinae
1272 1827 1372 1858 sunt
1406 1816 1460 1856 ab
1483 1814 1565 1857 illis

116 1878 318 1934 exempla
351 1877 624 1933 repetenda3)
657 1887 823 1932 septem
856 1875 988 1916 fuisse
1014 1876 1219 1916 dicuntur
1242 1889 1328 1915 uno
1356 1884 1566 1930 tempore,

111 1936 187 1991 qui
224 1936 445 1992 sapientes
481 1945 526 1976 et
564 1935 840 1985 haberentur,
873 1944 918 1974 et
957 1942 1229 1973 vocarentur.
1301 1931 1363 1973 Hi
1402 1942 1613 1981 omnes,b.

116 2003 274 2050 praeter
298 1992 521 2033 Milesium
537 1991 983 2043 Thalen,civitatibus
1004 1991 1090 2031 suis
1115 1990 1395 2046 praefuerunt.
1458 1989 1570 2035 Quis

116 2051 288 2092 doctior
309 2050 461 2091 iisdem
486 2050 565 2091 illis
590 2050 874 2105 temporibus,
897 2058 972 2089 aut
992 2049 1117 2103 cujus
1140 2047 1388 2103 eloquentia
1416 2046 1570 2087 litteris

119 2108 371 2150 instructior
414 2107 545 2148 fuisse
586 2108 784 2158 traditur,
824 2121 954 2162 quam
991 2105 1236 2148 Pisistrati?
1286 2105 1362 2161 qui
1407 2105 1572 2160 primus

121 2165 304 2207 Homeri
338 2165 488 2217 libros,
521 2165 726 2207 confusos
760 2174 901 2215 antea,
936 2165 997 2205 sic
1030 2163 1294 2220 disposuisse
1326 2163 1501 2214 dicitur,
1525 2171 1573 2202 ut

118 2238 235 2265 nunc
254 2223 479 2264 habemus.
526 2223 626 2264 Non
652 2223 736 2264 fuit
758 2222 828 2263 ille
847 2222 1022 2277 quidem
1037 2221 1206 2262 civibus
1231 2220 1318 2261 suis
1342 2220 1474 2270 utilis,
1498 2219 1572 2260 sed

119 2280 180 2322 ita
221 2281 467 2335 eloquentia
508 2281 671 2331 floruit,
711 2290 759 2321 ut
801 2280 955 2320 litteris
1003 2279 1289 2334 doctrinaque
1331 2287 1570 2334 praestaret.

121 2339 240 2385 Quid
276 2337 491 2380 Pericles?
523 2339 575 2379 de
608 2338 732 2393 cujus
765 2337 937 2379 dicendi
972 2338 1101 2393 copia
1132 2337 1192 2377 sic
1214 2334 1477 2391 accepimus,
1508 2344 1570 2386 ut,
1587 2348 1661 2384 133

119 2411 220 2438 cuin
242 2407 396 2438 contra
420 2396 684 2437 voluntatem
708 2395 1043 2437 Atheniensium
1067 2394 1314 2450 loqueretur
1336 2407 1414 2449 pro
1437 2392 1574 2435 salute

168 2536 205 2564 10
219 2535 284 2564 haec
293 2535 410 2574 proavi
423 2536 539 2573 generi
554 2535 630 2571 mei,
648 2533 822 2574 Scipionis]
870 2533 1022 2563 vitiosam
1036 2532 1213 2562 lectionem
1229 2531 1302 2562 edd.
1318 2540 1368 2570 pr.
1392 2534 1464 2566 aut,
1481 2530 1578 2561 Pear-

120 2577 185 2606 Sic.
202 2576 274 2606 edd.
290 2587 339 2616 pr.
354 2583 452 2608 recte.
476 2578 547 2608 edd.
573 2577 716 2617 vulgatae
740 2576 826 2607 male
869 2577 938 2605 cius
951 2575 1054 2606 etiam
1065 2579 1101 2605 at
1115 2574 1256 2612 delevit3
1282 2584 1358 2605 nam
1372 2579 1407 2603 et
1421 2574 1455 2603 in
1471 2573 1578 2603 altero

120 2618 364 2658 interpungunt
383 2621 512 2659 proavi,
537 2621 653 2659 generi
674 2620 752 2656 mei,
770 2620 825 2651 Se.
869 2628 962 2649 nemo
978 2617 1127 2657 ap.p.jz
1151 2626 1219 2646 non
1233 2622 1295 2647 est.
1325 2615 1528 2646 Delevissem
1543 2621 1576 2646 et

123 2661 231 2700 Scipio
244 2667 294 2690 est
310 2671 447 2701 proavus
462 2664 585 2701 generi.
870 2662 950 2701 ipse,
965 2661 991 2690 si
1004 2661 1221 2690 necessarium
1233 2664 1330 2695 esset,
1344 2658 1456 2688 eadem
1470 2658 1577 2688 forma

171 2706 204 2733 ll
233 2702 295 2742 jus
317 2705 411 2734 civile
433 2705 606 2745 didicerat]
633 2704 693 2734 Ed.
714 2704 766 2734 W.
793 2708 828 2734 et
871 2703 1075 2743 responderi:
1102 2703 1219 2732 melius
1232 2706 1344 2732 tamen
1357 2706 1439 2740 puto
1455 2701 1576 2730 abesse.

121 2753 149 2775 s,
165 2744 188 2774 l.
205 2755 233 2775 a.
249 2745 336 2786 Lips.
350 2744 405 2785 jus
415 2757 440 2776 c.
454 2748 590 2778 dicebat.
607 2749 732 2778 vitiose.
765 2746 826 2777 Ed.
917 2749 954 2776 13
976 2747 1003 2775 si
1017 2755 1121 2775 ‘unum
1136 2745 1263 2785 aliquid
1276 2742 1393 2785 affert]
1411 2744 1493 2773 Puto
1509 2752 1579 2772 esse

125 2787 214 2817 Med.
237 2797 300 2818 non
314 2789 483 2820 didicerat.
526 2791 629 2821 Aldus
651 2800 716 2820 non
738 2795 827 2820 recte
871 2787 1078 2819 scribendum
1090 2788 1230 2826 aliquod.
1255 2788 1287 2817 Si
1300 2784 1581 2824 essetzsialiquid

123 2829 258 2860 delevit.
870 2830 974 2872 aff'ert
989 2840 1108 2867 unum,
1124 2829 1218 2860 nulia
1232 2834 1318 2860 esset
1334 2828 1512 2860 dubitatio.

172 2874 209 2905 12
230 2877 268 2904 at
290 2874 439 2915 utroque]
478 2875 532 2906 Sic
555 2876 697 2906 correxit
724 2874 827 2905 Aldus
1418 2879 1422 2883 '

791 2914 915 2959 nd3
