1945 3235
403 173 480 207 032
673 171 747 210 DE
775 169 978 210 OPTIMO
1005 170 1227 213 GENERE
1254 171 1567 214 ORATORUM.

407 272 647 330 Ctesiphon
679 275 834 317 scitum
865 275 982 327 fecit,
1011 274 1137 317 nullis
1159 277 1213 319 ab
1234 278 1327 333 ipso
1357 279 1594 321 rationibus
1617 278 1772 333 relatis,
1787 290 1838 324 ut

406 345 566 372 corona
586 346 713 373 aurea
730 333 974 384 donaretur,
995 347 1129 388 eaque
1146 333 1322 376 donatio
1346 335 1466 376 fieret
1487 337 1530 377 in
1553 335 1735 389 theatro,
1758 353 1837 394 po-

407 387 508 443 pulo
531 400 792 433 convocato:
825 391 897 446 qui
922 390 1038 431 locus
1058 405 1142 432 non
1166 401 1231 432 est
1252 393 1474 433 concionis
1506 392 1710 449 legitimae
1730 411 1739 437 :
1771 404 1837 436 at-

407 460 489 500 que
524 445 584 486 ita
608 442 930 502 praedicaretur,
958 460 1060 489 EUM
1090 461 1280 489 DONAm
1321 463 1551 492 vinTu'ris
1589 463 1719 492 mmo
1753 465 1837 493 BE-

413 515 854 556 NivoLEh-mffiouss,
882 517 1021 555 QUAM
1052 518 1180 546 ERGA
1207 520 1441 548 poputum
1467 520 1835 551 ATnEmENsEM

346 571 658 604 QOHABERET.
721 561 852 602 Hunc
880 560 1012 617 igitur
1042 561 1370 618 Ctesiphontem
1394 564 1438 605 in
1464 564 1679 619 judicium
1701 565 1836 607 addu-

407 617 474 658 xit
493 617 733 669 AEscliines,
755 618 869 673 quod
884 628 1035 659 contra
1056 617 1170 675 leges
1187 620 1438 676 scripsisset,
1461 630 1509 662 ut
1531 629 1574 662 et
1595 621 1835 665 rationibus

405 689 489 716 non
513 675 653 716 relatis
675 690 834 716 corona
847 675 1089 726 donaretur,
1104 685 1146 716 et
1162 685 1208 716 ut
1230 676 1272 716 in
1296 676 1478 730 theatro,
1496 686 1540 719 et
1556 678 1671 734 quod
1684 679 1738 720 de
1753 679 1838 721 vir-

404 742 495 773 tute
517 733 609 787 ejus
632 743 675 773 et
703 732 994 773 benivolentia
1024 732 1128 773 falsa
1149 733 1414 789 scripsisset3
1444 736 1649 790 quoniam
1674 735 1836 778 Demo-

404 789 572 830 sthenes
606 805 685 830 nec
723 790 786 830 vir
810 790 945 830 bonus
979 801 1104 840 esset,
1127 804 1205 832 nec
1229 791 1336 832 bene
1364 793 1541 833 meritus
1570 792 1623 834 de
1644 793 1836 836 civitate.

405 846 546 887 Causa
574 847 666 902 ipsa
696 845 898 888 abhorret
934 846 1004 888 illa
1031 847 1206 902 quidem
1240 861 1265 888 a
1296 847 1480 889 formula
1510 851 1835 892 consuetudinis

405 913 560 944 nostra:
580 920 588 944 :
629 904 699 944 scd
731 915 794 945 est
814 919 985 960 magna.
1048 904 1196 945 Habet
1216 904 1332 945 enim
1353 913 1397 945 et
1414 904 1558 961 legum
1582 905 1836 963 interpreta-

406 962 566 1001 tionem
598 962 699 1001 satis
733 971 902 1002 acutam
926 962 968 1002 in
1004 970 1229 1016 utramque
1253 970 1432 1017 partem,
1453 971 1497 1003 et
1526 962 1835 1007 meritorumin

343 1018 714 1074 ”rempublicam
759 1019 1083 1060 contentionem
1125 1033 1225 1059 sane
1265 1033 1456 1076 gravem.
1517 1019 1671 1076 Itaque
1709 1035 1839 1063 causa

405 1075 616 1127 AEschini‚
637 1076 841 1131 quoniam
866 1075 957 1133 ipse
977 1091 1002 1116 a
1036 1075 1327 1117 Demosthene
1357 1085 1468 1118 esset
1487 1077 1642 1134 capitis
1662 1092 1838 1120 accusa-

405 1144 486 1183 tus,
505 1134 620 1188 quod
640 1134 896 1189 legationem
929 1134 1160 1174 ementitus
1189 1142 1314 1185 esset,
1336 1143 1385 1175 ut
1406 1134 1638 1176 ulciscendi
1668 1135 1835 1178 inimici

403 1205 543 1240 causa,
567 1190 740 1231 nomine
763 1189 1075 1247 Ctesiphontis,
1092 1190 1309 1246 judicium
1332 1191 1453 1232 fieret
1481 1191 1534 1233 de
1555 1190 1682 1234 factis
1700 1191 1834 1235 fama-

401 1263 483 1303 que
518 1247 839 1289 Demosthenis.
900 1248 1002 1290 Non
1043 1248 1157 1289 enim
1189 1257 1276 1289 tam
1312 1249 1447 1290 multa
1472 1248 1587 1290 dixit
1618 1249 1671 1290 de
1703 1250 1835 1292 ratio·

403 1305 528 1345 nibus
565 1319 650 1346 non
687 1305 845 1356 relatis,
877 1319 1006 1360 quam
1037 1304 1091 1345 de
1126 1319 1194 1356 eo,
1226 1306 1343 1361 quod
1371 1305 1478 1347 civis
1516 1306 1753 1362 improbus,
1785 1317 1834 1348 ut

340 1374 388 1408 212
403 1362 606 1419 optimus,
629 1361 823 1403 laudatus
844 1371 969 1403 esset.
1032 1361 1159 1404 Hanc
1173 1362 1377 1404 mulctam
1397 1362 1625 1404 AEschines
1644 1379 1671 1406 a
1693 1363 1835 1406 Ctesi-

270 1434 300 1463 Ρ·
319 1421 565 1475 24⁵-phonte
595 1420 721 1475 petiit
750 1419 1031 1474 quadriennio
1063 1429 1162 1460 ante
1194 1419 1388 1476 Philippi
1431 1419 1688 1463 Macedonis
1718 1436 1834 1464 mor·

358 1476 388 1496 ⁸·
403 1488 513 1518 tem:
539 1476 842 1531 sedjudicium
874 1475 1035 1517 factum
1065 1485 1131 1516 est
1161 1475 1326 1530 aliquot
1355 1477 1477 1518 annis
1509 1486 1621 1533 post,
1642 1477 1832 1521 Alexan-

400 1534 478 1575 dro
501 1533 594 1589 jam
627 1533 774 1574 Asiam
807 1542 1002 1574 tenentc:
1034 1532 1088 1573 ad
1110 1533 1225 1587 quod
1238 1533 1454 1587 judicium
1472 1548 1706 1576 concursus
1723 1536 1831 1578 dici-

401 1602 468 1631 tur
486 1607 508 1631 e
529 1600 620 1631 tota
641 1589 815 1631 Graecia
832 1589 970 1631 factus
989 1603 1094 1630 esse.
1128 1590 1244 1637 Quid
1258 1589 1373 1630 enim
1395 1598 1470 1631 aut
1485 1598 1573 1632 tam
1592 1591 1832 1645 visendum,

398 1659 473 1689 aut
503 1647 763 1689 audiendum
795 1646 893 1697 fuit,
914 1661 1043 1703 quam
1071 1661 1338 1688 summorum
1359 1655 1578 1689 oratorum
1598 1647 1644 1690 in
1666 1649 1832 1706 gravis·

335 1719 384 1753 23
400 1706 506 1746 sima
526 1721 668 1756 causa,
690 1714 890 1746 accurata
910 1715 954 1745 et
975 1703 1215 1745 inimicitiis
1237 1703 1411 1746 incensa
1427 1705 1676 1748 contentio?
1708 1706 1832 1754 Quo-

398 1777 490 1803 rum
524 1778 606 1819 ego
635 1763 851 1803 orationes
884 1761 934 1812 si,
966 1770 1012 1802 ut
1040 1775 1179 1818 spero,
1210 1761 1270 1802 ita
1297 1775 1564 1817 expressero,
1597 1763 1831 1805 virtutibus

396 1831 519 1861 utens
553 1820 722 1862 illorum
756 1819 972 1870 omnibus,
1004 1819 1046 1860 id
1079 1828 1159 1869 est,
1191 1819 1430 1870 sententiis,
1464 1828 1508 1860 et
1537 1833 1684 1861 earum
1717 1820 1834 1878 figu-

394 1878 465 1928 ris,
494 1888 537 1919 et
570 1892 710 1919 rerum
740 1876 905 1928 ordine,
927 1876 1059 1917 verba
1087 1889 1345 1932 persequens
1377 1885 1568 1928 eatenus,
1590 1885 1641 1918 ut
1669 1891 1720 1919 ea
1741 1893 1834 1920 non

393 1935 653 1976 abhorreant
683 1949 708 1976 a
737 1948 856 1975 more
886 1942 1059 1976 nostro:
1093 1938 1210 1989 (quae
1232 1934 1266 1974 si
1297 1947 1321 1974 e
1354 1933 1521 1976 Graecis
1551 1934 1698 1976 omnia
1726 1949 1830 1978 con-

394 2007 513 2033 versa
543 2007 628 2034 non
651 2002 791 2042 erunt,
818 2001 962 2032 tamen
992 2000 1041 2032 ut
1062 1990 1229 2047 generis
1253 1989 1446 2046 ejusdem
1467 1990 1554 2032 sint
1583 1991 1827 2034 24elab0ra-

392 2051 577 2100 vimus:)
610 2049 691 2090 erit
714 2049 874 2104 regula,
909 2048 962 2089 ad
988 2061 1119 2104 quam
1145 2062 1295 2090 eorum
1324 2047 1567 2105 dirigantur
1596 2049 1829 2102 orationes,

327 2152 333 2156 ,
390 2110 431 2139 55
447 2106 519 2162 qui
543 2107 691 2148 Attice
714 2106 857 2147 volent
883 2106 1038 2148 dicere.
1099 2105 1184 2147 Sed
1213 2105 1266 2146 de
1287 2105 1411 2146 nobis
1442 2105 1560 2147 satis.
1617 2104 1831 2163 Aliquan-

390 2164 445 2206 do
468 2163 581 2206 enim
606 2162 856 2206 *Eschinem
880 2163 1021 2219 ipsum
1042 2161 1174 2205 latine
1195 2162 1411 2205 dicentem
1432 2162 1677 2205 audiamus..

431 2293 472 2322 24
494 2289 746 2330 elaboravimus]
772 2290 825 2322 Sic
841 2294 927 2321 recte
943 2289 1084 2330 vulgati:
1172 2289 1212 2320 25
1235 2290 1290 2330 qui
1316 2288 1423 2321 Attice
1445 2288 1551 2320 volent
1571 2287 1690 2328 dicere]
1717 2286 1831 2319 bblent

389 2334 465 2372 quia
487 2333 651 2363 antecedit
672 2343 825 2363 conversa
843 2337 951 2362 erunt.
996 2333 1085 2366 Ergo
1129 2332 1254 2362 correxi
1276 2331 1357 2362 olim
1373 2340 1432 2371 pro
1453 2332 1576 2362 volunt.
1619 2330 1737 2371 Repeti
1761 2331 1832 2368 iam

390 2374 474 2405 male
497 2374 561 2406 Ms.
575 2375 616 2405 V.
636 2374 687 2405 ed.
713 2375 801 2406 Med.
826 2375 884 2405 διο.
908 2375 1087 2407 elaborabi-
1129 2374 1231 2404 etiam
1253 2375 1286 2405 in
1310 2373 1374 2406 Mn.
1388 2373 1429 2405 V.
1458 2373 1599 2406 Rectum
1620 2373 1720 2404 etiam
1744 2372 1832 2405 {um

389 2426 473 2455 mue,
488 2417 573 2457 quod
588 2416 776 2449 Guiuehuio
789 2416 950 2458 placebat.
1130 2416 1240 2447 velint.
