1914 3220
626 98 1081 169 PRAEFATIO.
1423 122 1568 155 xxxv

131 224 395 290 universe,
422 229 609 281 multa
636 246 770 291 esse,
797 246 925 299 quae
966 230 1021 282 in
1055 230 1420 301 superioribus
1455 232 1568 284 edi·

131 308 370 364 tionibus
397 313 590 366 vitiosa
624 322 821 376 essent,
859 314 1172 378 emendata,
1209 315 1455 386 diligenti
1482 335 1574 368 vev-

131 400 400 449 tustorum
433 399 809 470 exemplorum
849 400 1170 453 collatione:
1213 399 1365 470 quod
1397 418 1567 471 genus

133 482 476 552 professionis
506 502 675 555 quam
704 485 1026 556 ambiguum
1054 486 1139 548 sit,
1167 493 1382 538 constat
1408 485 1570 537 hodie

132 566 272 620 inter
289 568 549 622 eruditos.
628 569 749 623 Nos
778 569 1004 640 quidem
1031 570 1328 642 reperimus
1347 588 1570 642 compa-

135 651 323 715 rand0,
364 653 515 706 basin
559 662 740 708 textus
786 655 946 727 hujus
992 674 1107 708 esse
1156 654 1571 718 Manutianum,

135 739 287 809 cujus
334 739 595 793 lectiones
640 741 814 794 multo
860 742 1058 813 saepius
1095 741 1359 810 sequitur,
1400 759 1570 812 quam

134 821 453 887 Victoriam,
493 826 830 897 omninoque
858 826 1122 879 rarissime
1150 826 1377 879 deserit:
1421 824 1572 897 quod

134 926 262 960 cum
304 908 453 973 facit,
501 911 653 982 quia,
699 929 813 982 qua
857 911 1184 965 auctoritate
1226 921 1322 965 aut
1365 912 1574 965 ratione

135 1002 315 1048 motus
349 996 498 1049 aliud
531 996 778 1061 ediderit,
822 1017 931 1051 non
969 1004 1202 1060 constat,
1230 997 1439 1050 nullam
1477 997 1575 1051 dat

134 1081 390 1134 idoneam
419 1101 642 1135 causam
671 1083 937 1135 imitandi.

212 1166 324 1220 Illis
363 1168 492 1240 ipsis
532 1168 687 1220 annis
719 1172 858 1223 1553
896 1186 1052 1240 seqq.
1085 1168 1281 1221 eadem
1327 1169 1384 1222 in
1426 1171 1578 1234 urbe,

139 1255 422 1319 similibus,
461 1263 520 1308 at
555 1253 854 1308 minoribus
892 1254 1100 1318 litteris,
1127 1255 1436 1327 minorique
1475 1257 1579 1310 for-

139 1359 248 1405 ma,
291 1341 386 1394 sed
430 1341 630 1412 pariter
673 1340 863 1402 nitide,
905 1340 1165 1393 undecim
1211 1342 1581 1394 voluminibus

137 1425 287 1478 edita
325 1435 452 1479 sunt
491 1424 766 1479 Ciceronis
803 1444 970 1497 opera
1009 1444 1076 1477 ex
1117 1425 1336 1478 officina
1363 1425 1583 1479 Simonis

139 1510 368 1565 Colincei.
451 1511 585 1584 Ejus
613 1512 930 1583 exemplum
957 1511 1075 1582 ipse
1101 1511 1293 1564 habeo.
1373 1511 1584 1566 Profes-

138 1596 217 1650 sio
244 1597 576 1669 praefationis
605 1606 716 1650 est:
758 1598 928 1649 omnia
956 1598 1156 1650 collutis
1183 1599 1401 1649 vetustis
1440 1599 1584 1651 libris

138 1684 521 1754 manuscriptis,
557 1684 714 1754 idque
755 1683 985 1734 adhibito
1008 1684 1235 1751 judicie,
1270 1683 1389 1736 locis
1428 1704 1585 1755 quam

130 1770 373 1838 plurimis
391 1788 579 1822 summo
598 1769 789 1831 labore,
810 1788 1107 1839 summaque
1126 1769 1402 1839 diligentia
1421 1788 1586 1822 emen-

139 1855 268 1906 data
286 1872 404 1906 esse.
443 1853 551 1906 Sed
570 1854 788 1907 collatio
808 1854 1164 1924 plurimorum
1182 1854 1428 1905 locorum
1454 1872 1584 1918 cum

141 1938 256 1991 aliis
283 1939 548 2010 exemplis
576 1939 766 1991 docuit
799 1957 904 2001 me,
933 1957 1046 1990 esse
1076 1956 1283 1991 meram
1311 1939 1586 2009 repetitio-

140 2040 266 2075 nem
309 2021 698 2094 Stephanianae
742 2024 989 2095 proxime
1028 2023 1333 2095 superioriS,
1374 2023 1587 2095 quippe
1646 2043 1647 2046 ’

139 2107 307 2160 etiam
355 2108 823 2180 interpunctiones
864 2110 1082 2162 vitiosas
1121 2119 1176 2162 et
1224 2109 1588 2180 perturbatio-

142 2210 238 2244 nes
280 2194 571 2247 verborum
613 2204 804 2248 servat.
886 2195 1084 2267 Reperi
1131 2195 1411 2256 traditum,
1458 2189 1591 2245 eun-

143 2279 270 2332 dem
317 2298 486 2351 opera
527 2280 822 2344 Ciceronis,
864 2281 950 2333 vel
993 2282 1262 2344 universa,
1299 2280 1384 2333 vel
1431 2280 1590 2351 plura

142 2364 374 2419 edidisse
401 2375 528 2420 ante
568 2385 616 2419 a.
653 2371 810 2420 1532.
889 2365 997 2419 Sed
1026 2384 1226 2428 vereor,
1255 2385 1324 2418 ne
1352 2384 1494 2418 error
1533 2366 1591 2419 in

142 2468 371 2503 numero
407 2451 491 2504 sit.
568 2451 636 2503 In
675 2452 782 2504 fine
823 2452 1157 2523 singularum
1201 2451 1442 2522 partium
1485 2450 1591 2503 Le·-

141 2536 349 2589 ctiones
376 2537 539 2589 variae
567 2537 771 2590 additae
799 2547 940 2589 sunt.
1566 2593 1568 2595 ,

217 2622 365 2675 Huic
424 2623 675 2693 proxima
715 2632 798 2676 est
849 2621 1306 2693 splendidissima,
1346 2640 1443 2693 per
1485 2620 1588 2675 Ca-

142 2707 308 2760 rolum
349 2707 674 2778 Stephanum
718 2707 933 2761 Parisiis
973 2727 1021 2760 a.
1067 2712 1225 2761 1554.
1271 2707 1306 2759 f.
1352 2714 1591 2777 quatuor

146 2792 513 2846 voluminibus
560 2794 707 2846 facta
750 2793 935 2847 editio.
1018 2793 1087 2846 Ei
1132 2793 1254 2863 quis
1299 2793 1591 2864 praefuerit,

819 2896 850 2929 c
879 2884 912 2931 2
